id,asn_dn,brand,country,delivered_to_client_date,delivery_recorded_date,dosage,dosage_form,first_line_designation,freight_cost,fulfill_via,item_description,line_item_insurance,line_item_quantity,line_item_value,managed_by,manufacturing_site,molecule_test_type,pack_price,po_sent_to_vendor_date,po_so,pq,pq_first_sent_to_client_date,product_group,project_code,scheduled_delivery_date,shipment_mode,sub_classification,unit_of_measure,unit_price,vendor,vendor_inco_term,weight
84398,DN-3828,Generic,Mozambique,05-Nov-14,07-Nov-14,150/30mg,Tablet - FDC,No,See DN-3828 (ID#:82713),From RDC,"Lamivudine/Stavudine 150/30mg, tablets, 60 Tabs",13.39,5232,13027.68,PMO - US,"Strides, Bangalore, India.",Lamivudine/Stavudine,2.49,N/A - From RDC,SO-47080,FPQ-13123,10/21/13,ARV,111-MZ-T30,29-Aug-14,Truck,Adult,60,0.04,SCMS from RDC,N/A - From RDC,See DN-3828 (ID#:82713)
86703,DN-3788,Generic,Rwanda,13-Aug-14,14-Aug-14,150/300/200mg,Tablet - FDC,Yes,15617.93,From RDC,"Lamivudine/Nevirapine/Zidovudine 150/200/300mg, tablets, 60 Tabs",717.06,86008,697524.88,PMO - US,Hetero Unit III Hyderabad IN,Lamivudine/Nevirapine/Zidovudine,8.11,N/A - From RDC,SO-48800,FPQ-14111,4/22/14,ARV,107-RW-T30,30-Oct-14,Truck,Adult,60,0.14,SCMS from RDC,N/A - From RDC,11117
14820,ASN-13949,Determine,Pakistan,29-Jun-12,29-Jun-12,MIssing,Test kit,Yes,14959.84,Direct Drop,"HIV 1/2, Determine Complete HIV Kit, 100 Tests",239.13,2132,170560.0,PMO - US,"Alere Medical Co., Ltd.","HIV 1/2, Determine Complete HIV Kit",80.0,1/17/12,SCMS-132510,FPQ-9019,12/27/11,HRDT,110-PK-T30,29-Jun-12,Air,HIV test,100,0.8,"Orgenics, Ltd",EXW,1017
14279,ASN-16470,Generic,Tanzania,01-Nov-12,01-Nov-12,600mg,Tablet,Yes,41585.93,Direct Drop,"Efavirenz 600mg, tablets, 30 Tabs",481.38,100986,343352.4,PMO - US,Hetero Unit III Hyderabad IN,Efavirenz,3.4,08-09-12,SCMS-156530,FPQ-10394,7/26/12,ARV,900-TZ-T30,01-Nov-12,Air,Adult,30,0.11,HETERO LABS LIMITED,EXW,10579
83448,DN-1962,Generic,Mozambique,18-Aug-10,18-Aug-10,150/300/200mg,Tablet - FDC,Yes,11134.62,From RDC,"Lamivudine/Nevirapine/Zidovudine 150/200/300mg, tablets, 60 Tabs",1862.65,77000,863940.0,PMO - US,Mylan (formerly Matrix) Nashik,Lamivudine/Nevirapine/Zidovudine,11.22,N/A - From RDC,SO-35740,FPQ-4711,12/23/09,ARV,111-MZ-T30,31-Aug-10,Truck,Adult,60,0.19,SCMS from RDC,N/A - From RDC,12980
53616,ASN-19819,Generic,Haiti,02-Sep-13,02-Sep-13,10mg/ml,Oral solution,No,See ASN-19819 (ID#:13739),Direct Drop,"Lamivudine 10mg/ml, oral solution w/syringe, Bottle, 240 ml",3.42,1932,2762.76,PMO - US,"Aurobindo Unit III, India",Lamivudine,1.43,3/22/13,SCMS-180940,FPQ-11443,02-07-13,ARV,106-HT-T30,02-Sep-13,Ocean,Pediatric,240,0.01,Aurobindo Pharma Limited,EXW,See ASN-19819 (ID#:13739)
36166,ASN-18312,Uni-Gold,South Sudan,22-Mar-13,22-Mar-13,MIssing,Test kit,Yes,1101.91,Direct Drop,"HIV 1/2, Uni-Gold HIV Kit, 20 Tests",1.74,44,1408.0,PMO - US,"Trinity Biotech, Plc","HIV 1/2, Uni-Gold HIV Kit",32.0,01-11-13,SCMS-173100,FPQ-11260,12/17/12,HRDT,900-SS-T30,22-Mar-13,Air,HIV test,20,1.6,"Trinity Biotech, Plc",EXW,14
83507,DN-2250,Aluvia,Benin,30-Jun-11,30-Jun-11,200/50mg,Tablet,Yes,6477.67,From RDC,"Lopinavir/Ritonavir 200/50mg [Aluvia], tablets, 120 Tabs",34.01,611,20615.14,PMO - US,ABBVIE Ludwigshafen Germany,Lopinavir/Ritonavir,33.74,N/A - From RDC,SO-39810,FPQ-7658,5/15/11,ARV,100-BJ-T30,13-Jun-11,Air,Adult,120,0.28,SCMS from RDC,N/A - From RDC,129
84371,DN-3712,Generic,Burundi,25-Jun-14,01-Jul-14,200/50mg,Tablet,No,See DN-3712 (ID#:83795),From RDC,"Lopinavir/Ritonavir 200/50mg, tablets, 120 Tabs",4.12,200,4008.0,PMO - US,Mylan (formerly Matrix) Nashik,Lopinavir/Ritonavir,20.04,N/A - From RDC,SO-47670,FPQ-13627,1/24/14,ARV,102-BI-T30,30-May-14,Air,Adult,120,0.17,SCMS from RDC,N/A - From RDC,See DN-3712 (ID#:83795)
84248,DN-3116,Generic,Zambia,13-May-13,13-May-13,200/300mg,Tablet - FDC,Yes,50626.6,From RDC,"Emtricitabine/Tenofovir Disoproxil Fumarate 200/300mg, tablets, 30 Tabs",524.18,69811,423752.77,PMO - US,Mylan (formerly Matrix) Nashik,Emtricitabine/Tenofovir Disoproxil Fumarate,6.07,N/A - From RDC,SO-44910,FPQ-11969,3/26/13,ARV,110-ZM-T30,28-Jun-13,Air,Adult,30,0.2,SCMS from RDC,N/A - From RDC,7632
85247,DN-2605,Generic,Zimbabwe,10-Apr-12,10-Apr-12,300/300mg,Tablet - FDC,No,See DN-2605 (ID#:82467),From RDC,"Lamivudine/Tenofovir Disoproxil Fumarate 300/300mg, tablets, 30 Tabs",783.32,78082,474738.56,PMO - US,Mylan (formerly Matrix) Nashik,Lamivudine/Tenofovir Disoproxil Fumarate,6.08,N/A - From RDC,SO-40850,FPQ-8464,10-04-11,ARV,113-ZW-T30,13-Apr-12,Truck,Adult,30,0.2,SCMS from RDC,N/A - From RDC,See DN-2605 (ID#:82467)
86634,DN-3505,Generic,Tanzania,19-Feb-14,24-Feb-14,200/50mg,Tablet,No,See DN-3505 (ID#:82627),From RDC,"Lopinavir/Ritonavir 200/50mg, tablets, 120 Tabs",829.76,32753,670781.44,PMO - US,Mylan (formerly Matrix) Nashik,Lopinavir/Ritonavir,20.48,N/A - From RDC,SO-45998,FPQ-12587,07-04-13,ARV,109-TZ-T30,31-Jan-14,Truck,Adult,120,0.17,SCMS from RDC,N/A - From RDC,See DN-3505 (ID#:82627)
85390,DN-3269,Generic,"Congo, DRC",08-Feb-14,11-Mar-14,30/60mg,Tablet - FDC,No,See DN-3269 (ID#:83711),From RDC,"Lamivudine/Zidovudine 30/60mg, tablets, 60 Tabs",3.95,1413,3193.38,PMO - US,"Aurobindo Unit III, India",Lamivudine/Zidovudine,2.26,N/A - From RDC,SO-45030,FPQ-12088,04-12-13,ARV,101-CD-T30,28-Aug-13,Air,Pediatric,60,0.04,SCMS from RDC,N/A - From RDC,See DN-3269 (ID#:83711)
36643,ASN-8381,Generic,South Africa,13-Dec-10,13-Dec-10,300mg,Tablet,Yes,1697.9,Direct Drop,"Zidovudine 300mg, tablets, 60 Tabs",134.02,8366,62159.38,PMO - US,"Aurobindo Unit III, India",Zidovudine,7.43,3/19/10,SCMS-69030,FPQ-5303,3/18/10,ARV,161-ZA-T30,20-Sep-10,Air,Adult,60,0.12,Aurobindo Pharma Limited,DDP,458
84638,DN-2159,Generic,CÃte dIvoire,07-Jun-11,07-Jun-11,200mg,Capsule,Yes,3380.36,From RDC,"Efavirenz 200mg, capsule, 90 Caps",0.42,20,194.2,PMO - US,"Aurobindo Unit III, India",Efavirenz,9.71,N/A - From RDC,SO-38980,FPQ-6144,08-03-10,ARV,104-CI-T30,31-Mar-11,Air,Pediatric,90,0.11,SCMS from RDC,N/A - From RDC,5
82454,DN-2566,Generic,Nigeria,16-Feb-12,16-Feb-12,600/200/300mg,Tablet - FDC,Yes,25231.96,From RDC,"Efavirenz/Emtricitabine/Tenofovir Disoproxil Fumarate 600/200/300mg, tablets, 30 Tabs",628.56,26798,448330.54,PMO - US,Mylan (formerly Matrix) Nashik,Efavirenz/Emtricitabine/Tenofovir Disoproxil Fumarate,16.73,N/A - From RDC,SO-41264,FPQ-8952,12-08-11,ARV,151-NG-T30,20-Jun-12,Air Charter,Adult,30,0.56,SCMS from RDC,N/A - From RDC,3203
12548,DN-917,Generic,Nigeria,24-Sep-08,24-Sep-08,600mg,Tablet,No,See DN-917 (ID#:10745),From RDC,"Efavirenz 600mg, tablets, 30 Tabs",36.7,1957,22936.04,PMO - US,"Aurobindo Unit III, India",Efavirenz,11.72,N/A - From RDC,SO-2728,Pre-PQ Process,Pre-PQ Process,ARV,112-NG-T01,24-Sep-08,Air,Adult,30,0.39,SCMS from RDC,N/A - From RDC,See DN-917 (ID#:10745)
1306,ASN-624,Generic,Vietnam,24-Aug-07,24-Aug-07,150/200/30mg,Tablet - FDC,Yes,21439.59,Direct Drop,"Lamivudine/Nevirapine/Stavudine 150/200/30mg, tablets, 60 Tabs",300,25000,187500.0,PMO - US,"Cipla, Goa, India",Lamivudine/Nevirapine/Stavudine,7.5,02-07-07,SCMS-314,Pre-PQ Process,Pre-PQ Process,ARV,108-VN-T01,24-Aug-07,Air,Adult,60,0.12,CIPLA LIMITED,EXW,2348
84132,DN-2494,Generic,"Congo, DRC",14-Feb-12,14-Feb-12,300mg,Tablet,No,See DN-2494 (ID#:82433),From RDC,"Abacavir 300mg, tablets, 60 Tabs",0.41,20,292.6,PMO - US,Mylan (formerly Matrix) Nashik,Abacavir,14.63,N/A - From RDC,SO-41132,FPQ-8840,11/21/11,ARV,101-CD-T30,16-Mar-12,Air,Adult,60,0.24,SCMS from RDC,N/A - From RDC,See DN-2494 (ID#:82433)
10228,ASN-3561,Generic,Vietnam,07-Apr-09,07-Apr-09,200mg,Tablet,No,See ASN-3561 (ID#:2297),Direct Drop,"Nevirapine 200mg, tablets, 60 Tabs",44.34,7800,22620.0,PMO - US,"Aurobindo Unit III, India",Nevirapine,2.9,1/16/09,SCMS-37160,Pre-PQ Process,Pre-PQ Process,ARV,108-VN-T01,07-Apr-09,Air,Adult,60,0.05,Aurobindo Pharma Limited,EXW,See ASN-3561 (ID#:2297)
82405,DN-2358,Generic,Nigeria,28-Sep-11,28-Sep-11,150/300mg,Tablet - FDC,Yes,18495.9,From RDC,"Lamivudine/Zidovudine 150/300mg, tablets, 60 Tabs",46.97,3446,28463.96,PMO - US,Mylan (formerly Matrix) Nashik,Lamivudine/Zidovudine,8.26,N/A - From RDC,SO-39998,FPQ-7812,06-06-11,ARV,151-NG-T30,03-Nov-11,Air Charter,Adult,60,0.14,SCMS from RDC,N/A - From RDC,6622
35519,ASN-6937,Generic,South Africa,01-Jun-10,01-Jun-10,600mg,Tablet,Yes,6105.83,Direct Drop,"Efavirenz 600mg, tablets, 30 Tabs",543.27,53957,251979.19,PMO - US,"Aurobindo Unit III, India",Efavirenz,4.67,3/19/10,SCMS-68860,FPQ-5303,3/18/10,ARV,161-ZA-T30,01-Jun-10,Air,Adult,30,0.16,Aurobindo Pharma Limited,DDP,4565
57055,ASN-23946,Determine,Nigeria,18-Feb-14,19-Mar-14,MIssing,Test kit,Yes,66059.65,Direct Drop,"HIV 1/2, Determine Complete HIV Kit, 100 Tests",1188.78,10798,961022.0,PMO - US,"Alere Medical Co., Ltd.","HIV 1/2, Determine Complete HIV Kit",89.0,11-01-13,SCMS-210351,FPQ-12812,8/13/13,HRDT,133-NG-T30,18-Feb-14,Air,HIV test,100,0.89,"Orgenics, Ltd",EXW,4388
78361,ASN-29195,Isentress,Haiti,24-Nov-14,24-Nov-14,400mg,Tablet,Yes,Freight Included in Commodity Cost,Direct Drop,"Raltegravir 400mg [Isentress], tablets, 60 Tabs",9.19,161,8935.5,PMO - US,"MSD, Haarlem, NL",Raltegravir,55.5,06-03-14,SCMS-242450,FPQ-14314,5/21/14,ARV,106-HT-T30,24-Nov-14,Air,Adult,60,0.92,MERCK SHARP & DOHME IDEA GMBH (FORMALLY MERCK SHARP & DOHME B.V.),CIP,Weight Captured Separately
6062,ASN-2717,Generic,Namibia,29-Oct-08,29-Oct-08,MIssing,Test kit - Ancillary,No,See ASN-2717 (ID#:791),Direct Drop,"HIV, Lancet, Safety, for HIV Test kits, 100 Pcs",0,150,1.5,PMO - US,Inverness Japan,"HIV, Lancet, Safety, for HIV Test kits, 100 Pcs",0.01,9/24/08,SCMS-31180,Pre-PQ Process,Pre-PQ Process,HRDT,119-NA-T01,29-Oct-08,Air,HIV test - Ancillary,100,0.0,"Orgenics, Ltd",EXW,See ASN-2717 (ID#:791)
10949,DN-722,Aluvia,Tanzania,30-Apr-08,30-Apr-08,200/50mg,Tablet,Yes,3562.4,From RDC,"Lopinavir/Ritonavir 200/50mg [Aluvia], tablets, 120 Tabs",169.66,2580,106038.0,PMO - US,ABBVIE Ludwigshafen Germany,Lopinavir/Ritonavir,41.1,N/A - From RDC,SO-2000,Pre-PQ Process,Pre-PQ Process,ARV,109-TZ-T01,30-Apr-08,MIssing,Adult,120,0.34,SCMS from RDC,N/A - From RDC,559
84752,DN-2835,Generic,Zimbabwe,03-Sep-12,03-Sep-12,200mg,Tablet,Yes,7423.38,From RDC,"Nevirapine 200mg, tablets, 60 Tabs",206.26,60794,147121.48,PMO - US,Mylan (formerly Matrix) Nashik,Nevirapine,2.42,N/A - From RDC,SO-42281,FPQ-9927,5/15/12,ARV,102-ZW-T30,25-Sep-12,Truck,Adult,60,0.04,SCMS from RDC,N/A - From RDC,6003
85136,DN-1966,Generic,Nigeria,17-Aug-10,17-Aug-10,200/300mg,Tablet - FDC,Yes,6147.18,From RDC,"Emtricitabine/Tenofovir Disoproxil Fumarate 200/300mg, tablets, 30 Tabs",76,3000,35250.0,PMO - US,Mylan (formerly Matrix) Nashik,Emtricitabine/Tenofovir Disoproxil Fumarate,11.75,N/A - From RDC,SO-36411,FPQ-5023,02-10-10,ARV,151-NG-T30,09-Aug-10,Air Charter,Adult,30,0.39,SCMS from RDC,N/A - From RDC,270
26686,ASN-15983,Uni-Gold,Botswana,27-Aug-12,27-Aug-12,MIssing,Test kit,Yes,13179.8,Direct Drop,"HIV 1/2, Uni-Gold HIV Kit, 20 Tests",179.46,4000,128000.0,PMO - US,"Trinity Biotech, Plc","HIV 1/2, Uni-Gold HIV Kit",32.0,08-02-12,SCMS-155770,FPQ-10435,7/27/12,HRDT,102-BW-T30,27-Aug-12,Air,HIV test,20,1.6,"Trinity Biotech, Plc",EXW,1315
10792,DN-1400,Generic,CÃte dIvoire,09-Sep-09,09-Sep-09,150/300mg,Tablet - FDC,Yes,3144.57,From RDC,"Lamivudine/Zidovudine 150/300mg, tablets, 60 Tabs",151.5,8824,77298.24,PMO - US,Mylan (formerly Matrix) Nashik,Lamivudine/Zidovudine,8.76,N/A - From RDC,SO-31730,Pre-PQ Process,Date Not Captured,ARV,104-CI-T01,09-Sep-09,Air,Adult,60,0.15,SCMS from RDC,N/A - From RDC,706
19177,ASN-22377,Determine,CÃte dIvoire,13-Nov-13,14-Nov-13,MIssing,Test kit,Yes,24728.57,Direct Drop,"HIV 1/2, Determine Complete HIV Kit, 100 Tests",435.42,4400,352000.0,PMO - US,"Alere Medical Co., Ltd.","HIV 1/2, Determine Complete HIV Kit",80.0,5/21/13,SCMS-188291,FPQ-12133,4/18/13,HRDT,104-CI-T30,13-Nov-13,Air,HIV test,100,0.8,"Orgenics, Ltd",EXW,1033
70138,ASN-28021,Generic,South Africa,28-Aug-14,28-Aug-14,600mg,Tablet,No,Freight Included in Commodity Cost,Direct Drop,"Efavirenz 600mg, tablets, 30 Tabs",1.92,120,1871.52,PMO - US,"Aurobindo Unit III, India",Efavirenz,15.6,8/28/14,SCMS-238553,FPQ-13973,4/30/14,ARV,116-ZA-T30,28-Aug-14,Truck,Adult,30,0.52,PHARMACY DIRECT,DDP,Weight Captured Separately
82726,DN-3872,Generic,Mozambique,27-Oct-14,07-Nov-14,150/300/200mg,Tablet - FDC,Yes,18448.52,From RDC,"Lamivudine/Nevirapine/Zidovudine 150/200/300mg, tablets, 60 Tabs",334.07,40070,324967.7,PMO - US,Mylan (formerly Matrix) Nashik,Lamivudine/Nevirapine/Zidovudine,8.11,N/A - From RDC,SO-47460,FPQ-13394,12-09-13,ARV,111-MZ-T30,30-Sep-14,Truck,Adult,60,0.14,SCMS from RDC,N/A - From RDC,28111
28506,ASN-21668,Generic,Vietnam,25-Sep-13,25-Sep-13,300mg,Tablet,No,See ASN-21668 (ID#:17501),Direct Drop,"Zidovudine 300mg, tablets, 60 Tabs",3.58,503,2892.25,PMO - US,Hetero Unit III Hyderabad IN,Zidovudine,5.75,5/15/13,SCMS-188700,FPQ-12051,05-03-13,ARV,108-VN-T30,25-Sep-13,Air,Adult,60,0.1,HETERO LABS LIMITED,EXW,See ASN-21668 (ID#:17501)
9316,ASN-582,Determine,Nigeria,06-Aug-07,06-Aug-07,MIssing,Test kit,Yes,10879.22,Direct Drop,"HIV 1/2, Determine Complete HIV Kit, 100 Tests",448,3500,280000.0,PMO - US,ABBVIE GmbH & Co.KG Wiesbaden,"HIV 1/2, Determine Complete HIV Kit",80.0,06-06-07,SCMS-694,Pre-PQ Process,Pre-PQ Process,HRDT,102-NG-T01,06-Aug-07,Air,HIV test,100,0.8,Abbott GmbH & Co. KG,EXW,1192
10503,ASN-5365,Determine,Zambia,11-Nov-09,11-Nov-09,MIssing,Test kit,Yes,7513.71,Direct Drop,"HIV 1/2, Determine Complete HIV Kit, 100 Tests",388.08,2500,180000.0,PMO - US,Inverness Japan,"HIV 1/2, Determine Complete HIV Kit",72.0,10-05-09,SCMS-54620,Pre-PQ Process,Pre-PQ Process,HRDT,110-ZM-T01,11-Nov-09,Air,HIV test,100,0.72,"Orgenics, Ltd",EXW,740
85172,DN-2090,Generic,Nigeria,16-Feb-11,16-Feb-11,200/300mg,Tablet - FDC,No,See DN-2090 (ID#:82366),From RDC,"Emtricitabine/Tenofovir Disoproxil Fumarate 200/300mg, tablets, 30 Tabs",1306.38,55488,605928.96,PMO - US,Mylan (formerly Matrix) Nashik,Emtricitabine/Tenofovir Disoproxil Fumarate,10.92,N/A - From RDC,SO-38320,FPQ-6243,8/25/10,ARV,151-NG-T30,22-Feb-11,Air Charter,Adult,30,0.36,SCMS from RDC,N/A - From RDC,See DN-2090 (ID#:82366)
84064,DN-2125,Generic,Zambia,05-Apr-11,05-Apr-11,150/200/30mg,Tablet - FDC,No,See DN-2125 (ID#:82941),From RDC,"Lamivudine/Nevirapine/Stavudine 150/200/30mg, tablets, 60 Tabs",41.45,3355,19224.15,PMO - US,"Strides, Bangalore, India.",Lamivudine/Nevirapine/Stavudine,5.73,N/A - From RDC,SO-37950,FPQ-6221,8/20/10,ARV,110-ZM-T30,31-Mar-11,Truck,Adult,60,0.1,SCMS from RDC,N/A - From RDC,See DN-2125 (ID#:82941)
50438,ASN-30671,Generic,South Africa,12-Feb-15,12-Feb-15,400mg,Delayed-release capsules,No,Freight Included in Commodity Cost,Direct Drop,"Didanosine 400mg, delayed-release capsules, 30 Caps",0.09,6,85.3,PMO - US,"Aurobindo Unit III, India",Didanosine,14.22,02-12-15,SCMS-259073,FPQ-14942,09-11-14,ARV,116-ZA-T30,12-Feb-15,Truck,Adult,30,0.47,PHARMACY DIRECT,DDP,Weight Captured Separately
84102,DN-2283,Generic,Haiti,21-Jul-11,21-Jul-11,200mg,Chewable/dispersible tablet,Yes,1128.54,From RDC,"Didanosine 200mg, chewable/dispersible tablets, 60 Tabs",4.46,180,2700.0,PMO - US,"Aurobindo Unit III, India",Didanosine,15.0,N/A - From RDC,SO-38211,FPQ-6801,12/14/10,ARV,106-HT-T30,19-Jul-11,Air,Pediatric,60,0.25,SCMS from RDC,N/A - From RDC,38
82980,DN-2354,Generic,Nigeria,28-Sep-11,28-Sep-11,300mg,Tablet,Yes,18495.9,From RDC,"Tenofovir Disoproxil Fumarate 300mg, tablets, 30 Tabs",17.36,1639,10522.38,PMO - US,Mylan (formerly Matrix) Nashik,Tenofovir Disoproxil Fumarate,6.42,N/A - From RDC,SO-39995,FPQ-7812,06-06-11,ARV,151-NG-T30,03-Nov-11,Air Charter,Adult,30,0.21,SCMS from RDC,N/A - From RDC,107
7128,ASN-2300,Epivir,South Africa,14-May-08,14-May-08,10mg/ml,Oral solution,No,Freight Included in Commodity Cost,Direct Drop,"Lamivudine 10mg/ml [Epivir], oral solution, Bottle, 240 ml",4.71,470,2942.2,PMO - US,GSK Mississauga (Canada),Lamivudine,6.26,Date Not Captured,SCMS-23500,Pre-PQ Process,Pre-PQ Process,ARV,116-ZA-T01,20-Aug-08,Truck,Pediatric,240,0.03,S. BUYS WHOLESALER,DDP,Weight Captured Separately
37334,ASN-29450,Invirase,South Africa,19-Nov-14,19-Nov-14,200mg,Capsule,No,Freight Included in Commodity Cost,Direct Drop,"Saquinavir 200mg [Invirase], capsules, 270 Caps",3.15,30,2542.45,PMO - US,Roche Madrid,Saquinavir,84.75,8/13/13,SCMS-199310,FPQ-12523,07-12-13,ARV,116-ZA-T30,19-Nov-14,Truck,Adult,270,0.31,S. BUYS WHOLESALER,DDP,Weight Captured Separately
51268,ASN-17646,Determine,Nigeria,17-Jan-13,17-Jan-13,MIssing,Test kit,Yes,25577.15,Direct Drop,"HIV 1/2, Determine Complete HIV Kit, 100 Tests",342.39,2744,244216.0,PMO - US,"Alere Medical Co., Ltd.","HIV 1/2, Determine Complete HIV Kit",89.0,10/16/12,SCMS-162440,FPQ-10765,10-05-12,HRDT,133-NG-T30,09-Jan-13,Air,HIV test,100,0.89,"Orgenics, Ltd",EXW,1235
81726,ASN-20041,Generic,Vietnam,13-Jul-13,13-Jul-13,600/300/300mg,Tablet - FDC,Yes,6973.87,Direct Drop,"Efavirenz/Lamivudine/Tenofovir Disoproxil Fumarate 600/300/300mg, tablets, 30 Tabs",40.72,2865,32918.85,PMO - US,Mylan (formerly Matrix) Nashik,Efavirenz/Lamivudine/Tenofovir Disoproxil Fumarate,11.49,2/13/13,SCMS-177630,FPQ-11560,02-07-13,ARV,108-VN-T30,13-Jul-13,Air,Adult,30,0.38,MYLAN LABORATORIES LTD (FORMERLY MATRIX LABORATORIES),EXW,332
47625,ASN-8703,Generic,South Africa,01-Dec-10,01-Dec-10,300mg,Tablet,Yes,3646.13,Direct Drop,"Tenofovir Disoproxil Fumarate 300mg, tablets, 30 Tabs",914.6,54247,424211.54,PMO - US,"Cipla, Goa, India",Tenofovir Disoproxil Fumarate,7.82,3/19/10,SCMS-68750,FPQ-5303,3/18/10,ARV,161-ZA-T30,13-Oct-10,Air,Adult,30,0.26,CIPLA LIMITED,DDP,3728
82724,DN-3870,Generic,Ethiopia,10-Jul-14,17-Jul-14,60/30mg,Tablet - FDC,Yes,630,From RDC,"Abacavir/Lamivudine 60/30mg, tablets, 60 Tabs",12.91,3071,12560.39,PMO - US,"Aurobindo Unit III, India",Abacavir/Lamivudine,4.09,N/A - From RDC,SO-49230,FPQ-14544,6/30/14,ARV,117-ET-T30,29-Jul-14,Air,Pediatric,60,0.07,SCMS from RDC,N/A - From RDC,115
81450,ASN-18664,Generic,Vietnam,02-Apr-13,02-Apr-13,300mg,Tablet,No,See ASN-18664 (ID#:19406),Direct Drop,"Abacavir 300mg, tablets, 60 Tabs",4.68,293,3779.7,PMO - US,Hetero Unit III Hyderabad IN,Abacavir,12.9,11-07-12,SCMS-164680,FPQ-10811,10/15/12,ARV,108-VN-T30,02-Apr-13,Air,Adult,60,0.22,HETERO LABS LIMITED,EXW,See ASN-18664 (ID#:19406)
82989,DN-2420,Generic,CÃte dIvoire,19-Nov-11,19-Nov-11,600/200/300mg,Tablet - FDC,Yes,3296.34,From RDC,"Efavirenz/Emtricitabine/Tenofovir Disoproxil Fumarate 600/200/300mg, tablets, 30 Tabs",219.49,6678,133025.76,PMO - US,Mylan (formerly Matrix) Nashik,Efavirenz/Emtricitabine/Tenofovir Disoproxil Fumarate,19.92,N/A - From RDC,SO-40750,FPQ-8295,8/25/11,ARV,104-CI-T30,09-Dec-11,Truck,Adult,30,0.66,SCMS from RDC,N/A - From RDC,2244
83024,DN-2616,Generic,Mozambique,10-May-12,10-May-12,150/300/200mg,Tablet - FDC,Yes,19652.22,From RDC,"Lamivudine/Nevirapine/Zidovudine 150/200/300mg, tablets, 60 Tabs",2179.89,117749,1321143.78,PMO - US,Mylan (formerly Matrix) Nashik,Lamivudine/Nevirapine/Zidovudine,11.22,N/A - From RDC,SO-40390,FPQ-8157,08-04-11,ARV,111-MZ-T30,07-May-12,Truck,Adult,60,0.19,SCMS from RDC,N/A - From RDC,28088
11949,DN-1124,Generic,Nigeria,19-Mar-09,19-Mar-09,10mg/ml,Oral solution,No,See DN-1124 (ID#:11620),From RDC,"Lamivudine 10mg/ml, oral solution, Bottle, 240 ml",3.1,833,1582.7,PMO - US,"Aurobindo Unit III, India",Lamivudine,1.9,N/A - From RDC,SO-20960,Pre-PQ Process,Pre-PQ Process,ARV,112-NG-T01,19-Mar-09,Air Charter,Pediatric,240,0.01,SCMS from RDC,N/A - From RDC,See DN-1124 (ID#:11620)
15,ASN-50,Generic,Vietnam,01-Sep-06,01-Sep-06,150mg,Tablet,Yes,16007.06,Direct Drop,"Lamivudine 150mg, tablets, 60 Tabs",MIssing,31920,127360.8,PMO - US,"Ranbaxy, Paonta Shahib, India",Lamivudine,3.99,Date Not Captured,SCMS-78,Pre-PQ Process,Pre-PQ Process,ARV,108-VN-T01,01-Sep-06,Air,Adult,60,0.07,SUN PHARMACEUTICAL INDUSTRIES LTD (RANBAXY LABORATORIES LIMITED),EXW,1855
84980,DN-3941,Generic,Zambia,02-Oct-14,22-Oct-14,300/300mg,Tablet - FDC,Yes,1157.78,From RDC,"Lamivudine/Tenofovir Disoproxil Fumarate 300/300mg, tablets, 30 Tabs",55.74,11536,54219.2,PMO - US,Ranbaxy per Shasun Pharma,Lamivudine/Tenofovir Disoproxil Fumarate,4.7,N/A - From RDC,SO-47207,FPQ-13221,10/31/13,ARV,110-ZM-T30,30-Sep-14,Truck,Adult,30,0.16,SCMS from RDC,N/A - From RDC,1046
17764,ASN-27978,Generic,South Africa,27-Aug-14,27-Aug-14,150/300mg,Tablet - FDC,No,Freight Included in Commodity Cost,Direct Drop,"Lamivudine/Zidovudine 150/300mg, tablets, 60 Tabs",1.88,46,1517.44,PMO - US,Hetero Unit III Hyderabad IN,Lamivudine/Zidovudine,32.99,8/27/14,SCMS-199283,FPQ-12522,07-11-13,ARV,116-ZA-T30,27-Aug-14,Truck,Adult,60,0.55,S. BUYS WHOLESALER,DDP,Weight Captured Separately
12686,DN-304,Generic,Mozambique,21-Sep-07,21-Sep-07,20mg/ml,Oral solution,No,See DN-304 (ID#:10589),From RDC,"Abacavir 20mg/ml, oral solution, Bottle, 240 ml",1.99,59,1241.95,PMO - US,"Aurobindo Unit III, India",Abacavir,21.05,N/A - From RDC,SO-298,Pre-PQ Process,Pre-PQ Process,ARV,111-MZ-T01,21-Sep-07,Air,Pediatric,240,0.09,SCMS from RDC,N/A - From RDC,See DN-304 (ID#:10589)
12676,DN-227,Bioline,CÃte dIvoire,18-Jul-07,18-Jul-07,MIssing,Test kit,Yes,1439,From RDC,"HIV 1/2, Bioline 3.0 Kit, (no accessories), 30 Tests",5.34,167,3340.0,PMO - US,"Standard Diagnostics, Korea","HIV 1/2, Bioline 3.0 Kit (no accessories)",20.0,N/A - From RDC,SO-543,Pre-PQ Process,Pre-PQ Process,HRDT,104-CI-T01,18-Jul-07,MIssing,HIV test,30,0.67,SCMS from RDC,N/A - From RDC,67
82505,DN-2832,Generic,Zambia,07-Sep-12,07-Sep-12,300mg,Tablet,Yes,7317.48,From RDC,"Zidovudine 300mg, tablets, 60 Tabs",181.34,16258,109904.08,PMO - US,Mylan (formerly Matrix) Nashik,Zidovudine,6.76,N/A - From RDC,SO-40956,FPQ-8476,9/27/11,ARV,110-ZM-T30,17-Sep-12,Truck,Adult,60,0.11,SCMS from RDC,N/A - From RDC,2321
50613,ASN-6250,Generic,Vietnam,20-Mar-10,20-Mar-10,300mg,Tablet,No,See ASN-6250 (ID#:17228),Direct Drop,"Tenofovir Disoproxil Fumarate 300mg, tablets, 30 Tabs",24.7,1680,12600.0,PMO - US,Mylan (formerly Matrix) Nashik,Tenofovir Disoproxil Fumarate,7.5,11-03-09,SCMS-56300,FPQ-4265,10/20/09,ARV,108-VN-T30,20-Mar-10,Air,Adult,30,0.25,MYLAN LABORATORIES LTD (FORMERLY MATRIX LABORATORIES),EXW,See ASN-6250 (ID#:17228)
10438,ASN-4446,Generic,Vietnam,03-Aug-09,03-Aug-09,600mg,Tablet,Yes,5761.87,Direct Drop,"Efavirenz 600mg, tablets, 30 Tabs",286.8,22512,146328.0,PMO - US,Mylan (formerly Matrix) Nashik,Efavirenz,6.5,4/29/09,SCMS-45050,Pre-PQ Process,Pre-PQ Process,ARV,108-VN-T01,03-Aug-09,Air,Adult,30,0.22,MYLAN LABORATORIES LTD (FORMERLY MATRIX LABORATORIES),EXW,1775
10576,DN-245,Determine,CÃte dIvoire,31-Jul-07,31-Jul-07,MIssing,Test kit,Yes,9789.07,From RDC,"HIV 1/2, Determine Complete HIV Kit, 100 Tests",0.26,2,160.0,PMO - US,ABBVIE GmbH & Co.KG Wiesbaden,"HIV 1/2, Determine Complete HIV Kit",80.0,N/A - From RDC,SO-781,Pre-PQ Process,Pre-PQ Process,HRDT,104-CI-T01,31-Jul-07,MIssing,HIV test,100,0.8,SCMS from RDC,N/A - From RDC,1
68117,ASN-24433,Generic,South Africa,07-Feb-14,07-Feb-14,150mg,Tablet,No,Freight Included in Commodity Cost,Direct Drop,"Lamivudine 150mg, tablets, 60 Tabs",5.01,415,4049.18,PMO - US,Hetero Unit III Hyderabad IN,Lamivudine,9.76,8/13/13,SCMS-199280,FPQ-12522,07-11-13,ARV,116-ZA-T30,07-Feb-14,Truck,Adult,60,0.16,S. BUYS WHOLESALER,DDP,Weight Captured Separately
57733,ASN-19535,Generic,Haiti,10-Jun-13,10-Jun-13,150/30mg,Tablet - FDC,Yes,1845.9,Direct Drop,"Lamivudine/Stavudine 150/30mg, tablets, 60 Tabs",1.03,336,836.64,PMO - US,Hetero Unit III Hyderabad IN,Lamivudine/Stavudine,2.49,02-05-13,SCMS-176340,FPQ-11286,1/16/13,ARV,106-HT-T30,10-Jun-13,Air,Adult,60,0.04,HETERO LABS LIMITED,EXW,37
1162,ASN-4791,Genie,CÃte dIvoire,15-Sep-09,15-Sep-09,MIssing,Test kit,Yes,8074.03,Direct Drop,"#108853** HIV, Genie II HIV-1/HIV-2 Kit, 40 Tests",215.6,1000,110000.0,PMO - US,Bio-Rad Laboratories,"HIV, Genie II HIV-1/HIV-2 Kit",110.0,4/15/09,SCMS-44130,Pre-PQ Process,Pre-PQ Process,HRDT,104-CI-T01,15-Sep-09,Air,HIV test,40,2.75,BIO-RAD LABORATORIES (FRANCE),EXW,1101
11561,DN-1015,Generic,Zimbabwe,19-Nov-08,19-Nov-08,150/30mg,Tablet - FDC,Yes,29883.7,From RDC,"Lamivudine/Stavudine 150/30mg, tablets, 30 Tabs",31.36,8000,16000.0,PMO - US,"Cipla, Goa, India",Lamivudine/Stavudine,2.0,N/A - From RDC,SO-13991,Pre-PQ Process,Pre-PQ Process,ARV,113-ZW-T01,19-Nov-08,Truck,Adult,30,0.07,SCMS from RDC,N/A - From RDC,8855
10542,DN-5,Generic,Zimbabwe,06-Feb-07,06-Feb-07,600mg,Tablet,Yes,1428.67,From RDC,"Efavirenz 600mg, tablets, 30 Tabs",MIssing,1050,17062.5,PMO - US,"Aurobindo Unit III, India",Efavirenz,16.25,N/A - From RDC,SO-253,Pre-PQ Process,Pre-PQ Process,ARV,113-ZW-T01,06-Feb-07,MIssing,Adult,30,0.54,SCMS from RDC,N/A - From RDC,90
80019,ASN-7427,Norvir,South Africa,11-Jun-10,11-Jun-10,80mg/ml,Oral solution,Yes,Freight Included in Commodity Cost,Direct Drop,"Ritonavir 80mg/ml [Norvir], oral solution, cool, Bottle, 90 ml",0.06,2,28.33,PMO - US,ABBVIE (Abbott) France,Ritonavir,14.16,4/21/10,SCMS-71491,FPQ-5535,4/19/10,ARV,116-ZA-T30,11-Jun-10,Truck,Pediatric,90,0.16,S. BUYS WHOLESALER,DDP,Weight Captured Separately
12233,DN-854,Generic,Zambia,20-Aug-08,20-Aug-08,100mg,Chewable/dispersible tablet,Yes,813.75,From RDC,"Didanosine 100mg, chewable/dispersible tablets, 60 Tabs",44.64,3600,27900.0,PMO - US,"Aurobindo Unit III, India",Didanosine,7.75,N/A - From RDC,SO-2477,Pre-PQ Process,Pre-PQ Process,ARV,110-ZM-T01,20-Aug-08,Truck,Pediatric,60,0.13,SCMS from RDC,N/A - From RDC,750
66323,ASN-8093,Uni-Gold,Mozambique,29-Sep-10,29-Sep-10,MIssing,Test kit,Yes,2572.68,Direct Drop,"HIV 1/2, Uni-Gold HIV Kit, 20 Tests",29.25,424,13568.0,PMO - US,"Trinity Biotech, Plc","HIV 1/2, Uni-Gold HIV Kit",32.0,08-10-10,SCMS-81030,FPQ-5613,6/20/10,HRDT,111-MZ-T30,29-Sep-10,Air,HIV test,20,1.6,"Trinity Biotech, Plc",EXW,145
11092,DN-30,Invirase,CÃte dIvoire,15-Mar-07,15-Mar-07,200mg,Capsule,No,See DN-30 (ID#:11091),From RDC,"Saquinavir 200mg [Invirase], capsules, 270 Caps",MIssing,482,37596.0,PMO - US,Roche Basel,Saquinavir,78.0,N/A - From RDC,SO-373,Pre-PQ Process,Pre-PQ Process,ARV,100-CI-T01,15-Mar-07,MIssing,Adult,270,0.29,SCMS from RDC,N/A - From RDC,See DN-30 (ID#:11091)
13748,ASN-4720,Stat-Pak,CÃte dIvoire,11-Sep-09,11-Sep-09,MIssing,Test kit,Yes,1437.4,Direct Drop,"HIV 1/2, Stat-Pak HIV, Kit, 20 Tests",18.52,350,9450.0,PMO - US,Chembio Diagnostics Sys. Inc.,"HIV 1/2, Stat-Pak HIV, Kit",27.0,07-07-09,SCMS-48620,FPQ-3885,6/19/09,HRDT,104-CI-T30,11-Sep-09,Air,HIV test,20,1.35,"CHEMBIO DIAGNOSTIC SYSTEMS, INC.",EXW,205
61274,ASN-32138,Generic,South Africa,12-May-15,12-May-15,300mg,Tablet,No,Freight Included in Commodity Cost,Direct Drop,"Zidovudine 300mg, tablets, 60 Tabs",0.06,3,54.1,PMO - US,"Aurobindo Unit III, India",Zidovudine,18.03,05-11-15,SCMS-259075,FPQ-14942,09-11-14,ARV,116-ZA-T30,12-May-15,Truck,Adult,60,0.3,PHARMACY DIRECT,DDP,Weight Captured Separately
82508,DN-2846,Generic,Zambia,07-Sep-12,07-Sep-12,150mg,Tablet,Yes,7317.47,From RDC,"Lamivudine 150mg, tablets, 60 Tabs",189.41,57984,135102.72,PMO - US,Hetero Unit III Hyderabad IN,Lamivudine,2.33,N/A - From RDC,SO-41840,FPQ-9552,3/29/12,ARV,110-ZM-T30,31-Oct-12,Truck,Adult,60,0.04,SCMS from RDC,N/A - From RDC,3144
83421,DN-1794,Generic,Nigeria,18-May-10,18-May-10,150/300/200mg,Tablet - FDC,Yes,9736.1,From RDC,"Lamivudine/Nevirapine/Zidovudine 150/200/300mg, tablets, 60 Tabs",52.25,2160,24235.2,PMO - US,Mylan (formerly Matrix) Nashik,Lamivudine/Nevirapine/Zidovudine,11.22,N/A - From RDC,SO-36008,FPQ-4537,11-06-09,ARV,151-NG-T30,31-May-10,Air Charter,Adult,60,0.19,SCMS from RDC,N/A - From RDC,5552
54986,ASN-12331,Stat-Pak,Nigeria,12-Oct-11,12-Oct-11,MIssing,Test kit,Yes,2162.26,Direct Drop,"HIV 1/2, Stat-Pak HIV, Kit, 20 Tests",62.25,1301,37729.0,PMO - US,Chembio Diagnostics Sys. Inc.,"HIV 1/2, Stat-Pak HIV, Kit",29.0,5/18/11,SCMS-108730,FPQ-7634,4/28/11,HRDT,133-NG-T30,12-Oct-11,Air,HIV test,20,1.45,"CHEMBIO DIAGNOSTIC SYSTEMS, INC.",EXW,376
12809,DN-630,Generic,Ethiopia,06-Mar-08,06-Mar-08,150mg,Tablet,Yes,9742,From RDC,"Lamivudine 150mg, tablets, 60 Tabs",150.17,30874,93856.96,PMO - US,"Ranbaxy, Paonta Shahib, India",Lamivudine,3.04,N/A - From RDC,SO-1536,Pre-PQ Process,Pre-PQ Process,ARV,117-ET-T01,01-Feb-08,Air,Adult,60,0.05,SCMS from RDC,N/A - From RDC,1822
57902,ASN-5781,Videx,CÃte dIvoire,15-Jan-10,15-Jan-10,50mg,Chewable/dispersible tablet,Yes,570.75,Direct Drop,"Didanosine 50mg [Videx], chewable tablets, 60 Tabs",7.19,386,3667.0,PMO - US,"BMS Meymac, France",Didanosine,9.5,11-02-09,SCMS-52691,FPQ-3967,8/21/09,ARV,104-CI-T30,15-Jan-10,Air,Pediatric,60,0.16,BRISTOL-MYERS SQUIBB,CIP,78
82899,DN-1915,Generic,Nigeria,28-Jun-10,28-Jun-10,300mg,Tablet,Yes,Freight Included in Commodity Cost,From RDC,"Zidovudine 300mg, tablets, 60 Tabs",48.51,3000,22500.0,PMO - US,"Aurobindo Unit III, India",Zidovudine,7.5,N/A - From RDC,SO-36502,FPQ-5023,02-10-10,ARV,151-NG-T30,15-Jul-10,Air,Adult,60,0.12,SCMS from RDC,N/A - From RDC,165
21028,ASN-28037,Generic,South Africa,29-Aug-14,29-Aug-14,400mg,Delayed-release capsules,No,Freight Included in Commodity Cost,Direct Drop,"Didanosine 400mg, delayed-release capsules, 30 Caps",0.62,23,499.23,PMO - US,"Aurobindo Unit III, India",Didanosine,21.71,8/29/14,SCMS-199289,FPQ-12522,07-11-13,ARV,116-ZA-T30,29-Aug-14,Truck,Adult,30,0.72,S. BUYS WHOLESALER,DDP,Weight Captured Separately
58393,ASN-11632,Bioline,Liberia,15-Aug-11,15-Aug-11,MIssing,Test kit,Yes,871.3,Direct Drop,"HIV 1/2, Bioline 3.0 Kit, Lancets, Capillary pipets, Alcohol swabs included, 25 Tests",3.3,100,2000.0,PMO - US,"Standard Diagnostics, Korea","HIV 1/2, Bioline 3.0 Kit, Lancets, Capillary pipets, Alcohol swabs included",20.0,7/20/11,SCMS-115330,FPQ-7996,07-12-11,HRDT,900-LR-T30,15-Aug-11,Air,HIV test,25,0.8,"Standard Diagnostics, Inc.",EXW,34
86375,DN-2151,Generic,Tanzania,31-Mar-11,31-Mar-11,600mg,Tablet,No,See DN-2151 (ID#:84068),From RDC,"Efavirenz 600mg, tablets, 30 Tabs",193.36,27769,117185.18,PMO - US,Hetero Unit III Hyderabad IN,Efavirenz,4.22,N/A - From RDC,SO-39010,FPQ-7347,03-07-11,ARV,109-TZ-T30,07-Apr-11,Air,Adult,30,0.14,SCMS from RDC,N/A - From RDC,See DN-2151 (ID#:84068)
83603,DN-2739,Generic,Mozambique,22-Aug-12,22-Aug-12,300mg,Tablet,Yes,6483.81,From RDC,"Zidovudine 300mg, tablets, 60 Tabs",241.43,24530,172200.6,PMO - US,Mylan (formerly Matrix) Nashik,Zidovudine,7.02,N/A - From RDC,SO-41750,FPQ-9506,3/16/12,ARV,111-MZ-T30,02-Oct-12,Truck,Adult,60,0.12,SCMS from RDC,N/A - From RDC,1380
37775,ASN-6124,Generic,South Africa,27-Jan-10,27-Jan-10,30mg,Capsule,Yes,Freight Included in Commodity Cost,Direct Drop,"Stavudine 30mg, capsules, 60 Caps",72.46,8000,36968.24,PMO - US,"Aurobindo Unit III, India",Stavudine,4.62,9/22/09,SCMS-50372,FPQ-3596,05-07-09,ARV,116-ZA-T30,27-Jan-10,Truck,Adult,60,0.08,S. BUYS WHOLESALER,DDP,Weight Captured Separately
84231,DN-3033,Generic,Zimbabwe,14-Mar-13,14-Mar-13,150/300mg,Tablet - FDC,No,See DN-3033 (ID#:83658),From RDC,"Lamivudine/Zidovudine 150/300mg, tablets, 60 Tabs",43.17,4800,34896.0,PMO - US,"Aurobindo Unit III, India",Lamivudine/Zidovudine,7.27,N/A - From RDC,SO-43580,FPQ-10895,10/25/12,ARV,113-ZW-T30,31-Mar-13,Truck,Adult,60,0.12,SCMS from RDC,N/A - From RDC,See DN-3033 (ID#:83658)
11558,DN-766,Generic,Tanzania,10-Jul-08,10-Jul-08,150mg,Tablet,Yes,4152.56,From RDC,"Lamivudine 150mg, tablets, 60 Tabs",52.85,11352,33034.32,PMO - US,"Aurobindo Unit III, India",Lamivudine,2.91,N/A - From RDC,SO-2721,Pre-PQ Process,Pre-PQ Process,ARV,109-TZ-T01,10-Jul-08,Air,Adult,60,0.05,SCMS from RDC,N/A - From RDC,572
14018,ASN-30093,Generic,Haiti,12-Feb-15,13-Feb-15,150/300mg,Tablet - FDC,Yes,34778.32,Direct Drop,"Lamivudine/Zidovudine 150/300mg, tablets, 60 Tabs",343.45,50544,334095.84,PMO - US,"Hetero, Jadcherla, unit 5, IN",Lamivudine/Zidovudine,6.61,11/14/14,SCMS-261060,FPQ-14895,9/24/14,ARV,106-HT-T30,12-Feb-15,Air,Adult,60,0.11,HETERO LABS LIMITED,EXW,4669
63939,ASN-12707,Stat-Pak,CÃte dIvoire,01-Dec-11,01-Dec-11,MIssing,Test kit,Yes,1128.74,Direct Drop,"HIV 1/2, Stat-Pak HIV, Kit, 20 Tests",7.99,167,4843.0,PMO - US,Chembio Diagnostics Sys. Inc.,"HIV 1/2, Stat-Pak HIV, Kit",29.0,10-05-11,SCMS-124110,FPQ-8209,08-11-11,HRDT,104-CI-T30,01-Dec-11,Air,HIV test,20,1.45,"CHEMBIO DIAGNOSTIC SYSTEMS, INC.",EXW,50
43635,ASN-23647,Generic,Vietnam,13-Jun-14,31-Jul-14,600/300/300mg,Tablet - FDC,Yes,2689.85,Direct Drop,"Efavirenz/Lamivudine/Tenofovir Disoproxil Fumarate 600/300/300mg, tablets, 30 Tabs",191.81,13907,155063.05,PMO - US,Mylan (formerly Matrix) Nashik,Efavirenz/Lamivudine/Tenofovir Disoproxil Fumarate,11.15,08-02-13,SCMS-199820,FPQ-12539,07-11-13,ARV,108-VN-T30,13-Jun-14,Air,Adult,30,0.37,MYLAN LABORATORIES LTD (FORMERLY MATRIX LABORATORIES),EXW,1578
2399,ASN-3628,Generic,Haiti,02-Apr-09,02-Apr-09,100mg,Capsule,Yes,1903.54,Direct Drop,"Zidovudine 100mg, capsules, 100 Caps",20.58,2100,10500.0,PMO - US,"Aurobindo Unit III, India",Zidovudine,5.0,03-06-09,SCMS-39970,Pre-PQ Process,Pre-PQ Process,ARV,106-HT-T01,02-Apr-09,Air,Pediatric,100,0.05,Aurobindo Pharma Limited,EXW,187
85556,DN-4114,Generic,Zimbabwe,04-Feb-15,16-Feb-15,200mg,Capsule,Yes,251.42,From RDC,"Efavirenz 200mg, capsule, 90 Caps",18.03,3969,17542.98,PMO - US,"Micro labs, Verna, Goa, India",Efavirenz,4.42,N/A - From RDC,SO-48460,FPQ-13967,04-02-14,ARV,103-ZW-T30,16-Feb-15,Truck,Pediatric,90,0.05,SCMS from RDC,N/A - From RDC,561
83731,DN-3370,Generic,Nigeria,14-Oct-13,24-Oct-13,150/300/200mg,Tablet - FDC,Yes,20225.07,From RDC,"Lamivudine/Nevirapine/Zidovudine 150/200/300mg, tablets, 60 Tabs",127.36,12000,102960.0,PMO - US,"Cipla, Goa, India",Lamivudine/Nevirapine/Zidovudine,8.58,N/A - From RDC,SO-44934,FPQ-11864,3/14/13,ARV,151-NG-T30,31-Oct-13,Air Charter,Adult,60,0.14,SCMS from RDC,N/A - From RDC,1749
85735,DN-2101,Generic,Nigeria,16-Feb-11,16-Feb-11,300mg,Tablet,Yes,43548,From RDC,"Tenofovir Disoproxil Fumarate 300mg, tablets, 30 Tabs",42.49,3000,19710.0,PMO - US,"Aurobindo Unit III, India",Tenofovir Disoproxil Fumarate,6.57,N/A - From RDC,SO-38390,FPQ-6243,8/25/10,ARV,151-NG-T30,17-Feb-11,Air Charter,Adult,30,0.22,SCMS from RDC,N/A - From RDC,2252
71917,ASN-24719,Colloidal Gold,Rwanda,27-Mar-14,08-May-14,MIssing,Test kit,Yes,26266.34,Direct Drop,"HIV 1/2, SKB Colloidal Gold, Diagnostic Kit, Antibody, 50 Tests",90.56,2988,73206.0,PMO - US,"KHB Test Kit Facility, Shanghai China","HIV 1/2, Colloidal Gold, Diagnostic Kit, Antibody",24.5,08-12-13,SCMS-198222,FPQ-12518,6/21/13,HRDT,107-RW-T30,27-Mar-14,Air,HIV test,1,24.5,"SHANGHAI KEHUA BIOENGINEERING CO.,LTD.  (KHB)",EXW,1992
20417,ASN-33851,Generic,South Africa,24-Aug-15,24-Aug-15,600mg,Tablet,Yes,Freight Included in Commodity Cost,Direct Drop,"Efavirenz 600mg, tablets, 30 Tabs",0.52,42,507.93,PMO - US,"Aurobindo Unit III, India",Efavirenz,12.09,10-09-14,SCMS-259079,FPQ-14942,09-11-14,ARV,116-ZA-T30,24-Aug-15,Truck,Adult,30,0.4,PHARMACY DIRECT,DDP,Weight Captured Separately
82567,DN-3100,Generic,South Sudan,26-Apr-13,26-Apr-13,300mg,Tablet,Yes,1740.47,From RDC,"Zidovudine 300mg, tablets, 60 Tabs",38.13,4560,30825.6,PMO - US,"Aurobindo Unit III, India",Zidovudine,6.76,N/A - From RDC,SO-44101,FPQ-11272,12/17/12,ARV,900-SS-T30,30-Apr-13,Air,Adult,60,0.11,SCMS from RDC,N/A - From RDC,230
10908,DN-435,Truvada,Uganda,10-Dec-07,10-Dec-07,300/200mg,Tablet - FDC,Yes,3393,From RDC,"Emtricitabine/Tenofovir Disoproxil Fumarate 200/300mg [Truvada], tablets, 30 Tabs",1.76,42,1102.5,PMO - US,Gilead(Nycomed) Oranienburg DE,Emtricitabine/Tenofovir Disoproxil Fumarate,26.25,N/A - From RDC,SO-1300,Pre-PQ Process,Pre-PQ Process,ARV,114-UG-T01,10-Dec-07,Air,Adult,30,0.88,SCMS from RDC,N/A - From RDC,464
22616,ASN-13054,Generic,South Africa,16-Jan-12,16-Jan-12,600mg,Tablet,Yes,7292.26,Direct Drop,"Efavirenz 600mg, tablets, 30 Tabs",904.07,128620,547921.2,PMO - US,"Aurobindo Unit III, India",Efavirenz,4.26,9/30/11,SCMS-123590,FPQ-7175,03-10-11,ARV,161-ZA-T30,16-Jan-12,Ocean,Adult,30,0.14,Aurobindo Pharma Limited,DDP,10643
12665,DN-248,Kaletra,Rwanda,26-Jul-07,26-Jul-07,80/20mg/ml,Oral solution,Yes,661.06,From RDC,"Lopinavir/Ritonavir 80/20mg/ml [Kaletra], oral solution, cool, Bottle 5 x 60 ml",3.29,50,2055.0,PMO - US,ABBVIE (Abbott) Logis. UK,Lopinavir/Ritonavir,41.1,N/A - From RDC,SO-489,Pre-PQ Process,Pre-PQ Process,ARV,107-RW-T01,26-Jul-07,Air,Pediatric,300,0.14,SCMS from RDC,N/A - From RDC,50
12179,DN-840,Generic,Nigeria,03-Aug-08,03-Aug-08,30mg,Capsule,Yes,10575.63,From RDC,"Stavudine 30mg, capsules, 60 Caps",2.11,850,1317.5,PMO - US,"Aurobindo Unit III, India",Stavudine,1.55,N/A - From RDC,SO-10030,Pre-PQ Process,Pre-PQ Process,ARV,112-NG-T01,03-Aug-08,Air,Adult,60,0.03,SCMS from RDC,N/A - From RDC,555
1246,ASN-7,OraQuick,CÃte dIvoire,14-Jul-06,14-Jul-06,MIssing,Test kit,Yes,1039.5,Direct Drop,"HIV 1/2, OraQuick Advance HIV Rapid Antibody Kit, 100 Tests",MIssing,6,2400.0,PMO - US,"Pacific Biotech, Thailand","HIV 1/2, OraQuick Advance HIV Rapid Antibody Kit",400.0,Date Not Captured,SCMS-5,Pre-PQ Process,Pre-PQ Process,HRDT,104-CI-T01,14-Jul-06,Air,HIV test,100,4.0,Orasure Technologies Inc.,EXW,15
11713,DN-52,Generic,CÃte dIvoire,04-May-07,04-May-07,600mg,Tablet,Yes,3026,From RDC,"Efavirenz 600mg, tablets, 30 Tabs",MIssing,10000,162500.0,PMO - US,"Aurobindo Unit III, India",Efavirenz,16.25,N/A - From RDC,SO-391,Pre-PQ Process,Pre-PQ Process,ARV,100-CI-T01,04-May-07,MIssing,Adult,30,0.54,SCMS from RDC,N/A - From RDC,910
30211,ASN-15941,Generic,Rwanda,22-Aug-12,22-Aug-12,400mg,Delayed-release capsules,Yes,3024.36,Direct Drop,"Didanosine 400mg, delayed-release capsules, 30 Caps",28.26,1008,20160.0,PMO - US,"Aurobindo Unit III, India",Didanosine,20.0,07-04-12,SCMS-152020,FPQ-9217,2/13/12,ARV,107-RW-T30,22-Aug-12,Air,Adult,30,0.67,Aurobindo Pharma Limited,EXW,213
85564,DN-4152,Generic,Mozambique,10-Apr-15,20-Apr-15,200mg,Tablet,Yes,3644.18,From RDC,"Nevirapine 200mg, tablets, 60 Tabs",3.59,1400,3052.0,PMO - US,"Strides, Bangalore, India.",Nevirapine,2.18,N/A - From RDC,SO-50131,FPQ-15195,10/17/14,ARV,111-MZ-T30,31-Mar-15,Truck,Adult,60,0.04,SCMS from RDC,N/A - From RDC,4355
11107,DN-137,Generic,Mozambique,01-Jun-07,01-Jun-07,600mg,Tablet,Yes,2912.01,From RDC,"Efavirenz 600mg, tablets, 30 Tabs",MIssing,25003,418800.25,PMO - US,"Aurobindo Unit III, India",Efavirenz,16.75,N/A - From RDC,SO-545,Pre-PQ Process,Pre-PQ Process,ARV,111-MZ-T01,01-Jun-07,Air,Adult,30,0.56,SCMS from RDC,N/A - From RDC,2177
11732,DN-169,Generic,Tanzania,06-Jul-07,06-Jul-07,600mg,Tablet,Yes,6834,From RDC,"Efavirenz 600mg, tablets, 30 Tabs",MIssing,28665,466092.9,PMO - US,"Aurobindo Unit III, India",Efavirenz,16.26,N/A - From RDC,SO-632,Pre-PQ Process,Pre-PQ Process,ARV,109-TZ-T01,06-Jul-07,Air,Adult,30,0.54,SCMS from RDC,N/A - From RDC,2515
12131,DN-475,Generic,Nigeria,03-Dec-07,03-Dec-07,10mg/ml,Oral solution,No,See DN-475 (ID#:10642),From RDC,"Lamivudine 10mg/ml, oral solution, Bottle, 240 ml",5.32,1283,3322.97,PMO - US,"Cipla, Goa, India",Lamivudine,2.59,N/A - From RDC,SO-567,Pre-PQ Process,Pre-PQ Process,ARV,112-NG-T01,03-Dec-07,Air,Pediatric,240,0.01,SCMS from RDC,N/A - From RDC,See DN-475 (ID#:10642)
83284,DN-3977,Generic,Guyana,26-Nov-14,02-Dec-14,200/50mg,Tablet,Yes,6001.52,From RDC,"Lopinavir/Ritonavir 200/50mg, tablets, 120 Tabs",36.76,1819,35761.54,PMO - US,Mylan (formerly Matrix) Nashik,Lopinavir/Ritonavir,19.66,N/A - From RDC,SO-49360,FPQ-14650,7/18/14,ARV,105-GY-T30,31-Dec-14,Air,Adult,120,0.16,SCMS from RDC,N/A - From RDC,473
74697,ASN-12787,Generic,Vietnam,22-Nov-11,22-Nov-11,300mg,Tablet,Yes,4388.84,Direct Drop,"Abacavir 300mg, tablets, 60 Tabs",9.75,408,5911.92,PMO - US,Mylan (formerly Matrix) Nashik,Abacavir,14.49,07-07-11,SCMS-113650,FPQ-7898,6/27/11,ARV,108-VN-T30,22-Nov-11,Air,Adult,60,0.24,MYLAN LABORATORIES LTD (FORMERLY MATRIX LABORATORIES),EXW,42
670,ASN-2641,Determine,Zambia,20-Oct-08,20-Oct-08,MIssing,Test kit,Yes,11062.05,Direct Drop,"HIV 1/2, Determine HIV Kit, without Lancets, 100 Tests",634.95,4500,323955.0,PMO - US,Inverness Japan,"HIV 1/2, Determine HIV Kit, without Lancets",71.99,7/31/08,SCMS-27790,Pre-PQ Process,Pre-PQ Process,HRDT,110-ZM-T01,20-Oct-08,Air,HIV test,100,0.72,"Orgenics, Ltd",EXW,1053
48236,ASN-27979,Generic,South Africa,27-Aug-14,27-Aug-14,20mg/ml,Oral solution,No,Freight Included in Commodity Cost,Direct Drop,"Abacavir 20mg/ml, oral solution w/syringe, Bottle, 240 ml",1.22,36,987.14,PMO - US,"Aurobindo Unit III, India",Abacavir,27.42,8/27/14,SCMS-199283,FPQ-12522,07-11-13,ARV,116-ZA-T30,27-Aug-14,Truck,Pediatric,240,0.11,S. BUYS WHOLESALER,DDP,Weight Captured Separately
56957,ASN-24394,Generic,Vietnam,23-Apr-14,23-Apr-14,300mg,Tablet,No,See ASN-24394 (ID#:16053),Direct Drop,"Abacavir 300mg, tablets, 60 Tabs",7.99,564,6457.8,PMO - US,Hetero Unit III Hyderabad IN,Abacavir,11.45,10-10-13,SCMS-210120,FPQ-13034,10-04-13,ARV,108-VN-T30,23-Apr-14,Air,Adult,60,0.19,HETERO LABS LIMITED,EXW,See ASN-24394 (ID#:16053)
16084,ASN-31070,Generic,South Africa,09-Mar-15,09-Mar-15,250mg,Delayed-release capsules,No,Freight Included in Commodity Cost,Direct Drop,"Didanosine 250mg, delayed-release capsules, 30 Caps",0.01,1,11.02,PMO - US,"Aurobindo Unit III, India",Didanosine,11.02,03-09-15,SCMS-259074,FPQ-14942,09-11-14,ARV,116-ZA-T30,09-Mar-15,Truck,Adult,30,0.37,PHARMACY DIRECT,DDP,Weight Captured Separately
84830,DN-3227,Generic,Cameroon,31-Jul-13,31-Jul-13,150/300/200mg,Tablet - FDC,No,See DN-3227 (ID#:82589),From RDC,"Lamivudine/Nevirapine/Zidovudine 150/200/300mg, tablets, 60 Tabs",742.94,70000,600600.0,PMO - US,"Aurobindo Unit III, India",Lamivudine/Nevirapine/Zidovudine,8.58,N/A - From RDC,SO-45820,FPQ-12520,6/21/13,ARV,901-CM-T30,22-Jul-13,Air Charter,Adult,60,0.14,SCMS from RDC,N/A - From RDC,See DN-3227 (ID#:82589)
30349,ASN-21846,Uni-Gold,Zambia,20-Nov-13,21-Nov-13,MIssing,Test kit,Yes,17507.94,Direct Drop,"HIV 1/2, Uni-Gold HIV Kit, 20 Tests",178.13,4500,144000.0,PMO - US,"Trinity Biotech, Plc","HIV 1/2, Uni-Gold HIV Kit",32.0,09-11-13,SCMS-205510,FPQ-12845,8/20/13,HRDT,110-ZM-T30,20-Nov-13,Air,HIV test,20,1.6,"Trinity Biotech, Plc",EXW,1353
86314,DN-1900,Generic,Nigeria,28-Jun-10,28-Jun-10,600mg,Tablet,Yes,Freight Included in Commodity Cost,From RDC,"Efavirenz 600mg, tablets, 30 Tabs",99.18,10000,46000.0,PMO - US,"Aurobindo Unit III, India",Efavirenz,4.6,N/A - From RDC,SO-36442,FPQ-5023,02-10-10,ARV,151-NG-T30,15-Jul-10,Air,Adult,30,0.15,SCMS from RDC,N/A - From RDC,857
83339,DN-4288,Generic,Zambia,13-Jul-15,13-Jul-15,600/300/300mg,Tablet - FDC,Yes,23688.4,From RDC,"Efavirenz/Lamivudine/Tenofovir Disoproxil Fumarate 600/300/300mg, tablets, 30 Tabs",422.5,42812,410995.2,PMO - US,Mylan (formerly Matrix) Nashik,Efavirenz/Lamivudine/Tenofovir Disoproxil Fumarate,9.6,N/A - From RDC,SO-49623,FPQ-14784,08-12-14,ARV,110-ZM-T30,30-Jun-15,Truck,Adult,30,0.32,SCMS from RDC,N/A - From RDC,4875
84389,DN-3817,Generic,Guyana,29-Aug-14,08-Sep-14,200/300mg,Tablet - FDC,No,See DN-3817 (ID#:83822),From RDC,"Emtricitabine/Tenofovir Disoproxil Fumarate 200/300mg, tablets, 30 Tabs",13.21,2238,12846.12,PMO - US,"Aurobindo Unit III, India",Emtricitabine/Tenofovir Disoproxil Fumarate,5.74,N/A - From RDC,SO-48510,FPQ-14042,04-09-14,ARV,105-GY-T30,30-Sep-14,Air,Adult,30,0.19,SCMS from RDC,N/A - From RDC,See DN-3817 (ID#:83822)
86632,DN-3432,Generic,Zambia,24-Jan-14,31-Jan-14,600/200/300mg,Tablet - FDC,No,See DN-3432 (ID#:83739),From RDC,"Efavirenz/Emtricitabine/Tenofovir Disoproxil Fumarate 600/200/300mg, tablets, 30 Tabs",36.88,2424,29815.2,PMO - US,Mylan (formerly Matrix) Nashik,Efavirenz/Emtricitabine/Tenofovir Disoproxil Fumarate,12.3,N/A - From RDC,SO-45080,FPQ-12066,4/19/13,ARV,110-ZM-T30,24-Jan-14,Truck,Adult,30,0.41,SCMS from RDC,N/A - From RDC,See DN-3432 (ID#:83739)
5042,ASN-3624,Generic,South Africa,23-Dec-08,23-Dec-08,600mg,Tablet,No,Freight Included in Commodity Cost,Direct Drop,"Efavirenz 600mg, tablets, 30 Tabs",201.11,6215,102609.65,PMO - US,"Aurobindo Unit III, India",Efavirenz,16.51,Date Not Captured,SCMS-41060,Pre-PQ Process,Pre-PQ Process,ARV,116-ZA-T01,05-May-09,Air,Adult,30,0.55,S. BUYS WHOLESALER,DDP,Weight Captured Separately
10755,DN-933,Generic,Mozambique,14-Nov-08,14-Nov-08,150/300mg,Tablet - FDC,Yes,3874.22,From RDC,"Lamivudine/Zidovudine 150/300mg, tablets, 60 Tabs",54.93,3672,34333.2,PMO - US,"Aurobindo Unit III, India",Lamivudine/Zidovudine,9.35,N/A - From RDC,SO-15090,Pre-PQ Process,Pre-PQ Process,ARV,111-MZ-T01,14-Nov-08,Air,Adult,60,0.16,SCMS from RDC,N/A - From RDC,3427
84062,DN-2118,Generic,Zambia,25-Feb-11,25-Feb-11,200/300mg,Tablet - FDC,Yes,16482.05,From RDC,"Emtricitabine/Tenofovir Disoproxil Fumarate 200/300mg, tablets, 30 Tabs",3060.61,129998,1419578.16,PMO - US,Mylan (formerly Matrix) Nashik,Emtricitabine/Tenofovir Disoproxil Fumarate,10.92,N/A - From RDC,SO-38110,FPQ-6221,8/20/10,ARV,110-ZM-T30,10-Mar-11,Truck,Adult,30,0.36,SCMS from RDC,N/A - From RDC,11115
7741,ASN-4180,Kaletra,South Africa,14-Apr-09,14-Apr-09,80/20mg/ml,Oral solution,Yes,Freight Included in Commodity Cost,Direct Drop,"Lopinavir/Ritonavir 80/20mg/ml [Kaletra], oral solution, cool, Bottle 5 x 60 ml",31.03,440,15831.2,PMO - US,ABBVIE (Abbott) Logis. UK,Lopinavir/Ritonavir,35.98,3/18/09,SCMS-41440,Pre-PQ Process,Pre-PQ Process,ARV,116-ZA-T01,14-Apr-09,Truck,Pediatric,300,0.12,S. BUYS WHOLESALER,DDP,Weight Captured Separately
49875,ASN-17743,Determine,Haiti,20-Dec-12,20-Dec-12,MIssing,Test kit,Yes,Freight Included in Commodity Cost,Direct Drop,"HIV 1/2, Determine Complete HIV Kit, 100 Tests",576.44,4000,466000.0,PMO - US,"Alere Medical Co., Ltd.","HIV 1/2, Determine Complete HIV Kit",116.5,12-05-12,SCMS-168390,FPQ-10944,11/16/12,HRDT,106-HT-T30,20-Dec-12,Air,HIV test,100,1.16,REINBOLD EXPORT IMPORT,DAP,Weight Captured Separately
84169,DN-2656,Generic,Zimbabwe,25-May-12,25-May-12,150/300mg,Tablet - FDC,No,See DN-2656 (ID#:83032),From RDC,"Lamivudine/Zidovudine 150/300mg, tablets, 60 Tabs",42.94,3345,26024.1,PMO - US,Mylan (formerly Matrix) Nashik,Lamivudine/Zidovudine,7.78,N/A - From RDC,SO-40870,FPQ-8464,10-04-11,ARV,113-ZW-T30,12-Jun-12,Truck,Adult,60,0.13,SCMS from RDC,N/A - From RDC,See DN-2656 (ID#:83032)
84755,DN-2853,Generic,Rwanda,26-Oct-12,26-Oct-12,200/50mg,Tablet,No,See DN-2853 (ID#:83080),From RDC,"Lopinavir/Ritonavir 200/50mg, tablets, 120 Tabs",40.15,965,28641.2,PMO - US,Mylan (formerly Matrix) Nashik,Lopinavir/Ritonavir,29.68,N/A - From RDC,SO-42140,FPQ-9888,05-11-12,ARV,107-RW-T30,26-Oct-12,Air,Adult,120,0.25,SCMS from RDC,N/A - From RDC,See DN-2853 (ID#:83080)
35749,ASN-13058,Generic,South Africa,24-Jan-12,24-Jan-12,10mg/ml,Oral suspension,Yes,461.5,Direct Drop,"Nevirapine 10mg/ml, oral suspension w/syringe, Bottle, 240 ml",71.22,19098,43161.48,PMO - US,"Aurobindo Unit III, India",Nevirapine,2.26,3/24/11,SCMS-103450,FPQ-7175,03-10-11,ARV,161-ZA-T30,13-Oct-11,Ocean,Pediatric,240,0.01,Aurobindo Pharma Limited,DDP,6876
82971,DN-2318,Generic,Zimbabwe,23-Sep-11,23-Sep-11,200mg,Delayed-release capsules,Yes,909.15,From RDC,"Didanosine 200mg, delayed-release capsules, 30 Caps",1.21,51,561.0,PMO - US,"Aurobindo Unit III, India",Didanosine,11.0,N/A - From RDC,SO-38900,FPQ-6483,10/13/10,ARV,200-ZW-T30,30-Sep-11,Truck,Pediatric,30,0.37,SCMS from RDC,N/A - From RDC,6
12058,DN-144,Uni-Gold,Tanzania,06-Jul-07,06-Jul-07,MIssing,Test kit,Yes,2297,From RDC,"HIV 1/2, Uni-Gold HIV Kit, 20 Tests",MIssing,100,3200.0,PMO - US,"Trinity Biotech, Plc","HIV 1/2, Uni-Gold HIV Kit",32.0,N/A - From RDC,SO-306,Pre-PQ Process,Pre-PQ Process,HRDT,109-TZ-T01,06-Jul-07,Air,HIV test,20,1.6,SCMS from RDC,N/A - From RDC,Weight Captured Separately
84955,DN-3839,Generic,Zambia,25-Jul-14,31-Jul-14,200mg,Tablet,Yes,2413.89,From RDC,"Nevirapine 200mg, tablets, 60 Tabs",88.9,39132,86481.72,PMO - US,Hetero Unit III Hyderabad IN,Nevirapine,2.21,N/A - From RDC,SO-48671,FPQ-14162,4/24/14,ARV,110-ZM-T30,30-Aug-14,Truck,Adult,60,0.04,SCMS from RDC,N/A - From RDC,2426
36035,ASN-17429,Generic,Vietnam,29-Jan-13,29-Jan-13,600/300/300mg,Tablet - FDC,Yes,19116.64,Direct Drop,"Efavirenz/Lamivudine/Tenofovir Disoproxil Fumarate 600/300/300mg, tablets, 30 Tabs",785.85,46749,560520.51,PMO - US,Mylan (formerly Matrix) Nashik,Efavirenz/Lamivudine/Tenofovir Disoproxil Fumarate,11.99,8/14/12,SCMS-156271,FPQ-10286,7/25/12,ARV,108-VN-T30,29-Jan-13,Air,Adult,30,0.4,MYLAN LABORATORIES LTD (FORMERLY MATRIX LABORATORIES),EXW,7500
85392,DN-3269,Generic,"Congo, DRC",08-Feb-14,11-Mar-14,60/30mg,Tablet - FDC,No,See DN-3269 (ID#:83711),From RDC,"Abacavir/Lamivudine 60/30mg, tablets, 60 Tabs",0.2,40,160.0,PMO - US,Mylan (formerly Matrix) Nashik,Abacavir/Lamivudine,4.0,N/A - From RDC,SO-45030,FPQ-12088,04-12-13,ARV,101-CD-T30,28-Aug-13,Air,Pediatric,60,0.07,SCMS from RDC,N/A - From RDC,See DN-3269 (ID#:83711)
60,ASN-223,Aluvia,Zambia,16-Feb-07,16-Feb-07,200/50mg,Tablet,Yes,Freight Included in Commodity Cost,Direct Drop,"Lopinavir/Ritonavir 200/50mg [Aluvia], tablets, 120 Tabs",MIssing,2800,115080.0,PMO - US,ABBVIE Ludwigshafen Germany,Lopinavir/Ritonavir,41.1,12-01-06,SCMS-221,Pre-PQ Process,Pre-PQ Process,ARV,110-ZM-T01,16-Feb-07,Air,Adult,120,0.34,ABBVIE LOGISTICS (FORMERLY ABBOTT LOGISTICS BV),CIP,643
35258,ASN-29854,Uni-Gold,Mozambique,13-Jan-15,16-Jan-15,MIssing,Test kit,Yes,Invoiced Separately,Direct Drop,"HIV 1/2, Uni-Gold HIV Kit, 20 Tests",1.02,27,864.0,PMO - US,"Trinity Biotech, Plc","HIV 1/2, Uni-Gold HIV Kit",32.0,11/19/14,SCMS-264760,FPQ-15323,11-12-14,HRDT,111-MZ-T30,13-Jan-15,Air,HIV test,20,1.6,"Trinity Biotech, Plc",EXW,Weight Captured Separately
1861,ASN-2256,Capillus,Rwanda,16-Aug-08,16-Aug-08,MIssing,Test kit,Yes,5446.06,Direct Drop,"HIV 1/2, Capillus HIV Kit, 100 Tests",75.62,340,47260.0,PMO - US,"Trinity Biotech, Plc","HIV 1/2, Capillus HIV Kit",139.0,06-12-08,SCMS-25090,Pre-PQ Process,Pre-PQ Process,HRDT,107-RW-T01,16-Aug-08,Air,HIV test,100,1.39,"Trinity Biotech, Plc",EXW,234
20073,ASN-29931,Determine,Nigeria,20-Jan-15,22-Jan-15,MIssing,Test kit,Yes,15681.99,Direct Drop,"HIV 1/2, Determine Complete HIV Kit, 100 Tests",287.65,3144,279816.0,PMO - US,"Alere Medical Co., Ltd.","HIV 1/2, Determine Complete HIV Kit",89.0,10/29/14,SCMS-260700,FPQ-14995,9/22/14,HRDT,133-NG-T30,19-Jan-15,Air,HIV test,100,0.89,"Orgenics, Ltd",EXW,1276
85941,DN-3032,Generic,Zimbabwe,14-Mar-13,14-Mar-13,30/50/60mg,Chewable/dispersible tablet - FDC,No,See DN-3032 (ID#:82551),From RDC,"Lamivudine/Nevirapine/Zidovudine 30/50/60mg, dispersible tablets, 60 Tabs",231.86,39850,165377.5,PMO - US,Mylan (formerly Matrix) Nashik,Lamivudine/Nevirapine/Zidovudine,4.15,N/A - From RDC,SO-42260,FPQ-9907,5/15/12,ARV,103-ZW-T30,31-Mar-13,Truck,Pediatric,60,0.07,SCMS from RDC,N/A - From RDC,See DN-3032 (ID#:82551)
11956,DN-1142,Generic,Nigeria,19-Mar-09,19-Mar-09,150/300/200mg,Tablet - FDC,Yes,22985.73,From RDC,"Lamivudine/Nevirapine/Zidovudine 150/200/300mg, tablets, 60 Tabs",96.39,4314,49179.6,PMO - US,"Aurobindo Unit III, India",Lamivudine/Nevirapine/Zidovudine,11.4,N/A - From RDC,SO-21808,Pre-PQ Process,Pre-PQ Process,ARV,151-NG-T01,19-Mar-09,Air Charter,Adult,60,0.19,SCMS from RDC,N/A - From RDC,485
11402,DN-150,Capillus,Rwanda,22-May-07,22-May-07,MIssing,Test kit,No,See DN-150 (ID#:11401),From RDC,"HIV 1/2, Capillus HIV Kit, 100 Tests",MIssing,60,8340.0,PMO - US,"Trinity Biotech, Plc","HIV 1/2, Capillus HIV Kit",139.0,N/A - From RDC,SO-240,Pre-PQ Process,Pre-PQ Process,HRDT,107-RW-T01,22-May-07,Air,HIV test,100,1.39,SCMS from RDC,N/A - From RDC,See DN-150 (ID#:11401)
85340,DN-3048,Generic,Zimbabwe,23-Mar-13,23-Mar-13,200mg,Tablet,No,See DN-3048 (ID#:84235),From RDC,"Nevirapine 200mg, tablets, 60 Tabs",95.06,30000,67800.0,PMO - US,"Strides, Bangalore, India.",Nevirapine,2.26,N/A - From RDC,SO-43212,FPQ-10632,09-11-12,ARV,113-ZW-T30,15-Apr-13,Truck,Adult,60,0.04,SCMS from RDC,N/A - From RDC,See DN-3048 (ID#:84235)
11291,DN-990,Generic,Uganda,09-Dec-08,09-Dec-08,150/300mg,Tablet - FDC,No,See DN-990 (ID#:11001),From RDC,"Lamivudine/Zidovudine 150/300mg, tablets, 60 Tabs",20.96,1144,10696.4,PMO - US,"Aurobindo Unit III, India",Lamivudine/Zidovudine,9.35,N/A - From RDC,SO-17830,Pre-PQ Process,Pre-PQ Process,ARV,114-UG-T01,09-Dec-08,Air,Adult,60,0.16,SCMS from RDC,N/A - From RDC,See DN-990 (ID#:11001)
84922,DN-3656,Generic,CÃte dIvoire,22-Apr-14,11-Jun-14,150/300/200mg,Tablet - FDC,Yes,34551.83,From RDC,"Lamivudine/Nevirapine/Zidovudine 150/200/300mg, tablets, 60 Tabs",627.24,75235,610155.85,PMO - US,"Strides, Bangalore, India.",Lamivudine/Nevirapine/Zidovudine,8.11,N/A - From RDC,SO-47150,FPQ-13142,10/22/13,ARV,104-CI-T30,30-Apr-14,Truck,Adult,60,0.14,SCMS from RDC,N/A - From RDC,9080
24187,ASN-9486,Generic,South Africa,04-Mar-11,04-Mar-11,600mg,Tablet,Yes,10446.37,Direct Drop,"Efavirenz 600mg, tablets, 30 Tabs",1135.06,116218,526467.54,PMO - US,"Aurobindo Unit III, India",Efavirenz,4.53,9/24/10,SCMS-83830,FPQ-6262,8/31/10,ARV,161-ZA-T30,01-Feb-11,Ocean,Adult,30,0.15,Aurobindo Pharma Limited,DDP,12410
13148,ASN-26962,Kaletra,Dominican Republic,14-Jan-14,07-Feb-14,80/20mg/ml,Oral solution,Yes,Freight Included in Commodity Cost,Direct Drop,"Lopinavir/Ritonavir 80/20mg/ml [Kaletra], oral solution, cool, Bottle, 160 ml",152.4,4570,148250.8,PMO - US,ABBVIE Labs North Chicago US,Lopinavir/Ritonavir,32.44,6/23/14,SCMS-244720,FPQ-14469,6/13/14,ARV,103-DO-T30,14-Jan-14,Air,Pediatric,160,0.2,"ABBVIE, SRL (FORMALLY ABBOTT LABORATORIES INTERNATIONAL CO.)",DDP,Weight Captured Separately
86301,DN-1808,Generic,Nigeria,18-May-10,18-May-10,200/300mg,Tablet - FDC,Yes,9736.1,From RDC,"Emtricitabine/Tenofovir Disoproxil Fumarate 200/300mg, tablets, 30 Tabs",2764.84,109140,1282395.0,PMO - US,Mylan (formerly Matrix) Nashik,Emtricitabine/Tenofovir Disoproxil Fumarate,11.75,N/A - From RDC,SO-36009,FPQ-4537,11-06-09,ARV,151-NG-T30,31-May-10,Air Charter,Adult,30,0.39,SCMS from RDC,N/A - From RDC,8735
12914,DN-1435,Generic,Nigeria,20-Oct-09,20-Oct-09,150/300/200mg,Tablet - FDC,Yes,9341.49,From RDC,"Lamivudine/Nevirapine/Zidovudine 150/200/300mg, tablets, 60 Tabs",379.85,17000,193800.0,PMO - US,"Aurobindo Unit III, India",Lamivudine/Nevirapine/Zidovudine,11.4,N/A - From RDC,SO-33332,Pre-PQ Process,Date Not Captured,ARV,151-NG-T01,20-Oct-09,Air Charter,Adult,60,0.19,SCMS from RDC,N/A - From RDC,1914
10754,DN-868,Generic,Tanzania,22-Aug-08,22-Aug-08,600mg,Tablet,Yes,9330,From RDC,"Efavirenz 600mg, tablets, 30 Tabs",2786.32,145000,1741450.0,PMO - US,Mylan (formerly Matrix) Nashik,Efavirenz,12.01,N/A - From RDC,SO-11820,Pre-PQ Process,Pre-PQ Process,ARV,109-TZ-T01,22-Aug-08,Air,Adult,30,0.4,SCMS from RDC,N/A - From RDC,11186
12586,DN-1251,Generic,Namibia,15-Jun-09,15-Jun-09,300/300mg,Tablet - FDC,Yes,2317.2,From RDC,"Lamivudine/Tenofovir Disoproxil Fumarate 300/300mg, tablets, 30 Tabs",98,5000,50000.0,PMO - US,Mylan (formerly Matrix) Nashik,Lamivudine/Tenofovir Disoproxil Fumarate,10.0,N/A - From RDC,SO-30460,Pre-PQ Process,Pre-PQ Process,ARV,119-NA-T01,15-Jun-09,Air,Adult,30,0.33,SCMS from RDC,N/A - From RDC,419
85959,DN-3110,Generic,Mozambique,20-Jun-13,20-Jun-13,300mg,Tablet,No,See DN-3110 (ID#:84809),From RDC,"Zidovudine 300mg, tablets, 60 Tabs",4.59,567,3708.18,PMO - US,Hetero Unit III Hyderabad IN,Zidovudine,6.54,N/A - From RDC,SO-44830,FPQ-11882,3/19/13,ARV,111-MZ-T30,06-Jun-13,Truck,Adult,60,0.11,SCMS from RDC,N/A - From RDC,See DN-3110 (ID#:84809)
12796,DN-779,Generic,Zambia,19-Jun-08,19-Jun-08,150/30mg,Tablet - FDC,Yes,30610.2,From RDC,"Lamivudine/Stavudine 150/30mg, tablets, 30 Tabs",259.83,81198,162396.0,PMO - US,"Cipla, Goa, India",Lamivudine/Stavudine,2.0,N/A - From RDC,SO-2545,Pre-PQ Process,Pre-PQ Process,ARV,110-ZM-T01,19-Jun-08,Air,Adult,30,0.07,SCMS from RDC,N/A - From RDC,4678
86666,DN-3619,Generic,Nigeria,17-Apr-14,02-May-14,150/300/200mg,Tablet - FDC,No,See DN-3619 (ID#:86069),From RDC,"Lamivudine/Nevirapine/Zidovudine 150/200/300mg, tablets, 60 Tabs",386.93,37869,312797.94,PMO - US,Mylan (formerly Matrix) Nashik,Lamivudine/Nevirapine/Zidovudine,8.26,N/A - From RDC,SO-45660,FPQ-12248,05-06-13,ARV,151-NG-T30,15-Apr-14,Air Charter,Adult,60,0.14,SCMS from RDC,N/A - From RDC,See DN-3619 (ID#:86069)
49881,ASN-11676,Generic,South Africa,22-Sep-11,22-Sep-11,300mg,Tablet,Yes,10748.8,Direct Drop,"Tenofovir Disoproxil Fumarate 300mg, tablets, 30 Tabs",1364.01,124312,826674.8,PMO - US,"Aurobindo Unit III, India",Tenofovir Disoproxil Fumarate,6.65,12/14/10,SCMS-93560,FPQ-6708,11/26/10,ARV,161-ZA-T30,15-Sep-11,Ocean,Adult,30,0.22,Aurobindo Pharma Limited,DDP,11603
19146,ASN-32122,Generic,South Africa,12-May-15,12-May-15,300mg,Tablet,No,Freight Included in Commodity Cost,Direct Drop,"Zidovudine 300mg, tablets, 60 Tabs",0.2,11,198.35,PMO - US,"Aurobindo Unit III, India",Zidovudine,18.03,05-11-15,SCMS-259075,FPQ-14942,09-11-14,ARV,116-ZA-T30,12-May-15,Truck,Adult,60,0.3,PHARMACY DIRECT,DDP,Weight Captured Separately
73567,ASN-31313,Uni-Gold,Nigeria,22-Apr-15,22-Apr-15,MIssing,Test kit,Yes,Invoiced Separately,Direct Drop,"HIV 1/2, Uni-Gold HIV Kit, 20 Tests",252.54,6705,214560.0,PMO - US,"Trinity Biotech, Plc","HIV 1/2, Uni-Gold HIV Kit",32.0,1/26/15,SCMS-270750,FPQ-15504,12-08-14,HRDT,133-NG-T30,22-Apr-15,Air,HIV test,20,1.6,"Trinity Biotech, Plc",EXW,Weight Captured Separately
18053,ASN-7725,Generic,South Africa,01-Sep-10,01-Sep-10,300mg,Tablet,Yes,5298.03,Direct Drop,"Tenofovir Disoproxil Fumarate 300mg, tablets, 30 Tabs",455.07,26991,211069.62,PMO - US,"Cipla, Goa, India",Tenofovir Disoproxil Fumarate,7.82,3/19/10,SCMS-68740,FPQ-5303,3/18/10,ARV,161-ZA-T30,01-Sep-10,Air,Adult,30,0.26,CIPLA LIMITED,DDP,1842
86402,DN-2320,Generic,Ghana,14-Nov-11,14-Nov-11,200mg,Tablet,No,See DN-2320 (ID#:83523),From RDC,"Nevirapine 200mg, tablets, 60 Tabs",186.72,45084,113160.84,PMO - US,Hetero Unit III Hyderabad IN,Nevirapine,2.51,N/A - From RDC,SO-40000,FPQ-7866,6/13/11,ARV,900-GH-T30,14-Nov-11,Air,Adult,60,0.04,SCMS from RDC,N/A - From RDC,See DN-2320 (ID#:83523)
11031,DN-1168,Generic,Zimbabwe,27-Apr-09,27-Apr-09,600mg,Tablet,Yes,35673.58,From RDC,"Efavirenz 600mg, tablets, 30 Tabs",94.16,4000,48040.0,PMO - US,"Aurobindo Unit III, India",Efavirenz,12.01,N/A - From RDC,SO-18110,Pre-PQ Process,Pre-PQ Process,ARV,113-ZW-T01,27-Apr-09,Truck,Adult,30,0.4,SCMS from RDC,N/A - From RDC,8523
11660,DN-1315,Generic,CÃte dIvoire,14-Jul-09,14-Jul-09,200mg,Tablet,No,See DN-1315 (ID#:10781),From RDC,"Nevirapine 200mg, tablets, 60 Tabs",78.35,13325,39975.0,PMO - US,"Aurobindo Unit III, India",Nevirapine,3.0,N/A - From RDC,SO-27540,Pre-PQ Process,Date Not Captured,ARV,104-CI-T01,14-Jul-09,Air,Adult,60,0.05,SCMS from RDC,N/A - From RDC,See DN-1315 (ID#:10781)
76541,ASN-25280,Uni-Gold,Dominican Republic,11-Apr-14,24-Apr-14,MIssing,Test kit,Yes,790.78,Direct Drop,"HIV 1/2, Uni-Gold HIV Kit, 20 Tests",16.45,500,16000.0,PMO - US,"Trinity Biotech, Plc","HIV 1/2, Uni-Gold HIV Kit",32.0,3/19/14,SCMS-231370,FPQ-13790,2/26/14,HRDT,105-DO-T30,11-Apr-14,Air,HIV test,20,1.6,"Trinity Biotech, Plc",EXW,146
72821,ASN-31958,Determine,South Sudan,02-Jul-15,03-Jul-15,MIssing,Test kit - Ancillary,No,See ASN-31958 (ID#:15788),Direct Drop,"Capillary Tubes, for Determine, EDTA, 50uL,100 Pcs",0.42,45,360.0,PMO - US,"Alere Medical Co., Ltd.","HIV, Capillary Tubes, for Determine, EDTA, 50uL,100 Pcs",8.0,2/20/15,SCMS-272170,FPQ-15569,12/29/14,HRDT,105-SS-T30,02-Jul-15,Air,HIV test - Ancillary,100,0.08,"Orgenics, Ltd",EXW,See ASN-31958 (ID#:15788)
11122,DN-206,Generic,CÃte dIvoire,10-Jul-07,10-Jul-07,50mg,Capsule,Yes,1574,From RDC,"Efavirenz 50mg, capsule, 30 Caps",16.18,4515,10113.6,PMO - US,"Aurobindo Unit III, India",Efavirenz,2.24,N/A - From RDC,SO-687,Pre-PQ Process,Pre-PQ Process,ARV,104-CI-T01,10-Jul-07,Air,Pediatric,30,0.07,SCMS from RDC,N/A - From RDC,259
17242,ASN-10573,Generic,South Africa,13-Jun-11,13-Jun-11,300mg,Tablet,Yes,6121.42,Direct Drop,"Tenofovir Disoproxil Fumarate 300mg, tablets, 30 Tabs",474.89,43280,287812.0,PMO - US,"Aurobindo Unit III, India",Tenofovir Disoproxil Fumarate,6.65,12/14/10,SCMS-93550,FPQ-6708,11/26/10,ARV,161-ZA-T30,13-Jun-11,Ocean,Adult,30,0.22,Aurobindo Pharma Limited,DDP,4040
12349,DN-78,Generic,CÃte dIvoire,30-Apr-07,30-Apr-07,600mg,Tablet,Yes,2658,From RDC,"Efavirenz 600mg, tablets, 30 Tabs",MIssing,8148,132405.0,PMO - US,"Aurobindo Unit III, India",Efavirenz,16.25,N/A - From RDC,SO-434,Pre-PQ Process,Pre-PQ Process,ARV,100-CI-T01,30-Apr-07,MIssing,Adult,30,0.54,SCMS from RDC,N/A - From RDC,742
82277,DN-1536,Generic,CÃte dIvoire,02-Dec-09,02-Dec-09,150/30mg,Tablet - FDC,Yes,1211.48,From RDC,"Lamivudine/Stavudine 150/30mg, tablets, 60 Tabs",7.89,1060,4028.0,PMO - US,"Strides, Bangalore, India.",Lamivudine/Stavudine,3.8,N/A - From RDC,SO-34520,FPQ-3964,7/24/09,ARV,104-CI-T30,10-Dec-09,Air,Adult,60,0.06,SCMS from RDC,N/A - From RDC,56
85527,DN-3926,Generic,Tanzania,28-Oct-14,31-Oct-14,300mg,Tablet,Yes,1163.2,From RDC,"Abacavir 300mg, tablets, 60 Tabs",34.3,2469,27726.87,PMO - US,Mylan (formerly Matrix) Nashik,Abacavir,11.23,N/A - From RDC,SO-47960,FPQ-13042,10-01-13,ARV,109-TZ-T30,03-Nov-14,Truck,Adult,60,0.19,SCMS from RDC,N/A - From RDC,230
84198,DN-2897,Generic,Uganda,29-Oct-12,29-Oct-12,600mg,Tablet,Yes,2159.1,From RDC,"Efavirenz 600mg, tablets, 30 Tabs",13.06,2445,9315.45,PMO - US,"Aurobindo Unit III, India",Efavirenz,3.81,N/A - From RDC,SO-43170,FPQ-10556,8/30/12,ARV,114-UG-T30,06-Dec-12,Air,Adult,30,0.13,SCMS from RDC,N/A - From RDC,244
83209,DN-3544,Generic,CÃte dIvoire,18-Feb-14,04-Mar-14,30/50/60mg,Chewable/dispersible tablet - FDC,Yes,4063.81,From RDC,"Lamivudine/Nevirapine/Zidovudine 30/50/60mg, dispersible tablets, 60 Tabs",48.71,10500,39375.0,PMO - US,"Strides, Bangalore, India.",Lamivudine/Nevirapine/Zidovudine,3.75,N/A - From RDC,SO-46371,FPQ-12800,08-09-13,ARV,104-CI-T30,28-Feb-14,Air,Pediatric,60,0.06,SCMS from RDC,N/A - From RDC,574
83985,DN-1675,Generic,Uganda,17-Mar-10,17-Mar-10,600mg,Tablet,Yes,5186.68,From RDC,"Efavirenz 600mg, tablets, 30 Tabs",55.3,5000,25650.0,PMO - US,"Aurobindo Unit III, India",Efavirenz,5.13,N/A - From RDC,SO-35630,FPQ-4496,10/28/09,ARV,114-UG-T30,22-Mar-10,Air,Adult,30,0.17,SCMS from RDC,N/A - From RDC,456
10416,ASN-4460,Generic,Rwanda,14-Sep-09,14-Sep-09,150/300mg,Tablet - FDC,Yes,33235.44,Direct Drop,"Lamivudine/Zidovudine 150/300mg, tablets, 60 Tabs",683.3,38736,348624.0,PMO - US,Mylan (formerly Matrix) Nashik,Lamivudine/Zidovudine,9.0,4/15/09,SCMS-43790,Pre-PQ Process,Pre-PQ Process,ARV,107-RW-T01,14-Sep-09,Air,Adult,60,0.15,MYLAN LABORATORIES LTD (FORMERLY MATRIX LABORATORIES),CIP,3080
84802,DN-3093,Generic,Zimbabwe,08-Apr-13,08-Apr-13,20mg/ml,Oral solution,Yes,8600,From RDC,"Abacavir 20mg/ml, oral solution w/syringe, Bottle, 240 ml",6.6,442,5339.36,PMO - US,"Aurobindo Unit III, India",Abacavir,12.08,N/A - From RDC,SO-44300,FPQ-11478,1/16/13,ARV,103-ZW-T30,31-May-13,Truck,Pediatric,240,0.05,SCMS from RDC,N/A - From RDC,118
11798,DN-384,Generic,Zambia,29-Oct-07,29-Oct-07,300mg,Tablet,No,See DN-384 (ID#:10901),From RDC,"Abacavir 300mg, tablets, 60 Tabs",109.64,2489,68522.17,PMO - US,"Cipla, Patalganga, India",Abacavir,27.53,N/A - From RDC,SO-976,Pre-PQ Process,Pre-PQ Process,ARV,110-ZM-T01,29-Oct-07,MIssing,Adult,60,0.46,SCMS from RDC,N/A - From RDC,See DN-384 (ID#:10901)
84434,DN-4042,Generic,Rwanda,09-Jan-15,19-Jan-15,10mg/ml,Oral suspension,Yes,28001.97,From RDC,"Nevirapine 10mg/ml, oral suspension w/syringe, Bottle, 240 ml",16.15,10401,15705.51,PMO - US,"Aurobindo Unit III, India",Nevirapine,1.51,N/A - From RDC,SO-49980,FPQ-14893,10/15/14,ARV,107-RW-T30,27-Jan-15,Air,Pediatric,240,0.01,SCMS from RDC,N/A - From RDC,3880
85302,DN-2842,Generic,Uganda,25-Sep-12,25-Sep-12,200mg,Tablet,Yes,6265.36,From RDC,"Nevirapine 200mg, tablets, 60 Tabs",77.3,22783,55134.86,PMO - US,Hetero Unit III Hyderabad IN,Nevirapine,2.42,N/A - From RDC,SO-42880,FPQ-10357,7/18/12,ARV,114-UG-T30,12-Oct-12,Truck,Adult,60,0.04,SCMS from RDC,N/A - From RDC,1285
84809,DN-3110,Generic,Mozambique,20-Jun-13,20-Jun-13,150/300mg,Tablet - FDC,Yes,7852.98,From RDC,"Lamivudine/Zidovudine 150/300mg, tablets, 60 Tabs",899.3,100000,727000.0,PMO - US,Hetero Unit III Hyderabad IN,Lamivudine/Zidovudine,7.27,N/A - From RDC,SO-44830,FPQ-11882,3/19/13,ARV,111-MZ-T30,06-Jun-13,Truck,Adult,60,0.12,SCMS from RDC,N/A - From RDC,36920
1223,ASN-4836,Epivir,South Africa,28-Jul-09,28-Jul-09,10mg/ml,Oral solution,Yes,Freight Included in Commodity Cost,Direct Drop,"Lamivudine 10mg/ml [Epivir], oral solution, Bottle, 240 ml",5.56,460,2838.2,PMO - US,GSK Mississauga (Canada),Lamivudine,6.17,06-05-09,SCMS-47051,Pre-PQ Process,Pre-PQ Process,ARV,116-ZA-T01,12-Oct-09,Truck,Pediatric,240,0.03,S. BUYS WHOLESALER,DDP,Weight Captured Separately
33654,ASN-26882,Generic,South Africa,25-Jun-14,25-Jun-14,150/300mg,Tablet - FDC,No,Freight Included in Commodity Cost,Direct Drop,"Lamivudine/Zidovudine 150/300mg, tablets, 60 Tabs",0.58,18,561.46,PMO - US,"Aurobindo Unit III, India",Lamivudine/Zidovudine,31.19,6/25/14,SCMS-238551,FPQ-13973,4/30/14,ARV,116-ZA-T30,25-Jun-14,Truck,Adult,60,0.52,PHARMACY DIRECT,DDP,Weight Captured Separately
40608,ASN-5732,Prezista,Uganda,19-Jan-10,19-Jan-10,300mg,Tablet,Yes,1190.02,Direct Drop,"Darunavir 300mg [Prezista], tablets, 120 Tabs",21.17,120,10800.0,PMO - US,"Aspen-OSD, Port Elizabeth, SA",Darunavir,90.0,11/24/09,SCMS-58170,FPQ-4320,11/16/09,ARV,114-UG-T30,19-Jan-10,Air,Adult,120,0.75,ASPEN PHARMACARE,EXW,18
16236,ASN-27243,Stat-Pak,Ethiopia,29-Jul-14,14-Aug-14,MIssing,Test kit,Yes,2211.04,Direct Drop,"HIV 1/2, Stat-Pak HIV, Kit, 20 Tests",22.69,679,22067.5,PMO - US,Chembio Diagnostics Sys. Inc.,"HIV 1/2, Stat-Pak HIV, Kit",32.5,6/18/14,SCMS-244850,FPQ-14357,06-03-14,HRDT,117-ET-T30,29-Jul-14,Air,HIV test,20,1.62,"CHEMBIO DIAGNOSTIC SYSTEMS, INC.",EXW,195
79747,ASN-12034,Generic,South Africa,06-Dec-11,06-Dec-11,200mg,Tablet,Yes,Freight Included in Commodity Cost,Direct Drop,"Nevirapine 200mg, tablets, 60 Tabs",225.86,50326,136886.72,PMO - US,"Cipla, Goa, India",Nevirapine,2.72,3/28/11,SCMS-104070,FPQ-7175,03-10-11,ARV,161-ZA-T30,02-Nov-11,Ocean,Adult,60,0.05,CIPLA LIMITED,DDP,Weight Captured Separately
28802,ASN-5721,Generic,Ethiopia,24-Dec-09,24-Dec-09,150mg,Tablet,Yes,2949.1,Direct Drop,"Lamivudine 150mg, tablets, 60 Tabs",76.97,15000,35700.0,PMO - US,"Aurobindo Unit III, India",Lamivudine,2.38,12-10-09,SCMS-59510,FPQ-4716,12-09-09,ARV,117-ET-T30,24-Dec-09,Air,Adult,60,0.04,Aurobindo Pharma Limited,EXW,780
55904,ASN-17467,Determine,Tanzania,31-Dec-12,31-Dec-12,MIssing,Test kit,Yes,19026.72,Direct Drop,"HIV 1/2, Determine Complete HIV Kit, 100 Tests",263.8,2352,188160.0,PMO - US,"Alere Medical Co., Ltd.","HIV 1/2, Determine Complete HIV Kit",80.0,10-04-12,SCMS-161830,FPQ-10619,9/13/12,HRDT,109-TZ-T30,31-Dec-12,Air,HIV test,100,0.8,"Orgenics, Ltd",EXW,1016
37487,ASN-28033,Generic,South Africa,29-Aug-14,29-Aug-14,100/25mg,Tablet,No,Freight Included in Commodity Cost,Direct Drop,"Lopinavir/Ritonavir 100/25mg [Aluvia], tablets, 60 Tabs",0.05,6,38.64,PMO - US,ABBVIE Ludwigshafen Germany,Lopinavir/Ritonavir,6.44,8/29/14,SCMS-199289,FPQ-12522,07-11-13,ARV,116-ZA-T30,29-Aug-14,Truck,Pediatric,60,0.11,S. BUYS WHOLESALER,DDP,Weight Captured Separately
11946,DN-960,Truvada,Nigeria,30-Oct-08,30-Oct-08,300/200mg,Tablet - FDC,No,See DN-960 (ID#:11945),From RDC,"Emtricitabine/Tenofovir Disoproxil Fumarate 200/300mg [Truvada], tablets, 30 Tabs",1682.21,32696,858270.0,PMO - US,"Aspen-OSD, Port Elizabeth, SA",Emtricitabine/Tenofovir Disoproxil Fumarate,26.25,N/A - From RDC,SO-2554,Pre-PQ Process,Pre-PQ Process,ARV,123-NG-T01,30-Oct-08,Air,Adult,30,0.88,SCMS from RDC,N/A - From RDC,See DN-960 (ID#:11945)
85401,DN-3329,Generic,CÃte dIvoire,20-Sep-13,20-Sep-13,150/300mg,Tablet - FDC,No,See DN-3329 (ID#:82602),From RDC,"Lamivudine/Zidovudine 150/300mg, tablets, 60 Tabs",179.14,19920,144818.4,PMO - US,"Cipla, Goa, India",Lamivudine/Zidovudine,7.27,N/A - From RDC,SO-44201,FPQ-11253,12/14/12,ARV,104-CI-T30,30-Sep-13,Truck,Adult,60,0.12,SCMS from RDC,N/A - From RDC,See DN-3329 (ID#:82602)
27614,ASN-28279,Uni-Gold,"Congo, DRC",04-Nov-14,20-Nov-14,MIssing,Test kit,No,See ASN-28279 (ID#:13547),Direct Drop,"HIV 1/2, Uni-Gold HIV Kit, 20 Tests",1.55,47,1504.0,PMO - US,"Trinity Biotech, Plc","HIV 1/2, Uni-Gold HIV Kit",32.0,8/27/14,SCMS-253260,FPQ-14654,08-11-14,HRDT,101-CD-T30,04-Nov-14,Air,HIV test,20,1.6,"Trinity Biotech, Plc",EXW,See ASN-28279 (ID#:13547)
82699,DN-3811,Generic,Tanzania,25-Sep-14,07-Nov-14,200/300mg,Tablet - FDC,Yes,10010.15,From RDC,"Emtricitabine/Tenofovir Disoproxil Fumarate 200/300mg, tablets, 30 Tabs",156.22,22002,126291.48,PMO - US,"Aurobindo Unit III, India",Emtricitabine/Tenofovir Disoproxil Fumarate,5.74,N/A - From RDC,SO-46001,FPQ-12587,07-04-13,ARV,109-TZ-T30,18-Sep-14,Truck,Adult,30,0.19,SCMS from RDC,N/A - From RDC,2003
83644,DN-2970,Generic,CÃte dIvoire,25-Jan-12,25-Jan-13,150/300/200mg,Tablet - FDC,Yes,24138.35,From RDC,"Lamivudine/Nevirapine/Zidovudine 150/200/300mg, tablets, 60 Tabs",129.17,9577,92130.74,PMO - US,"Aurobindo Unit III, India",Lamivudine/Nevirapine/Zidovudine,9.62,N/A - From RDC,SO-42370,FPQ-9749,4/19/12,ARV,104-CI-T30,31-Jan-13,Truck,Adult,60,0.16,SCMS from RDC,N/A - From RDC,6889
86573,DN-3177,Generic,Tanzania,18-Jun-13,18-Jun-13,200/50mg,Tablet,Yes,12382,From RDC,"Lopinavir/Ritonavir 200/50mg, tablets, 120 Tabs",215.4,7995,174131.1,PMO - US,"Aurobindo Unit III, India",Lopinavir/Ritonavir,21.78,N/A - From RDC,SO-44382,FPQ-11393,12/30/12,ARV,109-TZ-T30,31-May-13,Truck,Adult,120,0.18,SCMS from RDC,N/A - From RDC,1946
44612,ASN-8447,Generic,Vietnam,09-Nov-10,09-Nov-10,600mg,Tablet,Yes,10455.35,Direct Drop,"Efavirenz 600mg, tablets, 30 Tabs",379.08,40890,175827.0,PMO - US,Mylan (formerly Matrix) Nashik,Efavirenz,4.3,3/29/10,SCMS-69730,FPQ-5317,3/22/10,ARV,108-VN-T30,09-Nov-10,Air,Adult,30,0.14,MYLAN LABORATORIES LTD (FORMERLY MATRIX LABORATORIES),EXW,3329
11825,DN-464,Generic,Zambia,02-Jan-08,02-Jan-08,200mg,Capsule,Yes,845,From RDC,"Efavirenz 200mg, capsule, 90 Caps",17.2,672,10752.0,PMO - US,"Aurobindo Unit III, India",Efavirenz,16.0,N/A - From RDC,SO-1328,Pre-PQ Process,Pre-PQ Process,ARV,110-ZM-T01,02-Jan-08,MIssing,Pediatric,90,0.18,SCMS from RDC,N/A - From RDC,128
9422,ASN-904,First Response,Rwanda,16-Nov-07,16-Nov-07,MIssing,Test kit,Yes,9898.8,Direct Drop,"HIV 1/2/O, First Response HIV 1-2.0, v.3.0 Cards Kit, 30 Tests",105.36,3991,65851.5,PMO - US,Premier Med. Corp Ltd. India,"HIV 1/2/O, First Response HIV 1-2.0, v.3.0 Cards Kit",16.5,10/18/07,SCMS-13010,Pre-PQ Process,Pre-PQ Process,HRDT,107-RW-T01,16-Nov-07,Air,HIV test,30,0.55,Premier Medical Corporation Ltd.,EXW,1150
71936,ASN-15795,Generic,Vietnam,22-Aug-12,22-Aug-12,10mg/ml,Oral solution,No,See ASN-15795 (ID#:16725),Direct Drop,"Zidovudine 10mg/ml, oral solution w/syringe, Bottle, 240 ml",1.03,350,735.0,PMO - US,"Aurobindo Unit III, India",Zidovudine,2.1,06-12-12,SCMS-145520,FPQ-9577,04-11-12,ARV,108-VN-T30,22-Aug-12,Air,Pediatric,240,0.01,Aurobindo Pharma Limited,EXW,See ASN-15795 (ID#:16725)
64262,ASN-22344,Determine,Nigeria,11-Nov-13,17-Nov-13,MIssing,Test kit,Yes,20602.3,Direct Drop,"HIV 1/2, Determine Complete HIV Kit, 100 Tests",336.44,3056,271984.0,PMO - US,"Alere Medical Co., Ltd.","HIV 1/2, Determine Complete HIV Kit",89.0,07-10-13,SCMS-196561,FPQ-12456,06-10-13,HRDT,133-NG-T30,07-Nov-13,Air,HIV test,100,0.89,"Orgenics, Ltd",EXW,1241
86130,DN-3865,Generic,Mozambique,30-Oct-14,13-Nov-14,600mg,Tablet,No,See DN-3865 (ID#:82723),From RDC,"Efavirenz 600mg, tablets, 30 Tabs",254.09,77000,247170.0,PMO - US,"Micro labs, Verna, Goa, India",Efavirenz,3.21,N/A - From RDC,SO-47703,FPQ-13575,1/17/14,ARV,111-MZ-T30,31-Aug-14,Truck,Adult,30,0.11,SCMS from RDC,N/A - From RDC,See DN-3865 (ID#:82723)
84577,DN-1925,Generic,Nigeria,28-Jun-10,28-Jun-10,150/300mg,Tablet - FDC,No,Freight Included in Commodity Cost,From RDC,"Lamivudine/Zidovudine 150/300mg, tablets, 60 Tabs",1002.61,53086,465033.36,PMO - US,Hetero Unit III Hyderabad IN,Lamivudine/Zidovudine,8.76,N/A - From RDC,SO-36671,FPQ-4537,11-06-09,ARV,151-NG-T30,21-Jul-10,Air,Adult,60,0.15,SCMS from RDC,N/A - From RDC,Weight Captured Separately
59894,ASN-30228,Kaletra,South Africa,14-Jan-15,14-Jan-15,80/20mg/ml,Oral solution,Yes,Freight Included in Commodity Cost,Direct Drop,"Lopinavir/Ritonavir 80/20mg/ml [Kaletra], oral solution, cool, Bottle 5 x 60 ml",0.07,4,63.78,PMO - US,ABBVIE (Abbott) Logis. UK,Lopinavir/Ritonavir,15.94,1/14/15,SCMS-259081,FPQ-14942,09-11-14,ARV,116-ZA-T30,14-Jan-15,Truck,Pediatric,300,0.05,PHARMACY DIRECT,DDP,Weight Captured Separately
12852,DN-905,Generic,Zambia,23-Sep-08,23-Sep-08,200mg,Tablet,Yes,6269.7,From RDC,"Nevirapine 200mg, tablets, 60 Tabs",51.18,9408,31987.2,PMO - US,"Aurobindo Unit III, India",Nevirapine,3.4,N/A - From RDC,SO-14040,Pre-PQ Process,Pre-PQ Process,ARV,110-ZM-T01,23-Sep-08,Air,Adult,60,0.06,SCMS from RDC,N/A - From RDC,893
42190,ASN-33143,Generic,Vietnam,07-Sep-15,07-Sep-15,150mg,Tablet,Yes,Invoiced Separately,Direct Drop,"Lamivudine 150mg, tablets, 60 Tabs",11.23,5300,9540.0,PMO - US,Hetero Unit III Hyderabad IN,Lamivudine,1.8,5/13/15,SCMS-285490,FPQ-16194,4/14/15,ARV,108-VN-T30,07-Sep-15,Air,Adult,60,0.03,HETERO LABS LIMITED,EXW,Weight Captured Separately
65693,ASN-24415,Generic,South Africa,06-Feb-14,06-Feb-14,300mg,Tablet,No,Freight Included in Commodity Cost,Direct Drop,"Tenofovir Disoproxil Fumarate 300mg, tablets, 30 Tabs",67.17,2906,54302.12,PMO - US,Hetero Unit III Hyderabad IN,Tenofovir Disoproxil Fumarate,18.69,12-02-13,SCMS-215370,FPQ-13035,10-08-13,ARV,116-ZA-T30,06-Feb-14,Truck,Adult,30,0.62,S. BUYS WHOLESALER,DDP,Weight Captured Separately
83334,DN-4253,Generic,CÃte dIvoire,08-Jun-15,19-Jun-15,200/50mg,Tablet,Yes,20816.42,From RDC,"Lopinavir/Ritonavir 200/50mg, tablets, 120 Tabs",222.29,11169,216231.84,PMO - US,"Aurobindo Unit III, India",Lopinavir/Ritonavir,19.36,N/A - From RDC,SO-49040,FPQ-14370,5/23/14,ARV,104-CI-T30,08-Jun-15,Truck,Adult,120,0.16,SCMS from RDC,N/A - From RDC,13107
82704,DN-3825,Generic,Zimbabwe,29-Jun-14,04-Aug-14,300/300mg,Tablet - FDC,No,See DN-3825 (ID#:82702),From RDC,"Lamivudine/Tenofovir Disoproxil Fumarate 300/300mg, tablets, 30 Tabs",208.07,43715,202400.45,PMO - US,"Cipla, Kurkumbh, India",Lamivudine/Tenofovir Disoproxil Fumarate,4.63,N/A - From RDC,SO-47540,FPQ-13508,12/24/13,ARV,113-ZW-T30,30-Sep-14,Truck,Adult,30,0.15,SCMS from RDC,N/A - From RDC,See DN-3825 (ID#:82702)
11058,DN-1302,Generic,Guyana,18-Jun-09,18-Jun-09,300mg,Tablet,Yes,1000.51,From RDC,"Zidovudine 300mg, tablets, 60 Tabs",12.24,810,6245.1,PMO - US,"Aurobindo Unit III, India",Zidovudine,7.71,N/A - From RDC,SO-25161,Pre-PQ Process,Pre-PQ Process,ARV,105-GY-T01,18-Jun-09,Air,Adult,60,0.13,SCMS from RDC,N/A - From RDC,47
84342,DN-3567,Generic,CÃte dIvoire,26-Mar-14,28-Apr-14,10mg/ml,Oral solution,Yes,18607.76,From RDC,"Zidovudine 10mg/ml, oral solution w/syringe, Bottle, 240 ml",7.45,2867,6020.7,PMO - US,"Aurobindo Unit III, India",Zidovudine,2.1,N/A - From RDC,SO-46361,FPQ-12800,08-09-13,ARV,104-CI-T30,28-Mar-14,Air,Pediatric,240,0.01,SCMS from RDC,N/A - From RDC,5752
84609,DN-2064,Generic,CÃte dIvoire,09-Dec-10,09-Dec-10,1mg/ml,Powder for oral solution,No,See DN-2064 (ID#:83469),From RDC,"Stavudine 1mg/ml, powder for oral solution w/syringe, 200 ml",18.93,6551,8778.34,PMO - US,"Aurobindo Unit III, India",Stavudine,1.34,N/A - From RDC,SO-37740,FPQ-5925,6/23/10,ARV,104-CI-T30,30-Nov-10,Air,Pediatric,200,0.01,SCMS from RDC,N/A - From RDC,See DN-2064 (ID#:83469)
10996,DN-1044,Generic,Zimbabwe,16-Feb-09,16-Feb-09,150/200/30mg,Tablet - FDC,Yes,35513.01,From RDC,"Lamivudine/Nevirapine/Stavudine 150/200/30mg, tablets, 60 Tabs",1102.3,76000,562400.0,PMO - US,"Cipla, Goa, India",Lamivudine/Nevirapine/Stavudine,7.4,N/A - From RDC,SO-14000,Pre-PQ Process,Pre-PQ Process,ARV,113-ZW-T01,16-Feb-09,Truck,Adult,60,0.12,SCMS from RDC,N/A - From RDC,8912
83899,DN-4180,Generic,Rwanda,27-Mar-15,07-Apr-15,30/60mg,Chewable/dispersible tablet - FDC,Yes,Invoiced Separately,From RDC,"Lamivudine/Zidovudine 30/60mg, dispersible tablets, 60 Tabs",8.75,3813,7435.35,PMO - US,"Mylan,  H-12 & H-13, India",Lamivudine/Zidovudine,1.95,N/A - From RDC,SO-50741,FPQ-15632,12/23/14,ARV,107-RW-T30,30-Apr-15,Air,Pediatric,60,0.03,SCMS from RDC,N/A - From RDC,Weight Captured Separately
60964,ASN-5931,Viramune,South Africa,12-Jan-10,12-Jan-10,10mg/ml,Oral suspension,Yes,Freight Included in Commodity Cost,Direct Drop,"Nevirapine 10mg/ml [Viramune], oral suspension, Bottle, 240 ml",1.35,40,625.57,PMO - US,Boehringer Ingelheim Roxane US,Nevirapine,15.64,12/23/09,SCMS-60171,FPQ-4770,12/17/09,ARV,116-ZA-T30,12-Jan-10,Truck,Pediatric,240,0.07,S. BUYS WHOLESALER,DDP,Weight Captured Separately
6693,ASN-588,Stat-Pak,Guyana,08-Aug-07,08-Aug-07,MIssing,Test kit,Yes,581.1,Direct Drop,"HIV 1/2, Stat-Pak HIV, Kit, 20 Tests",2.16,50,1350.0,PMO - US,Chembio Diagnostics Sys. Inc.,"HIV 1/2, Stat-Pak HIV, Kit",27.0,07-06-07,SCMS-766,Pre-PQ Process,Pre-PQ Process,HRDT,102-GY-T01,08-Aug-07,Air,HIV test,20,1.35,"CHEMBIO DIAGNOSTIC SYSTEMS, INC.",EXW,13
82422,DN-2454,Generic,Nigeria,18-Dec-11,18-Dec-11,150mg,Tablet,Yes,15322.73,From RDC,"Lamivudine 150mg, tablets, 60 Tabs",18.07,4700,10951.0,PMO - US,"Aurobindo Unit III, India",Lamivudine,2.33,N/A - From RDC,SO-40652,FPQ-8364,8/29/11,ARV,151-NG-T30,02-Mar-12,Air Charter,Adult,60,0.04,SCMS from RDC,N/A - From RDC,264
10714,DN-1036,Generic,Mozambique,21-Feb-09,21-Feb-09,150/200/30mg,Tablet - FDC,Yes,3671.92,From RDC,"Lamivudine/Nevirapine/Stavudine 150/200/30mg, tablets, 60 Tabs",452.53,32067,230882.4,PMO - US,"Strides, Bangalore, India.",Lamivudine/Nevirapine/Stavudine,7.2,N/A - From RDC,SO-15082,Pre-PQ Process,Pre-PQ Process,ARV,111-MZ-T01,26-Feb-09,Air,Adult,60,0.12,SCMS from RDC,N/A - From RDC,2382
59698,ASN-29257,Generic,South Africa,05-Nov-14,05-Nov-14,300mg,Tablet,No,Freight Included in Commodity Cost,Direct Drop,"Tenofovir Disoproxil Fumarate 300mg, tablets, 30 Tabs",2.24,114,2179.73,PMO - US,Mylan (formerly Matrix) Nashik,Tenofovir Disoproxil Fumarate,19.12,11-04-14,SCMS-238555,FPQ-13973,4/30/14,ARV,116-ZA-T30,05-Nov-14,Truck,Adult,30,0.64,PHARMACY DIRECT,DDP,Weight Captured Separately
66431,ASN-5536,Invirase,Uganda,03-Dec-09,03-Dec-09,500mg,Tablet,Yes,1072.35,Direct Drop,"Saquinavir 500mg [Invirase], tablets, 120 Tabs",34.77,161,16125.1,PMO - US,Roche Basel,Saquinavir,100.16,9/14/09,SCMS-52570,FPQ-4482,10/21/09,ARV,114-UG-T30,03-Dec-09,Air,Adult,120,0.83,Hoffmann-La Roche ltd Basel,FCA,30
4460,ASN-2336,Generic,Vietnam,19-Sep-08,19-Sep-08,600mg,Tablet,No,See ASN-2336 (ID#:530),Direct Drop,"Efavirenz 600mg, tablets, 30 Tabs",165.15,10080,103219.2,PMO - US,Mylan (formerly Matrix) Nashik,Efavirenz,10.24,5/14/08,SCMS-23450,Pre-PQ Process,Pre-PQ Process,ARV,108-VN-T01,19-Sep-08,Air,Adult,30,0.34,MYLAN LABORATORIES LTD (FORMERLY MATRIX LABORATORIES),EXW,See ASN-2336 (ID#:530)
12505,DN-808,Generic,Zambia,23-Jul-08,23-Jul-08,600mg,Tablet,Yes,2196.18,From RDC,"Efavirenz 600mg, tablets, 30 Tabs",1056.88,55000,660550.0,PMO - US,Mylan (formerly Matrix) Nashik,Efavirenz,12.01,N/A - From RDC,SO-1894,Pre-PQ Process,Pre-PQ Process,ARV,110-ZM-T01,23-Jul-08,Truck,Adult,30,0.4,SCMS from RDC,N/A - From RDC,3925
29317,ASN-24431,Generic,Vietnam,20-Mar-14,20-Mar-14,200mg,Tablet,Yes,1113.01,Direct Drop,"Nevirapine 200mg, tablets, 60 Tabs",16.7,6000,13500.0,PMO - US,"Aurobindo Unit III, India",Nevirapine,2.25,12/19/13,SCMS-188671,FPQ-12051,05-03-13,ARV,108-VN-T30,20-Mar-14,Air,Adult,60,0.04,Aurobindo Pharma Limited,EXW,594
1803,ASN-2300,Retrovir,South Africa,14-May-08,14-May-08,300mg,Tablet,Yes,Freight Included in Commodity Cost,Direct Drop,"Zidovudine 300mg [Retrovir], tablets, 60 Tabs",26.61,1000,16630.0,PMO - US,GSK Aranda,Zidovudine,16.63,Date Not Captured,SCMS-23500,Pre-PQ Process,Pre-PQ Process,ARV,116-ZA-T01,20-Aug-08,Truck,Adult,60,0.28,S. BUYS WHOLESALER,DDP,Weight Captured Separately
392,ASN-3435,Bioline,CÃte dIvoire,19-Mar-09,19-Mar-09,MIssing,Test kit,Yes,2656.12,Direct Drop,"HIV 1/2, Bioline 3.0 Kit, Lancets, Capillary pipets, Alcohol swabs included, 25 Tests",25.83,659,13180.0,PMO - US,"Standard Diagnostics, Korea","HIV 1/2, Bioline 3.0 Kit, Lancets, Capillary pipets, Alcohol swabs included",20.0,03-03-08,SCMS-18310,Pre-PQ Process,Pre-PQ Process,HRDT,104-CI-T01,19-Mar-09,Air,HIV test,25,0.8,"Standard Diagnostics, Inc.",EXW,206
12020,DN-1588,Generic,Ethiopia,08-Dec-09,08-Dec-09,200mg,Tablet,Yes,7573.92,From RDC,"Nevirapine 200mg, tablets, 60 Tabs",125.05,20000,58000.0,PMO - US,"Cipla, Goa, India",Nevirapine,2.9,N/A - From RDC,SO-35210,Pre-PQ Process,Date Not Captured,ARV,117-ET-T01,08-Dec-09,Air,Adult,60,0.05,SCMS from RDC,N/A - From RDC,2190
84997,DN-4017,Generic,CÃte dIvoire,02-Dec-14,08-Dec-14,600mg,Tablet,Yes,20052.11,From RDC,"Efavirenz 600mg, tablets, 30 Tabs",212.66,64445,206868.45,PMO - US,"Strides, Bangalore, India.",Efavirenz,3.21,N/A - From RDC,SO-49051,FPQ-14370,5/23/14,ARV,104-CI-T30,28-Nov-14,Truck,Adult,30,0.11,SCMS from RDC,N/A - From RDC,5678
65186,ASN-18662,Generic,Vietnam,03-Apr-13,03-Apr-13,150/300mg,Tablet - FDC,No,See ASN-18662 (ID#:38299),Direct Drop,"Lamivudine/Zidovudine 150/300mg, tablets, 60 Tabs",100.64,11623,81361.0,PMO - US,Hetero Unit III Hyderabad IN,Lamivudine/Zidovudine,7.0,11-07-12,SCMS-164580,FPQ-10811,10/15/12,ARV,108-VN-T30,03-Apr-13,Air,Adult,60,0.12,HETERO LABS LIMITED,EXW,See ASN-18662 (ID#:38299)
84017,DN-1916,Generic,Nigeria,28-Jun-10,28-Jun-10,300mg,Tablet,Yes,Freight Included in Commodity Cost,From RDC,"Zidovudine 300mg, tablets, 60 Tabs",3.23,200,1500.0,PMO - US,"Aurobindo Unit III, India",Zidovudine,7.5,N/A - From RDC,SO-36503,FPQ-5023,02-10-10,ARV,151-NG-T30,15-Jul-10,Air,Adult,60,0.12,SCMS from RDC,N/A - From RDC,11
86584,DN-3230,Generic,Mozambique,01-Aug-13,01-Aug-13,600/300/300mg,Tablet - FDC,Yes,Invoiced Separately,From RDC,"Efavirenz/Lamivudine/Tenofovir Disoproxil Fumarate 600/300/300mg, tablets, 30 Tabs",650.66,50000,526000.0,PMO - US,Hetero Unit III Hyderabad IN,Efavirenz/Lamivudine/Tenofovir Disoproxil Fumarate,10.52,N/A - From RDC,SO-43774,FPQ-11033,11-12-12,ARV,111-MZ-T30,01-Aug-13,Truck,Adult,30,0.35,SCMS from RDC,N/A - From RDC,Weight Captured Separately
12473,DN-803,Bioline,Zimbabwe,01-Jul-08,01-Jul-08,MIssing,Test kit,Yes,12781.58,From RDC,"HIV 1/2, Bioline 3.0 Kit, Lancets, Capillary pipets, Alcohol swabs included, 25 Tests",310.4,9700,194000.0,PMO - US,"Standard Diagnostics, Korea","HIV 1/2, Bioline 3.0 Kit, Lancets, Capillary pipets, Alcohol swabs included",20.0,N/A - From RDC,SO-1874,Pre-PQ Process,Pre-PQ Process,HRDT,113-ZW-T01,01-Jul-08,Air,HIV test,25,0.8,SCMS from RDC,N/A - From RDC,2907
82464,DN-2597,Generic,Uganda,27-Feb-12,27-Feb-12,200mg,Tablet,No,See DN-2597 (ID#:82462),From RDC,"Nevirapine 200mg, tablets, 60 Tabs",5.98,1700,4267.0,PMO - US,"Strides, Bangalore, India.",Nevirapine,2.51,N/A - From RDC,SO-41520,FPQ-9321,02-10-12,ARV,114-UG-T30,24-Apr-12,Truck,Adult,60,0.04,SCMS from RDC,N/A - From RDC,See DN-2597 (ID#:82462)
83659,DN-3035,Generic,Uganda,01-Mar-13,01-Mar-13,600/300mg,Tablet - FDC,Yes,6637.16,From RDC,"Abacavir/Lamivudine 600/300mg, scored tablets, 30 Tabs",86.5,5009,69925.64,PMO - US,Mylan (formerly Matrix) Nashik,Abacavir/Lamivudine,13.96,N/A - From RDC,SO-43920,FPQ-11143,12/13/12,ARV,114-UG-T30,15-Mar-13,Air,Adult,30,0.47,SCMS from RDC,N/A - From RDC,467
10794,DN-1416,Generic,Zambia,22-Sep-09,22-Sep-09,200mg,Tablet,Yes,13518.56,From RDC,"Nevirapine 200mg, tablets, 60 Tabs",576.24,98000,294000.0,PMO - US,"Aurobindo Unit III, India",Nevirapine,3.0,N/A - From RDC,SO-33020,Pre-PQ Process,Date Not Captured,ARV,110-ZM-T01,22-Sep-09,Truck,Adult,60,0.05,SCMS from RDC,N/A - From RDC,9522
85120,DN-1847,Generic,Haiti,09-Jun-10,09-Jun-10,20mg,Capsule,No,See DN-1847 (ID#:82889),From RDC,"Stavudine 20mg, capsules, 60 Caps",1.55,504,720.72,PMO - US,"Aurobindo Unit III, India",Stavudine,1.43,N/A - From RDC,SO-36740,FPQ-5523,4/19/10,ARV,106-HT-T30,30-Jun-10,Air,Adult,60,0.02,SCMS from RDC,N/A - From RDC,See DN-1847 (ID#:82889)
82281,DN-1580,Generic,Mozambique,26-Jan-10,26-Jan-10,300mg,Tablet,Yes,1816.73,From RDC,"Zidovudine 300mg, tablets, 60 Tabs",1.39,92,709.32,PMO - US,"Aurobindo Unit III, India",Zidovudine,7.71,N/A - From RDC,SO-34170,FPQ-4479,2/26/09,ARV,111-MZ-T30,19-Jan-10,Air,Adult,60,0.13,SCMS from RDC,N/A - From RDC,363
43918,ASN-30792,Generic,South Africa,19-Feb-15,19-Feb-15,200mg,Capsule,No,Freight Included in Commodity Cost,Direct Drop,"Efavirenz 200mg, capsule, 90 Caps",0.07,3,70.76,PMO - US,"Aurobindo Unit III, India",Efavirenz,23.59,05-08-14,SCMS-238550,FPQ-13973,4/30/14,ARV,116-ZA-T30,19-Feb-15,Truck,Pediatric,90,0.26,PHARMACY DIRECT,DDP,Weight Captured Separately
26397,ASN-12097,Determine,Kenya,30-Sep-11,30-Sep-11,MIssing,Test kit,Yes,29339.63,Direct Drop,"HIV 1/2, Determine Complete HIV Kit, 100 Tests",1074.65,7318,651302.0,PMO - US,Inverness Japan,"HIV 1/2, Determine Complete HIV Kit",89.0,7/20/11,SCMS-115320,FPQ-7907,6/23/11,HRDT,127-KE-T30,30-Sep-11,Air,HIV test,100,0.89,"Orgenics, Ltd",EXW,2556
86644,DN-3500,Generic,Tanzania,07-Mar-14,12-Mar-14,200mg,Tablet,Yes,5033.8,From RDC,"Efavirenz 200mg, scored tablets, 90 Tabs",248.44,21596,200842.8,PMO - US,"Strides, Bangalore, India.",Efavirenz,9.3,N/A - From RDC,SO-47520,FPQ-12587,07-04-13,ARV,109-TZ-T30,31-Jan-14,Truck,Pediatric,90,0.1,SCMS from RDC,N/A - From RDC,1336
85585,DN-4210,Generic,Burundi,22-Apr-15,23-Apr-15,300/300mg,Tablet - FDC,No,See DN-4210 (ID#:83906),From RDC,"Lamivudine/Tenofovir Disoproxil Fumarate 300/300mg, tablets, 30 Tabs",1.3,240,1101.6,PMO - US,Ranbaxy per Shasun Pharma,Lamivudine/Tenofovir Disoproxil Fumarate,4.59,N/A - From RDC,SO-50290,FPQ-15406,11/19/14,ARV,102-BI-T30,30-Jun-15,Air,Adult,30,0.15,SCMS from RDC,N/A - From RDC,See DN-4210 (ID#:83906)
11481,DN-609,Generic,CÃte dIvoire,19-Feb-08,19-Feb-08,600mg,Tablet,No,See DN-609 (ID#:11480),From RDC,"Efavirenz 600mg, tablets, 30 Tabs",711.74,37039,444838.39,PMO - US,"Strides, Bangalore, India.",Efavirenz,12.01,N/A - From RDC,SO-1546,Pre-PQ Process,Pre-PQ Process,ARV,104-CI-T01,19-Feb-08,Air,Adult,30,0.4,SCMS from RDC,N/A - From RDC,See DN-609 (ID#:11480)
10472,ASN-4185,Uni-Gold,Botswana,10-Jul-09,10-Jul-09,MIssing,Test kit,Yes,1060.43,Direct Drop,"HIV 1/2, Uni-Gold HIV Kit, 20 Tests",8.66,138,4416.0,PMO - US,"Trinity Biotech, Plc","HIV 1/2, Uni-Gold HIV Kit",32.0,5/26/09,SCMS-46460,Pre-PQ Process,Pre-PQ Process,HRDT,100-BW-T01,10-Jul-09,Air,HIV test,20,1.6,"Trinity Biotech, Plc",EXW,56
2008,ASN-2576,Colloidal Gold,Ethiopia,07-Oct-08,07-Oct-08,MIssing,Test kit,Yes,44347.71,Direct Drop,"HIV 1/2, SKB Colloidal Gold, Diagnostic Kit, Antibody, 50 Tests",257.53,6998,160954.0,PMO - US,"KHB Test Kit Facility, Shanghai China","HIV 1/2, Colloidal Gold, Diagnostic Kit, Antibody",23.0,8/22/08,SCMS-28710,Pre-PQ Process,Pre-PQ Process,HRDT,117-ET-T01,07-Oct-08,Air,HIV test,1,23.0,"SHANGHAI KEHUA BIOENGINEERING CO.,LTD.  (KHB)",EXW,5057
45929,ASN-24097,Determine,Mozambique,10-Feb-14,15-Mar-14,MIssing,Test kit,Yes,29244.02,Direct Drop,"HIV 1/2, Determine Complete HIV Kit, 100 Tests",787.45,9575,766000.0,PMO - US,"Alere Medical Co., Ltd.","HIV 1/2, Determine Complete HIV Kit",80.0,11/13/13,SCMS-211560,FPQ-13093,10/15/13,HRDT,111-MZ-T30,10-Feb-14,Air,HIV test,100,0.8,"Orgenics, Ltd",EXW,3890
24571,ASN-29097,Generic,Namibia,19-Nov-14,19-Nov-14,150/300/200mg,Tablet - FDC,No,See ASN-29097 (ID#:17900),Direct Drop,"Lamivudine/Nevirapine/Zidovudine 150/200/300mg, tablets, 60 Tabs",108.98,12788,106012.52,PMO - US,"Hetero, Jadcherla, unit 5, IN",Lamivudine/Nevirapine/Zidovudine,8.29,8/29/14,SCMS-253440,FPQ-14689,7/30/14,ARV,901-NA-T30,19-Nov-14,Air,Adult,60,0.14,HETERO LABS LIMITED,EXW,See ASN-29097 (ID#:17900)
84852,DN-3317,Generic,Zambia,22-Oct-13,18-Nov-13,30/50/60mg,Chewable/dispersible tablet - FDC,No,See DN-3317 (ID#:84851),From RDC,"Lamivudine/Nevirapine/Zidovudine 30/50/60mg, dispersible tablets, 60 Tabs",69.31,14404,56031.56,PMO - US,"Strides, Bangalore, India.",Lamivudine/Nevirapine/Zidovudine,3.89,N/A - From RDC,SO-45071,FPQ-12066,4/19/13,ARV,110-ZM-T30,22-Oct-13,Truck,Pediatric,60,0.06,SCMS from RDC,N/A - From RDC,See DN-3317 (ID#:84851)
8464,ASN-2293,Videx EC,South Africa,08-May-08,08-May-08,400mg,Delayed-release capsules - blister,No,Freight Included in Commodity Cost,Direct Drop,"Didanosine EC 400mg [Videx EC], delayed-release capsules, Blister 3 x 10 Caps",3.15,80,1968.0,PMO - US,"BMS Meymac, France",Didanosine EC,24.6,Date Not Captured,SCMS-23500,Pre-PQ Process,Pre-PQ Process,ARV,116-ZA-T01,20-Aug-08,Truck,Adult,30,0.82,S. BUYS WHOLESALER,DDP,Weight Captured Separately
83119,DN-3046,Generic,CÃte dIvoire,08-Mar-13,08-Mar-13,200/50mg,Tablet,Yes,14368.65,From RDC,"Lopinavir/Ritonavir 200/50mg, tablets, 120 Tabs",122.33,3524,87254.24,PMO - US,Mylan (formerly Matrix) Nashik,Lopinavir/Ritonavir,24.76,N/A - From RDC,SO-43340,FPQ-10633,09-11-12,ARV,104-CI-T30,30-Apr-13,Truck,Adult,120,0.21,SCMS from RDC,N/A - From RDC,3264
34226,ASN-6658,Determine,Sudan,18-May-10,18-May-10,MIssing,Test kit,Yes,2023.76,Direct Drop,"HIV 1/2, Determine Complete HIV Kit, 100 Tests",60.37,350,28000.0,PMO - US,Inverness Japan,"HIV 1/2, Determine Complete HIV Kit",80.0,3/24/10,SCMS-69270,FPQ-5295,3/15/10,HRDT,102-SD-T30,18-May-10,Air,HIV test,100,0.8,"Orgenics, Ltd",EXW,104
84409,DN-3913,Generic,Nigeria,03-Sep-14,05-Sep-14,150/300/200mg,Tablet - FDC,Yes,26731,From RDC,"Lamivudine/Nevirapine/Zidovudine 150/200/300mg, tablets, 60 Tabs",0.05,6,48.66,PMO - US,"Aurobindo Unit III, India",Lamivudine/Nevirapine/Zidovudine,8.11,N/A - From RDC,SO-47274,FPQ-13293,11/19/13,ARV,151-NG-T30,30-Sep-14,Air Charter,Adult,60,0.14,SCMS from RDC,N/A - From RDC,6589
84147,DN-2546,Generic,Uganda,15-Feb-12,15-Feb-12,200mg,Tablet,Yes,2030,From RDC,"Nevirapine 200mg, tablets, 60 Tabs",2.27,534,1377.72,PMO - US,"Strides, Bangalore, India.",Nevirapine,2.58,N/A - From RDC,SO-40910,FPQ-8520,10-05-11,ARV,114-UG-T30,09-Mar-12,Truck,Adult,60,0.04,SCMS from RDC,N/A - From RDC,30
56107,ASN-28248,Generic,Vietnam,03-Nov-14,03-Nov-14,150/300mg,Tablet - FDC,No,See ASN-28248 (ID#:48994),Direct Drop,"Lamivudine/Zidovudine 150/300mg, tablets, 60 Tabs",107.98,16185,105040.65,PMO - US,Mylan (formerly Matrix) Nashik,Lamivudine/Zidovudine,6.49,4/30/14,SCMS-236110,FPQ-13976,04-08-14,ARV,108-VN-T30,03-Nov-14,Air,Adult,60,0.11,MYLAN LABORATORIES LTD (FORMERLY MATRIX LABORATORIES),EXW,See ASN-28248 (ID#:48994)
69198,ASN-7209,Uni-Gold,Botswana,13-Sep-10,13-Sep-10,MIssing,Test kit,Yes,592.46,Direct Drop,"HIV 1/2, Uni-Gold HIV Kit, 20 Tests",0.31,5,160.0,PMO - US,"Trinity Biotech, Plc","HIV 1/2, Uni-Gold HIV Kit",32.0,9/30/09,SCMS-54100,FPQ-4167,09-09-09,HRDT,144-BW-T30,13-Sep-10,Air,HIV test,20,1.6,"Trinity Biotech, Plc",EXW,2
3,ASN-85,Generic,Vietnam,14-Nov-06,14-Nov-06,10mg/ml,Oral suspension,Yes,4521.5,Direct Drop,"Nevirapine 10mg/ml, oral suspension, Bottle, 240 ml",MIssing,1000,6200.0,PMO - US,"Aurobindo Unit III, India",Nevirapine,6.2,Date Not Captured,SCMS-13,Pre-PQ Process,Pre-PQ Process,ARV,108-VN-T01,14-Nov-06,Air,Pediatric,240,0.03,Aurobindo Pharma Limited,EXW,358
45343,ASN-22686,Generic,Vietnam,05-Dec-13,13-Jan-14,150mg,Tablet,Yes,1666.35,Direct Drop,"Lamivudine 150mg, tablets, 60 Tabs",25.19,11507,20367.39,PMO - US,"Micro labs, Verna, Goa, India",Lamivudine,1.77,7/25/13,SCMS-199760,FPQ-12539,07-11-13,ARV,108-VN-T30,05-Dec-13,Air,Adult,60,0.03,MICRO LABS LIMITED,EXW,539
32316,ASN-12830,Determine,Sudan,06-Jan-12,06-Jan-12,MIssing,Test kit - Ancillary,Yes,885.49,Direct Drop,"Capillary Tubes, for Determine, EDTA, 50uL,100 Pcs",0.03,2,16.0,PMO - US,"Alere Medical Co., Ltd.","HIV, Capillary Tubes, for Determine, EDTA, 50uL,100 Pcs",8.0,9/14/11,SCMS-121842,FPQ-8264,09-07-11,HRDT,102-SD-T30,06-Jan-12,Air,HIV test - Ancillary,100,0.08,"Orgenics, Ltd",EXW,2
85154,DN-2026,Generic,Uganda,25-Oct-10,25-Oct-10,150/300mg,Tablet - FDC,No,See DN-2026 (ID#:84047),From RDC,"Lamivudine/Zidovudine 150/300mg, tablets, 60 Tabs",396.44,21506,183876.3,PMO - US,Hetero Unit III Hyderabad IN,Lamivudine/Zidovudine,8.55,N/A - From RDC,SO-37460,FPQ-6403,9/16/10,ARV,102-UG-T30,20-Oct-10,Air,Adult,60,0.14,SCMS from RDC,N/A - From RDC,See DN-2026 (ID#:84047)
10882,DN-326,Genie,CÃte dIvoire,05-Sep-07,05-Sep-07,MIssing,Test kit,Yes,2650.36,From RDC,"#108853** HIV, Genie II HIV-1/HIV-2 Kit, 40 Tests",54.72,450,34200.0,PMO - US,Bio-Rad Laboratories,"HIV, Genie II HIV-1/HIV-2 Kit",76.0,N/A - From RDC,SO-998,Pre-PQ Process,Pre-PQ Process,HRDT,104-CI-T01,05-Sep-07,MIssing,HIV test,40,1.9,SCMS from RDC,N/A - From RDC,497
5793,ASN-2277,Generic,Vietnam,19-Sep-08,19-Sep-08,150/300mg,Tablet - FDC,Yes,10356.86,Direct Drop,"Lamivudine/Zidovudine 150/300mg, tablets, 60 Tabs",44.76,3024,27972.0,PMO - US,"Aurobindo Unit III, India",Lamivudine/Zidovudine,9.25,5/13/08,SCMS-23340,Pre-PQ Process,Pre-PQ Process,ARV,108-VN-T01,19-Sep-08,Air,Adult,60,0.15,Aurobindo Pharma Limited,EXW,703
86508,DN-2812,Generic,"Congo, DRC",14-Feb-13,14-Feb-13,150mg,Tablet,No,See DN-2812 (ID#:83068),From RDC,"Lamivudine 150mg, tablets, 60 Tabs",1.43,458,1016.76,PMO - US,Hetero Unit III Hyderabad IN,Lamivudine,2.22,N/A - From RDC,SO-42340,FPQ-9906,5/15/12,ARV,102-CD-T30,14-Feb-13,Air,Adult,60,0.04,SCMS from RDC,N/A - From RDC,See DN-2812 (ID#:83068)
52383,ASN-23834,Stat-Pak,CÃte dIvoire,31-Jan-14,03-Feb-14,MIssing,Test kit,Yes,7153.63,Direct Drop,"HIV 1/2, Stat-Pak HIV, Kit, 20 Tests",68.16,1900,55100.0,PMO - US,Chembio Diagnostics Sys. Inc.,"HIV 1/2, Stat-Pak HIV, Kit",29.0,5/21/13,SCMS-188320,FPQ-12136,4/18/13,HRDT,104-CI-T30,31-Jan-14,Air,HIV test,20,1.45,"CHEMBIO DIAGNOSTIC SYSTEMS, INC.",EXW,763
83629,DN-2881,Generic,Zimbabwe,18-Oct-12,18-Oct-12,150/300mg,Tablet - FDC,Yes,Freight Included in Commodity Cost,From RDC,"Lamivudine/Zidovudine 150/300mg, tablets, 60 Tabs",757.53,69990,540322.8,PMO - US,"Cipla, Goa, India",Lamivudine/Zidovudine,7.72,N/A - From RDC,SO-42302,FPQ-9927,5/15/12,ARV,102-ZW-T30,31-Oct-12,Truck,Adult,60,0.13,SCMS from RDC,N/A - From RDC,6408
68938,ASN-28479,Stat-Pak,CÃte dIvoire,13-Oct-14,15-Oct-14,MIssing,Test kit,Yes,2516.62,Direct Drop,"HIV 1/2, Stat-Pak HIV, Kit, 20 Tests",16.89,530,16430.0,PMO - US,Chembio Diagnostics Sys. Inc.,"HIV 1/2, Stat-Pak HIV, Kit",31.0,2/27/14,SCMS-228040,FPQ-13602,1/22/14,HRDT,104-CI-T30,13-Oct-14,Air,HIV test,20,1.55,"CHEMBIO DIAGNOSTIC SYSTEMS, INC.",EXW,219
39589,ASN-27795,Generic,Haiti,14-Oct-14,20-Oct-14,300/300mg,Tablet - FDC,Yes,6161.47,Direct Drop,"Lamivudine/Tenofovir Disoproxil Fumarate 300/300mg, tablets, 30 Tabs",41.55,8806,40419.54,PMO - US,"Cipla, Kurkumbh, India",Lamivudine/Tenofovir Disoproxil Fumarate,4.59,4/30/14,SCMS-233970,FPQ-13797,3/20/14,ARV,106-HT-T30,14-Oct-14,Air,Adult,30,0.15,CIPLA LIMITED,EXW,979
83091,DN-2932,Generic,CÃte dIvoire,26-Nov-12,26-Nov-12,30/60mg,Tablet - FDC,Yes,19079.68,From RDC,"Lamivudine/Zidovudine 30/60mg, tablets, 60 Tabs",39,10080,27820.8,PMO - US,Mylan (formerly Matrix) Nashik,Lamivudine/Zidovudine,2.76,N/A - From RDC,SO-42372,FPQ-9749,4/19/12,ARV,104-CI-T30,15-Dec-12,Truck,Pediatric,60,0.05,SCMS from RDC,N/A - From RDC,5466
85783,DN-2316,Generic,Mozambique,15-Sep-11,15-Sep-11,150mg,Tablet,Yes,315.51,From RDC,"Lamivudine 150mg, tablets, 60 Tabs",12.91,3357,7821.81,PMO - US,Hetero Unit III Hyderabad IN,Lamivudine,2.33,N/A - From RDC,SO-38680,FPQ-7053,1/24/11,ARV,111-MZ-T30,30-Sep-11,Truck,Adult,60,0.04,SCMS from RDC,N/A - From RDC,181
82301,DN-1687,Generic,Nigeria,31-Mar-10,31-Mar-10,150/300/200mg,Tablet - FDC,Yes,Freight Included in Commodity Cost,From RDC,"Lamivudine/Nevirapine/Zidovudine 150/200/300mg, tablets, 60 Tabs",51.31,2121,23797.62,PMO - US,"Aurobindo Unit III, India",Lamivudine/Nevirapine/Zidovudine,11.22,N/A - From RDC,SO-35069,FPQ-4537,11-06-09,ARV,151-NG-T30,19-Apr-10,Air Charter,Adult,60,0.19,SCMS from RDC,N/A - From RDC,248
49435,ASN-26603,Generic,Ghana,23-Jun-14,24-Jun-14,50mg,Capsule,Yes,20464.55,Direct Drop,"Efavirenz 50mg, capsule, 30 Caps",52.92,33000,51480.0,PMO - US,"Aurobindo Unit III, India",Efavirenz,1.56,05-07-14,SCMS-235790,FPQ-13872,3/24/14,ARV,105-GH-T30,23-Jun-14,Air,Pediatric,30,0.05,Aurobindo Pharma Limited,EXW,2343
72933,ASN-30499,Generic,Ghana,10-Apr-15,13-Apr-15,30/60mg,Chewable/dispersible tablet - FDC,No,See ASN-30499 (ID#:52793),Direct Drop,"Lamivudine/Zidovudine 30/60mg, dispersible tablets, 60 Tabs",23.6,11538,22960.62,PMO - US,"Mylan,  H-12 & H-13, India",Lamivudine/Zidovudine,1.99,9/25/14,SCMS-254770,FPQ-14667,08-11-14,ARV,105-GH-T30,10-Apr-15,Air,Pediatric,60,0.03,MYLAN LABORATORIES LTD (FORMERLY MATRIX LABORATORIES),EXW,See ASN-30499 (ID#:52793)
76855,ASN-7111,Retrovir,South Africa,12-May-10,12-May-10,10mg/ml,Oral solution,No,Freight Included in Commodity Cost,Direct Drop,"Zidovudine 10mg/ml [Retrovir], oral solution, Bottle, 200 ml",1.51,100,698.98,PMO - US,GSK Mississauga (Canada),Zidovudine,6.99,05-05-10,SCMS-72760,FPQ-5630,4/30/10,ARV,116-ZA-T30,12-May-10,Truck,Pediatric,200,0.03,S. BUYS WHOLESALER,DDP,Weight Captured Separately
86253,DN-1603,Generic,Zambia,11-Jan-10,11-Jan-10,150/30mg,Tablet - FDC,Yes,9939.38,From RDC,"Lamivudine/Stavudine 150/30mg, tablets, 60 Tabs",595.84,80000,304000.0,PMO - US,"Strides, Bangalore, India.",Lamivudine/Stavudine,3.8,N/A - From RDC,SO-33680,FPQ-4272,9/18/09,ARV,110-ZM-T30,17-Jan-10,Air,Adult,60,0.06,SCMS from RDC,N/A - From RDC,4162
83155,DN-3295,Generic,Tanzania,10-Sep-13,10-Sep-13,200/300mg,Tablet - FDC,Yes,8057.19,From RDC,"Emtricitabine/Tenofovir Disoproxil Fumarate 200/300mg, tablets, 30 Tabs",188.79,26000,152620.0,PMO - US,Mylan (formerly Matrix) Nashik,Emtricitabine/Tenofovir Disoproxil Fumarate,5.87,N/A - From RDC,SO-44983,FPQ-12015,04-02-13,ARV,109-TZ-T30,15-Oct-13,Truck,Adult,30,0.2,SCMS from RDC,N/A - From RDC,3888
84866,DN-3379,Generic,Zambia,29-Nov-13,12-Dec-13,300mg,Tablet,Yes,Invoiced Separately,From RDC,"Abacavir 300mg, tablets, 60 Tabs",167.74,11833,135606.18,PMO - US,Mylan (formerly Matrix) Nashik,Abacavir,11.46,N/A - From RDC,SO-46520,FPQ-12066,4/19/13,ARV,110-ZM-T30,20-Nov-13,Truck,Adult,60,0.19,SCMS from RDC,N/A - From RDC,Weight Captured Separately
55922,ASN-29257,Generic,South Africa,05-Nov-14,05-Nov-14,10mg/ml,Oral solution,No,Freight Included in Commodity Cost,Direct Drop,"Lamivudine 10mg/ml, oral solution, Bottle, 240 ml",0.15,20,143.05,PMO - US,"Aurobindo Unit III, India",Lamivudine,7.15,11-04-14,SCMS-238555,FPQ-13973,4/30/14,ARV,116-ZA-T30,05-Nov-14,Truck,Pediatric,240,0.03,PHARMACY DIRECT,DDP,Weight Captured Separately
83970,DN-1595,Generic,Uganda,23-Dec-09,23-Dec-09,30mg,Capsule,Yes,523.64,From RDC,"Stavudine 30mg, capsules, 60 Caps",0.31,100,146.0,PMO - US,"Aurobindo Unit III, India",Stavudine,1.46,N/A - From RDC,SO-34810,FPQ-4497,10/28/09,ARV,114-UG-T30,03-Feb-10,Air,Adult,60,0.02,SCMS from RDC,N/A - From RDC,7
66420,ASN-6615,Determine,Zambia,26-Apr-10,26-Apr-10,MIssing,Test kit,Yes,14582.14,Direct Drop,"HIV 1/2, Determine Complete HIV Kit, 100 Tests",309.38,1993,143496.0,PMO - US,Inverness Japan,"HIV 1/2, Determine Complete HIV Kit",72.0,12/22/09,SCMS-60711,FPQ-4691,12/16/09,HRDT,110-ZM-T30,03-May-10,Air,HIV test,100,0.72,"Orgenics, Ltd",EXW,967
10976,DN-657,Determine,Haiti,19-Mar-08,19-Mar-08,MIssing,Test kit,Yes,774.84,From RDC,"HIV 1/2, Determine HIV Kit, without Lancets, 100 Tests",3.46,30,2160.0,PMO - US,Inverness Japan,"HIV 1/2, Determine HIV Kit, without Lancets",72.0,N/A - From RDC,SO-1565,Pre-PQ Process,Pre-PQ Process,HRDT,106-HT-T01,19-Mar-08,Air,HIV test,100,0.72,SCMS from RDC,N/A - From RDC,7
30022,ASN-18714,Generic,Uganda,28-Mar-13,28-Mar-13,250mg,Delayed-release capsules,Yes,1458.88,Direct Drop,"Didanosine 250mg, delayed-release capsules, 30 Caps",10.89,677,8801.0,PMO - US,"Aurobindo Unit III, India",Didanosine,13.0,02-05-13,SCMS-173460,FPQ-11141,12/13/12,ARV,114-UG-T30,28-Mar-13,Air,Adult,30,0.43,Aurobindo Pharma Limited,EXW,46
66713,ASN-26347,Norvir,Vietnam,02-Jul-14,02-Jul-14,100mg,Tablet,Yes,520.19,Direct Drop,"Ritonavir 100mg [Norvir], film coated tablets, 30 Tabs",10.76,450,10467.0,PMO - US,ABBVIE Ludwigshafen Germany,Ritonavir,23.26,03-10-14,SCMS-226230,FPQ-13524,02-06-14,ARV,108-VN-T30,02-Jul-14,Air,Adult,30,0.78,ABBVIE LOGISTICS (FORMERLY ABBOTT LOGISTICS BV),FCA,56
45968,ASN-4801,Aluvia,Vietnam,29-Sep-09,29-Sep-09,200/50mg,Tablet,Yes,823.94,Direct Drop,"Lopinavir/Ritonavir 200/50mg [Aluvia], tablets, 120 Tabs",51.56,320,26304.0,PMO - US,ABBVIE Ludwigshafen Germany,Lopinavir/Ritonavir,82.2,08-12-09,SCMS-51470,FPQ-4081,08-10-09,ARV,108-VN-T30,29-Sep-09,Air,Adult,120,0.68,ABBVIE LOGISTICS (FORMERLY ABBOTT LOGISTICS BV),FCA,88
86265,DN-1641,Generic,CÃte dIvoire,15-Feb-10,15-Feb-10,200mg,Tablet,Yes,1083.3,From RDC,"Nevirapine 200mg, tablets, 60 Tabs",24.42,4149,11326.77,PMO - US,"Aurobindo Unit III, India",Nevirapine,2.73,N/A - From RDC,SO-35810,FPQ-4659,12-08-09,ARV,104-CI-T30,10-May-10,Air,Adult,60,0.05,SCMS from RDC,N/A - From RDC,394
61501,ASN-9482,Generic,South Africa,10-Mar-11,10-Mar-11,300mg,Tablet,Yes,15213.22,Direct Drop,"Tenofovir Disoproxil Fumarate 300mg, tablets, 30 Tabs",2102.87,146670,975355.5,PMO - US,"Aurobindo Unit III, India",Tenofovir Disoproxil Fumarate,6.65,9/24/10,SCMS-83730,FPQ-6262,8/31/10,ARV,161-ZA-T30,29-Dec-10,Ocean,Adult,30,0.22,Aurobindo Pharma Limited,DDP,13690
85323,DN-2981,Generic,"Congo, DRC",11-Sep-13,11-Sep-13,300mg,Tablet,No,See DN-2981 (ID#:82538),From RDC,"Abacavir 300mg, tablets, 60 Tabs",2.48,155,2008.8,PMO - US,Mylan (formerly Matrix) Nashik,Abacavir,12.96,N/A - From RDC,SO-43680,FPQ-11054,11/16/12,ARV,101-CD-T30,11-Sep-13,Air,Adult,60,0.22,SCMS from RDC,N/A - From RDC,See DN-2981 (ID#:82538)
420,ASN-1753,Generic,Vietnam,03-Jun-08,03-Jun-08,600mg,Tablet,Yes,4051.34,Direct Drop,"Efavirenz 600mg, tablets, 30 Tabs",154.29,8400,96432.0,PMO - US,Mylan (formerly Matrix) Nashik,Efavirenz,11.48,3/31/08,SCMS-19490,Pre-PQ Process,Pre-PQ Process,ARV,108-VN-T01,03-Jun-08,Air,Adult,30,0.38,MYLAN LABORATORIES LTD (FORMERLY MATRIX LABORATORIES),EXW,654
11687,DN-1457,Generic,Mozambique,07-Oct-09,07-Oct-09,150/300mg,Tablet - FDC,Yes,1588.06,From RDC,"Lamivudine/Zidovudine 150/300mg, tablets, 60 Tabs",159.47,9288,81362.88,PMO - US,"Aurobindo Unit III, India",Lamivudine/Zidovudine,8.76,N/A - From RDC,SO-26424,Pre-PQ Process,Date Not Captured,ARV,111-MZ-T01,07-Oct-09,Truck,Adult,60,0.15,SCMS from RDC,N/A - From RDC,979
62169,ASN-33317,Uni-Gold,Zambia,31-Jul-15,02-Aug-15,MIssing,Test kit,Yes,Invoiced Separately,Direct Drop,"HIV 1/2, Uni-Gold HIV Kit, 20 Tests",22.03,585,18720.0,PMO - US,"Trinity Biotech, Plc","HIV 1/2, Uni-Gold HIV Kit",32.0,6/16/15,SCMS-291880,FPQ-16227,4/23/15,HRDT,A01-ZM-T50,31-Jul-15,Air,HIV test,20,1.6,"Trinity Biotech, Plc",EXW,Weight Captured Separately
85589,DN-4228,Generic,Nigeria,15-Apr-15,20-Apr-15,600/300/300mg,Tablet - FDC,Yes,15880,From RDC,"Efavirenz/Lamivudine/Tenofovir Disoproxil Fumarate 600/300/300mg, tablets, 30 Tabs",671.79,68072,653491.2,PMO - US,Hetero Unit III Hyderabad IN,Efavirenz/Lamivudine/Tenofovir Disoproxil Fumarate,9.6,N/A - From RDC,SO-49932,FPQ-14989,9/19/14,ARV,151-NG-T30,30-Jun-15,Air Charter,Adult,30,0.32,SCMS from RDC,N/A - From RDC,8799
84857,DN-3337,Generic,Zimbabwe,09-Oct-13,01-Nov-13,200mg,Tablet,No,See DN-3337 (ID#:84290),From RDC,"Nevirapine 200mg, tablets, 60 Tabs",375.81,131520,303811.2,PMO - US,Hetero Unit III Hyderabad IN,Nevirapine,2.31,N/A - From RDC,SO-44350,FPQ-11545,1/24/13,ARV,113-ZW-T30,30-Sep-13,Truck,Adult,60,0.04,SCMS from RDC,N/A - From RDC,See DN-3337 (ID#:84290)
42667,ASN-33865,Generic,South Africa,24-Aug-15,24-Aug-15,300mg,Tablet,No,Freight Included in Commodity Cost,Direct Drop,"Abacavir 300mg, tablets, 60 Tabs",3.85,70,3749.42,PMO - US,"Aurobindo Unit III, India",Abacavir,53.56,8/24/15,SCMS-295800,FPQ-14942,09-11-14,ARV,116-ZA-T30,24-Aug-15,Truck,Adult,60,0.89,PHARMACY DIRECT,DDP,Weight Captured Separately
86595,DN-3279,Generic,CÃte dIvoire,28-Aug-13,28-Aug-13,200mg,Tablet,Yes,3033.26,From RDC,"Efavirenz 200mg, scored tablets, 90 Tabs",70.43,7800,56940.0,PMO - US,"Strides, Bangalore, India.",Efavirenz,7.3,N/A - From RDC,SO-44130,FPQ-11254,12/14/12,ARV,104-CI-T30,28-Aug-13,Truck,Pediatric,90,0.08,SCMS from RDC,N/A - From RDC,462
86089,DN-3732,Generic,Uganda,30-Jun-14,01-Jul-14,150/300/200mg,Tablet - FDC,No,See DN-3732 (ID#:82680),From RDC,"Lamivudine/Nevirapine/Zidovudine 150/200/300mg, tablets, 60 Tabs",441.01,52898,429002.78,PMO - US,Hetero Unit III Hyderabad IN,Lamivudine/Nevirapine/Zidovudine,8.11,N/A - From RDC,SO-46875,FPQ-13108,10/16/13,ARV,114-UG-T30,30-Jun-14,Truck,Adult,60,0.14,SCMS from RDC,N/A - From RDC,See DN-3732 (ID#:82680)
84546,DN-1758,Generic,Uganda,25-Mar-10,25-Mar-10,150/300/200mg,Tablet - FDC,Yes,3302.05,From RDC,"Lamivudine/Nevirapine/Zidovudine 150/200/300mg, tablets, 60 Tabs",72.57,3000,33660.0,PMO - US,"Aurobindo Unit III, India",Lamivudine/Nevirapine/Zidovudine,11.22,N/A - From RDC,SO-34860,FPQ-4497,10/28/09,ARV,114-UG-T30,28-Apr-10,Truck,Adult,60,0.19,SCMS from RDC,N/A - From RDC,359
84549,DN-1767,Generic,Tanzania,31-Mar-10,31-Mar-10,200mg,Tablet,Yes,Freight Included in Commodity Cost,From RDC,"Nevirapine 200mg, tablets, 60 Tabs",28.25,4800,13104.0,PMO - US,"Aurobindo Unit III, India",Nevirapine,2.73,N/A - From RDC,SO-36210,FPQ-5237,03-01-10,ARV,109-TZ-T30,21-Jul-10,Air,Adult,60,0.05,SCMS from RDC,N/A - From RDC,460
84359,DN-3642,Generic,Rwanda,06-Jun-14,20-Jun-14,600/300/300mg,Tablet - FDC,No,See DN-3642 (ID#:82668),From RDC,"Efavirenz/Lamivudine/Tenofovir Disoproxil Fumarate 600/300/300mg, tablets, 30 Tabs",402.78,30205,325609.9,PMO - US,Mylan (formerly Matrix) Nashik,Efavirenz/Lamivudine/Tenofovir Disoproxil Fumarate,10.78,N/A - From RDC,SO-46485,FPQ-12766,08-02-13,ARV,107-RW-T30,05-May-14,Truck,Adult,30,0.36,SCMS from RDC,N/A - From RDC,See DN-3642 (ID#:82668)
28418,ASN-16219,Generic,Tanzania,12-Oct-12,12-Oct-12,600mg,Tablet,Yes,9452.02,Direct Drop,"Efavirenz 600mg, tablets, 30 Tabs",119.09,25741,84945.3,PMO - US,"Aurobindo Unit III, India",Efavirenz,3.3,08-09-12,SCMS-156500,FPQ-10394,7/26/12,ARV,900-TZ-T30,09-Oct-12,Air,Adult,30,0.11,Aurobindo Pharma Limited,EXW,2210
84914,DN-3626,Generic,Guyana,14-Apr-14,06-Jun-14,200mg,Tablet,No,See DN-3626 (ID#:83781),From RDC,"Efavirenz 200mg, scored tablets, 90 Tabs",0.71,74,688.2,PMO - US,"Strides, Bangalore, India.",Efavirenz,9.3,N/A - From RDC,SO-47730,FPQ-13567,1/16/14,ARV,105-GY-T30,30-Jun-14,Air,Pediatric,90,0.1,SCMS from RDC,N/A - From RDC,See DN-3626 (ID#:83781)
11332,DN-1289,Generic,Zimbabwe,22-Jun-09,22-Jun-09,150/200/30mg,Tablet - FDC,Yes,14958.2,From RDC,"Lamivudine/Nevirapine/Stavudine 150/200/30mg, tablets, 60 Tabs",1060.6,76000,541120.0,PMO - US,"Cipla, Goa, India",Lamivudine/Nevirapine/Stavudine,7.12,N/A - From RDC,SO-21010,Pre-PQ Process,Pre-PQ Process,ARV,113-ZW-T01,22-Jun-09,Truck,Adult,60,0.12,SCMS from RDC,N/A - From RDC,8955
69683,ASN-10903,Bioline,Tanzania,14-Jul-11,14-Jul-11,MIssing,Test kit,Yes,23623.43,Direct Drop,"HIV 1/2, Bioline 3.0 Kit, Lancets, Capillary pipets, Alcohol swabs included, 25 Tests",330,10000,200000.0,PMO - US,"Standard Diagnostics, Korea","HIV 1/2, Bioline 3.0 Kit, Lancets, Capillary pipets, Alcohol swabs included",20.0,05-02-11,SCMS-100634,FPQ-6936,12/27/10,HRDT,109-TZ-T30,14-Jul-11,Air,HIV test,25,0.8,"Standard Diagnostics, Inc.",EXW,3334
84139,DN-2510,Generic,"Congo, DRC",23-Mar-12,23-Mar-12,10mg/ml,Oral suspension,No,See DN-2510 (ID#:82442),From RDC,"Nevirapine 10mg/ml, oral suspension w/syringe, Bottle, 240 ml",0.45,163,317.85,PMO - US,"Aurobindo Unit III, India",Nevirapine,1.95,N/A - From RDC,SO-41146,FPQ-8840,11/21/11,ARV,101-CD-T30,16-Mar-12,Air,Pediatric,240,0.01,SCMS from RDC,N/A - From RDC,See DN-2510 (ID#:82442)
48706,ASN-9368,Generic,Rwanda,01-Mar-11,01-Mar-11,600mg,Tablet,Yes,6499.25,Direct Drop,"Efavirenz 600mg, tablets, 30 Tabs",339.37,38113,157406.69,PMO - US,Hetero Unit III Hyderabad IN,Efavirenz,4.13,9/28/10,SCMS-84950,FPQ-6341,09-03-10,ARV,107-RW-T30,01-Mar-11,Ocean,Adult,30,0.14,HETERO LABS LIMITED,EXW,3077
83061,DN-2781,Generic,Uganda,30-Oct-12,30-Oct-12,300/300mg,Tablet - FDC,Yes,43098.9,From RDC,"Lamivudine/Tenofovir Disoproxil Fumarate 300/300mg, tablets, 30 Tabs",155.34,20000,110800.0,PMO - US,"Aurobindo Unit VII, IN",Lamivudine/Tenofovir Disoproxil Fumarate,5.54,N/A - From RDC,SO-42570,FPQ-10048,06-06-12,ARV,900-UG-T30,30-Oct-12,Air,Adult,30,0.18,SCMS from RDC,N/A - From RDC,8996
47443,ASN-5062,Aluvia,Uganda,20-Oct-09,20-Oct-09,200/50mg,Tablet,Yes,1025.69,Direct Drop,"Lopinavir/Ritonavir 200/50mg [Aluvia], tablets, 120 Tabs",8.5,120,4339.2,PMO - US,ABBVIE Ludwigshafen Germany,Lopinavir/Ritonavir,36.16,09-10-09,SCMS-53080,FPQ-4085,8/25/09,ARV,114-UG-T30,20-Oct-09,Air,Adult,120,0.3,ABBVIE LOGISTICS (FORMERLY ABBOTT LOGISTICS BV),FCA,36
53272,ASN-23441,Uni-Gold,Nigeria,24-Jan-14,05-Feb-14,MIssing,Test kit,Yes,77833.24,Direct Drop,"HIV 1/2, Uni-Gold HIV Kit, 20 Tests",1260.43,31842,1018944.0,PMO - US,"Trinity Biotech, Plc","HIV 1/2, Uni-Gold HIV Kit",32.0,10/15/13,SCMS-210330,FPQ-12812,8/13/13,HRDT,133-NG-T30,24-Jan-14,Air,HIV test,20,1.6,"Trinity Biotech, Plc",EXW,9312
82444,DN-2513,Generic,Zambia,17-Feb-12,17-Feb-12,300mg,Tablet,Yes,11292.05,From RDC,"Abacavir 300mg, tablets, 60 Tabs",681.25,27452,412878.08,PMO - US,Mylan (formerly Matrix) Nashik,Abacavir,15.04,N/A - From RDC,SO-40270,FPQ-7767,7/26/11,ARV,110-ZM-T30,28-Feb-12,Truck,Adult,60,0.25,SCMS from RDC,N/A - From RDC,3898
51435,ASN-16107,Determine,Cameroon,10-Sep-12,10-Sep-12,MIssing,Test kit - Ancillary,No,See ASN-16107 (ID#:32594),Direct Drop,"Chase Buffer, Determine, 100 Tests, 2.5ml x 1 Vial",0.35,50,250.0,PMO - US,"Alere Medical Co., Ltd.","Chase Buffer, Determine, 100 Tests, 2.5ml x 1 Vial",5.0,7/16/12,SCMS-151600,FPQ-10128,6/22/12,HRDT,103-CM-T30,10-Sep-12,Air,HIV test - Ancillary,1,5.0,"Orgenics, Ltd",EXW,See ASN-16107 (ID#:32594)
12503,DN-704,Generic,Haiti,21-Apr-08,21-Apr-08,300mg,Tablet,Yes,2599,From RDC,"Zidovudine 300mg, tablets, 60 Tabs",40.62,3115,25387.25,PMO - US,"Aurobindo Unit III, India",Zidovudine,8.15,N/A - From RDC,SO-2069,Pre-PQ Process,Pre-PQ Process,ARV,106-HT-T01,21-Apr-08,Air,Adult,60,0.14,SCMS from RDC,N/A - From RDC,178
84309,DN-3434,Generic,Nigeria,26-Nov-13,05-Dec-13,150/300/200mg,Tablet - FDC,Yes,26340,From RDC,"Lamivudine/Nevirapine/Zidovudine 150/200/300mg, tablets, 60 Tabs",714.65,67334,577725.72,PMO - US,"Aurobindo Unit III, India",Lamivudine/Nevirapine/Zidovudine,8.58,N/A - From RDC,SO-44930,FPQ-11864,3/14/13,ARV,151-NG-T30,31-Dec-13,Air Charter,Adult,60,0.14,SCMS from RDC,N/A - From RDC,8716
22684,ASN-11009,Prezista,Uganda,31-May-11,31-May-11,300mg,Tablet,Yes,466,Direct Drop,"Darunavir 300mg [Prezista], tablets, 120 Tabs",39.8,259,24123.26,PMO - US,"Aspen-OSD, Port Elizabeth, SA",Darunavir,93.14,3/25/11,SCMS-104120,FPQ-7268,03-11-11,ARV,114-UG-T30,31-May-11,Air,Adult,120,0.78,ASPEN PHARMACARE,DDP,43
82331,DN-1875,Generic,Zambia,29-Jun-10,29-Jun-10,600mg,Tablet,No,See DN-1875 (ID#:82330),From RDC,"Efavirenz 600mg, tablets, 30 Tabs",192.94,19454,89488.4,PMO - US,"Aurobindo Unit III, India",Efavirenz,4.6,N/A - From RDC,SO-36850,FPQ-5702,5/20/10,ARV,110-ZM-T30,04-Nov-10,Truck,Adult,30,0.15,SCMS from RDC,N/A - From RDC,See DN-1875 (ID#:82330)
7469,ASN-2934,Colloidal Gold,Ethiopia,01-Dec-08,01-Dec-08,MIssing,Test kit,Yes,23035.69,Direct Drop,"HIV 1/2, SKB Colloidal Gold, Diagnostic Kit, Antibody, 50 Tests",158.23,3510,80730.0,PMO - US,"KHB Test Kit Facility, Shanghai China","HIV 1/2, Colloidal Gold, Diagnostic Kit, Antibody",23.0,10/27/08,SCMS-32640,Pre-PQ Process,Pre-PQ Process,HRDT,117-ET-T01,03-Dec-08,Air,HIV test,1,23.0,"SHANGHAI KEHUA BIOENGINEERING CO.,LTD.  (KHB)",EXW,2535
83200,DN-3503,Generic,Uganda,30-Jan-14,03-Feb-14,10mg/ml,Oral suspension,Yes,5458.46,From RDC,"Nevirapine 10mg/ml, oral suspension w/syringe, Bottle, 100 ml",20.05,15000,19500.0,PMO - US,"Aurobindo Unit III, India",Nevirapine,1.3,N/A - From RDC,SO-46840,FPQ-13107,10/16/13,ARV,114-UG-T30,28-Feb-14,Truck,Pediatric,100,0.01,SCMS from RDC,N/A - From RDC,2978
52520,ASN-7111,Truvada,South Africa,12-May-10,12-May-10,300/200mg,Tablet - FDC,No,Freight Included in Commodity Cost,Direct Drop,"Emtricitabine/Tenofovir Disoproxil Fumarate 200/300mg [Truvada], tablets, 30 Tabs",20.23,200,9382.78,PMO - US,"Aspen-OSD, Port Elizabeth, SA",Emtricitabine/Tenofovir Disoproxil Fumarate,46.91,05-05-10,SCMS-72760,FPQ-5630,4/30/10,ARV,116-ZA-T30,12-May-10,Truck,Adult,30,1.56,S. BUYS WHOLESALER,DDP,Weight Captured Separately
86141,DN-3978,Generic,Zambia,19-Nov-14,24-Nov-14,300/300mg,Tablet - FDC,Yes,6700.42,From RDC,"Lamivudine/Tenofovir Disoproxil Fumarate 300/300mg, tablets, 30 Tabs",96.54,20327,93910.74,PMO - US,Hetero Unit III Hyderabad IN,Lamivudine/Tenofovir Disoproxil Fumarate,4.62,N/A - From RDC,SO-47209,FPQ-13221,10/31/13,ARV,110-ZM-T30,31-Oct-14,Truck,Adult,30,0.15,SCMS from RDC,N/A - From RDC,2130
82529,DN-2940,Generic,Zimbabwe,11-Dec-12,11-Dec-12,300/300mg,Tablet - FDC,Yes,11444.77,From RDC,"Lamivudine/Tenofovir Disoproxil Fumarate 300/300mg, tablets, 30 Tabs",1414.28,188201,1008757.36,PMO - US,Hetero Unit III Hyderabad IN,Lamivudine/Tenofovir Disoproxil Fumarate,5.36,N/A - From RDC,SO-42300,FPQ-9927,5/15/12,ARV,102-ZW-T30,21-Dec-12,Truck,Adult,30,0.18,SCMS from RDC,N/A - From RDC,23127
61546,ASN-16887,Colloidal Gold,Ethiopia,05-Nov-12,05-Nov-12,MIssing,Test kit,Yes,152368.7,Direct Drop,"HIV 1/2, SKB Colloidal Gold, Diagnostic Kit, Antibody, 50 Tests",772.75,22497,551176.5,PMO - US,"KHB Test Kit Facility, Shanghai China","HIV 1/2, Colloidal Gold, Diagnostic Kit, Antibody",24.5,08-10-12,SCMS-148511,FPQ-9954,5/21/12,HRDT,117-ET-T30,05-Nov-12,Air,HIV test,1,24.5,"SHANGHAI KEHUA BIOENGINEERING CO.,LTD.  (KHB)",EXW,13749
23283,ASN-8251,Generic,South Africa,19-Nov-10,19-Nov-10,150mg,Tablet,Yes,1791.41,Direct Drop,"Lamivudine 150mg, tablets, 60 Tabs",10.93,2004,5070.12,PMO - US,"Aurobindo Unit III, India",Lamivudine,2.53,3/19/10,SCMS-68980,FPQ-5303,3/18/10,ARV,161-ZA-T30,24-Aug-10,Air,Adult,60,0.04,Aurobindo Pharma Limited,DDP,3
84369,DN-3709,Generic,Tanzania,10-Jun-14,12-Jun-14,200/300mg,Tablet - FDC,Yes,5989.25,From RDC,"Emtricitabine/Tenofovir Disoproxil Fumarate 200/300mg, tablets, 30 Tabs",246.62,34733,199367.42,PMO - US,Mylan (formerly Matrix) Nashik,Emtricitabine/Tenofovir Disoproxil Fumarate,5.74,N/A - From RDC,SO-46006,FPQ-12587,07-04-13,ARV,109-TZ-T30,30-Jun-14,Truck,Adult,30,0.19,SCMS from RDC,N/A - From RDC,2746
12482,DN-798,Generic,Zimbabwe,30-Jul-08,30-Jul-08,150/200/30mg,Tablet - FDC,Yes,2705.71,From RDC,"Lamivudine/Nevirapine/Stavudine 150/200/30mg, tablets, 60 Tabs",115.23,9732,72016.8,PMO - US,"Cipla, Goa, India",Lamivudine/Nevirapine/Stavudine,7.4,N/A - From RDC,SO-2790,Pre-PQ Process,Pre-PQ Process,ARV,113-ZW-T01,30-Jul-08,Truck,Adult,60,0.12,SCMS from RDC,N/A - From RDC,911
86446,DN-2505,Generic,"Congo, DRC",14-Mar-12,14-Mar-12,300mg,Tablet,No,See DN-2505 (ID#:83561),From RDC,"Zidovudine 300mg, tablets, 60 Tabs",7.09,720,5054.4,PMO - US,Hetero Unit III Hyderabad IN,Zidovudine,7.02,N/A - From RDC,SO-41141,FPQ-8840,11/21/11,ARV,101-CD-T30,16-Mar-12,Air,Adult,60,0.12,SCMS from RDC,N/A - From RDC,See DN-2505 (ID#:83561)
11738,DN-269,Generic,Zimbabwe,17-Aug-07,17-Aug-07,150/30mg,Tablet - FDC,Yes,5348,From RDC,"Lamivudine/Stavudine 150/30mg, tablets, 30 Tabs",20.48,6400,12800.0,PMO - US,"Cipla, Goa, India",Lamivudine/Stavudine,2.0,N/A - From RDC,SO-720,Pre-PQ Process,Pre-PQ Process,ARV,100-ZW-T01,17-Aug-07,Truck,Adult,30,0.07,SCMS from RDC,N/A - From RDC,570
28656,ASN-6942,Generic,Guyana,31-May-10,31-May-10,200/50mg,Tablet,Yes,1703.62,Direct Drop,"Lopinavir/Ritonavir 200/50mg, tablets, 120 Tabs",55.12,691,25567.0,PMO - US,Cipla Ltd A-42 MIDC Mahar. IN,Lopinavir/Ritonavir,37.0,05-05-10,SCMS-72750,FPQ-5600,4/28/10,ARV,105-GY-T30,31-May-10,Air,Adult,120,0.31,CIPLA LIMITED,EXW,191
83283,DN-3957,Generic,Mozambique,01-Dec-14,01-Dec-14,600/300/300mg,Tablet - FDC,Yes,53110.46,From RDC,"Efavirenz/Lamivudine/Tenofovir Disoproxil Fumarate 600/300/300mg, tablets, 30 Tabs",5098.1,460041,4959241.98,PMO - US,Mylan (formerly Matrix) Nashik,Efavirenz/Lamivudine/Tenofovir Disoproxil Fumarate,10.78,N/A - From RDC,SO-48885,FPQ-14226,05-02-14,ARV,111-MZ-T30,31-Dec-14,Truck,Adult,30,0.36,SCMS from RDC,N/A - From RDC,56314
85175,DN-2100,Generic,Guatemala,10-Feb-11,10-Feb-11,600mg,Tablet,No,See DN-2100 (ID#:85174),From RDC,"Efavirenz 600mg, tablets, 30 Tabs",246.29,34553,149268.96,PMO - US,"Emcure Plot No.P-2, I.T-B.T. Park, Phase II, MIDC, Hinjwadi, Pune, India",Efavirenz,4.32,N/A - From RDC,SO-38270,FPQ-6943,12/29/10,ARV,202-GT-T30,31-Jan-11,Air,Adult,30,0.14,SCMS from RDC,N/A - From RDC,See DN-2100 (ID#:85174)
83775,DN-3586,Generic,Haiti,24-Mar-14,06-May-14,200/50mg,Tablet,No,See DN-3586 (ID#:83224),From RDC,"Lopinavir/Ritonavir 200/50mg, tablets, 120 Tabs",42.11,2000,40960.0,PMO - US,Mylan (formerly Matrix) Nashik,Lopinavir/Ritonavir,20.48,N/A - From RDC,SO-47690,FPQ-13608,1/22/14,ARV,106-HT-T30,30-Mar-14,Air,Adult,120,0.17,SCMS from RDC,N/A - From RDC,See DN-3586 (ID#:83224)
11668,DN-1355,Generic,CÃte dIvoire,04-Aug-09,04-Aug-09,150/300mg,Tablet - FDC,Yes,1133,From RDC,"Lamivudine/Zidovudine 150/300mg, tablets, 60 Tabs",3.67,214,1874.64,PMO - US,"Aurobindo Unit III, India",Lamivudine/Zidovudine,8.76,N/A - From RDC,SO-27541,Pre-PQ Process,Date Not Captured,ARV,104-CI-T01,04-Aug-09,Air,Adult,60,0.15,SCMS from RDC,N/A - From RDC,19
42912,ASN-17119,Coartem,Nigeria,03-Dec-12,03-Dec-12,20/120mg,Tablet - FDC + blister,Yes,11954.71,Direct Drop,"Artemether/Lumefantrine 20/120mg [Coartem], scored tablets, Blister 30 x 24 Tabs",147.21,2500,105000.0,PMO - US,"Novartis Pharma Suffern, USA",Artemether/Lumefantrine,42.0,5/15/12,SCMS-140030,FPQ-9199,03-01-12,ACT,112-NG-T30,03-Dec-12,Air,ACT,720,0.06,NOVARTIS PHARMA SERVICES AG,EXW,1725
86113,DN-3810,Generic,Rwanda,17-Jul-14,28-Oct-14,30/60mg,Tablet - FDC,Yes,919.81,From RDC,"Lamivudine/Zidovudine 30/60mg, tablets, 60 Tabs",0.74,362,720.38,PMO - US,Mylan (formerly Matrix) Nashik,Lamivudine/Zidovudine,1.99,N/A - From RDC,SO-47980,FPQ-13728,2/13/14,ARV,107-RW-T30,17-Jul-14,Air,Pediatric,60,0.03,SCMS from RDC,N/A - From RDC,16
11863,DN-740,Truvada,Nigeria,20-May-08,20-May-08,300/200mg,Tablet - FDC,Yes,1110.5,From RDC,"Emtricitabine/Tenofovir Disoproxil Fumarate 200/300mg [Truvada], tablets, 30 Tabs",26.92,641,16826.25,PMO - US,"Aspen-OSD, Port Elizabeth, SA",Emtricitabine/Tenofovir Disoproxil Fumarate,26.25,N/A - From RDC,SO-2579,Pre-PQ Process,Pre-PQ Process,ARV,131-NG-T01,20-May-08,Air,Adult,30,0.88,SCMS from RDC,N/A - From RDC,58
83583,DN-2621,Generic,Zimbabwe,07-May-12,07-May-12,200mg,Tablet,Yes,16978.83,From RDC,"Nevirapine 200mg, tablets, 60 Tabs",222.06,52164,134583.12,PMO - US,"Aurobindo Unit VII, IN",Nevirapine,2.58,N/A - From RDC,SO-40860,FPQ-8464,10-04-11,ARV,113-ZW-T30,17-Apr-12,Truck,Adult,60,0.04,SCMS from RDC,N/A - From RDC,12347
11858,DN-717,Viread,Nigeria,18-Apr-08,18-Apr-08,300mg,Tablet,Yes,2812.3,From RDC,"Tenofovir Disoproxil Fumarate 300mg [Viread], tablets, 30 Tabs",2.96,109,1853.0,PMO - US,Gilead(Nycomed) Oranienburg DE,Tenofovir Disoproxil Fumarate,17.0,N/A - From RDC,SO-2351,Pre-PQ Process,Pre-PQ Process,ARV,112-NG-T01,18-Apr-08,Air,Adult,30,0.57,SCMS from RDC,N/A - From RDC,422
2146,ASN-3155,Colloidal Gold,Ethiopia,20-Jan-09,20-Jan-09,MIssing,Test kit,Yes,19882.25,Direct Drop,"HIV 1/2, SKB Colloidal Gold, Diagnostic Kit, Antibody, 50 Tests",156.43,3470,79810.0,PMO - US,"KHB Test Kit Facility, Shanghai China","HIV 1/2, Colloidal Gold, Diagnostic Kit, Antibody",23.0,10/27/08,SCMS-32630,Pre-PQ Process,Pre-PQ Process,HRDT,117-ET-T01,26-Jan-09,Air,HIV test,1,23.0,"SHANGHAI KEHUA BIOENGINEERING CO.,LTD.  (KHB)",EXW,2509
29983,ASN-30792,Generic,South Africa,19-Feb-15,19-Feb-15,200/300mg,Tablet - FDC,No,Freight Included in Commodity Cost,Direct Drop,"Emtricitabine/Tenofovir Disoproxil Fumarate 200/300mg, tablets, 30 Tabs",0.09,3,90.63,PMO - US,"Aurobindo Unit III, India",Emtricitabine/Tenofovir Disoproxil Fumarate,30.21,05-08-14,SCMS-238550,FPQ-13973,4/30/14,ARV,116-ZA-T30,19-Feb-15,Truck,Adult,30,1.01,PHARMACY DIRECT,DDP,Weight Captured Separately
83458,DN-2015,Generic,Haiti,07-Oct-10,07-Oct-10,150mg,Tablet,No,See DN-2015 (ID#:82917),From RDC,"Lamivudine 150mg, tablets, 60 Tabs",101.64,19320,47140.8,PMO - US,Hetero Unit III Hyderabad IN,Lamivudine,2.44,N/A - From RDC,SO-36741,FPQ-5523,4/19/10,ARV,106-HT-T30,30-Sep-10,Air,Adult,60,0.04,SCMS from RDC,N/A - From RDC,See DN-2015 (ID#:82917)
65675,ASN-25332,Generic,Tanzania,24-Jun-14,24-Jun-14,300mg,Tablet,Yes,9716.76,Direct Drop,"Abacavir 300mg, tablets, 60 Tabs",228.01,20000,221800.0,PMO - US,Mylan (formerly Matrix) Nashik,Abacavir,11.09,03-07-14,SCMS-231090,FPQ-13804,2/28/14,ARV,109-TZ-T30,24-Jun-14,Air,Adult,60,0.18,MYLAN LABORATORIES LTD (FORMERLY MATRIX LABORATORIES),EXW,2069
66522,ASN-5056,Viramune,South Africa,24-Aug-09,24-Aug-09,200mg,Tablet,No,Freight Included in Commodity Cost,Direct Drop,"Nevirapine 200mg [Viramune], tablets, 60 Tabs",4.23,100,2156.36,PMO - US,"Boehringer Ing., Koropi, GR",Nevirapine,21.56,08-07-09,SCMS-51250,FPQ-4054,7/29/09,ARV,116-ZA-T30,24-Aug-09,Truck,Adult,60,0.36,S. BUYS WHOLESALER,DDP,Weight Captured Separately
25037,ASN-11701,Generic,South Africa,05-Oct-11,05-Oct-11,300mg,Tablet,Yes,9726.54,Direct Drop,"Tenofovir Disoproxil Fumarate 300mg, tablets, 30 Tabs",789.84,71984,478693.6,PMO - US,"Aurobindo Unit III, India",Tenofovir Disoproxil Fumarate,6.65,12/14/10,SCMS-93570,FPQ-6708,11/26/10,ARV,161-ZA-T30,05-Oct-11,Ocean,Adult,30,0.22,Aurobindo Pharma Limited,DDP,6719
84981,DN-3943,Generic,Zambia,23-Sep-14,17-Oct-14,10mg/ml,Oral suspension,Yes,4329.61,From RDC,"Nevirapine 10mg/ml, oral suspension w/syringe, Bottle, 240 ml",13.36,10000,13000.0,PMO - US,"Aurobindo Unit III, India",Nevirapine,1.3,N/A - From RDC,SO-49281,FPQ-14575,07-11-14,ARV,110-ZM-T30,30-Nov-14,Truck,Pediatric,240,0.01,SCMS from RDC,N/A - From RDC,3731
63409,ASN-31624,Colloidal Gold,Ethiopia,28-Apr-15,29-Apr-15,MIssing,Test kit,Yes,40716.16,Direct Drop,"HIV 1/2, SKB Colloidal Gold, Diagnostic Kit, Antibody, 50 Tests",115.35,4000,98000.0,PMO - US,"KHB Test Kit Facility, Shanghai China","HIV 1/2, Colloidal Gold, Diagnostic Kit, Antibody",24.5,3/17/15,SCMS-280490,FPQ-15928,03-10-15,HRDT,117-ET-T30,28-Apr-15,Air,HIV test,1,24.5,"SHANGHAI KEHUA BIOENGINEERING CO.,LTD.  (KHB)",EXW,2764
17697,ASN-9407,Generic,Vietnam,09-Feb-11,09-Feb-11,150/200/30mg,Tablet - FDC,Yes,12974.12,Direct Drop,"Lamivudine/Nevirapine/Stavudine 150/200/30mg, tablets, 60 Tabs",204.49,19760,94848.0,PMO - US,Hetero Unit III Hyderabad IN,Lamivudine/Nevirapine/Stavudine,4.8,10/18/10,SCMS-87770,FPQ-6384,9/30/10,ARV,108-VN-T30,09-Feb-11,Air,Adult,60,0.08,HETERO LABS LIMITED,EXW,3998
11500,DN-492,Clearview,Namibia,30-Nov-07,30-Nov-07,MIssing,Test kit,Yes,870.4,From RDC,"HIV 1/2, Clearview Complete Kit, 25 Tests",12,100,7500.0,PMO - US,Inverness USA,"HIV 1/2, Clearview Complete Kit",75.0,N/A - From RDC,SO-1418,Pre-PQ Process,Pre-PQ Process,HRDT,119-NA-T01,30-Nov-07,Air,HIV test,25,3.0,SCMS from RDC,N/A - From RDC,61
85456,DN-3626,Generic,Guyana,14-Apr-14,06-Jun-14,10mg/ml,Oral solution,No,See DN-3626 (ID#:83781),From RDC,"Lamivudine 10mg/ml, oral solution w/syringe, Bottle, 240 ml",0.21,144,205.92,PMO - US,"Aurobindo Unit III, India",Lamivudine,1.43,N/A - From RDC,SO-47730,FPQ-13567,1/16/14,ARV,105-GY-T30,30-Jun-14,Air,Pediatric,240,0.01,SCMS from RDC,N/A - From RDC,See DN-3626 (ID#:83781)
28553,ASN-11459,Generic,South Africa,03-Nov-11,03-Nov-11,150mg,Tablet,Yes,20258.28,Direct Drop,"Lamivudine 150mg, tablets, 60 Tabs",634,158124,384241.32,PMO - US,"Strides, Bangalore, India.",Lamivudine,2.43,3/28/11,SCMS-103880,FPQ-7175,03-10-11,ARV,161-ZA-T30,03-Nov-11,Ocean,Adult,60,0.04,STRIDES ARCOLAB LIMITED,DDP,7467
54304,ASN-16937,Uni-Gold,Mozambique,24-Dec-12,24-Dec-12,MIssing,Test kit,Yes,558.46,Direct Drop,"HIV 1/2, Uni-Gold HIV Kit, 20 Tests",1.03,23,736.0,PMO - US,"Trinity Biotech, Plc","HIV 1/2, Uni-Gold HIV Kit",32.0,10-10-12,SCMS-162150,FPQ-10606,09-12-12,HRDT,111-MZ-T30,24-Dec-12,Air,HIV test,20,1.6,"Trinity Biotech, Plc",EXW,8
56880,ASN-17648,Determine,Nigeria,17-Jan-13,17-Jan-13,MIssing,Test kit,Yes,25577.2,Direct Drop,"HIV 1/2, Determine Complete HIV Kit, 100 Tests",342.39,2744,244216.0,PMO - US,"Alere Medical Co., Ltd.","HIV 1/2, Determine Complete HIV Kit",89.0,10/16/12,SCMS-162440,FPQ-10765,10-05-12,HRDT,133-NG-T30,09-Jan-13,Air,HIV test,100,0.89,"Orgenics, Ltd",EXW,1235
83245,DN-3685,Generic,CÃte dIvoire,12-May-14,30-Jun-14,150mg,Tablet,Yes,926.7,From RDC,"Lamivudine 150mg, tablets, 60 Tabs",2.47,1379,2399.46,PMO - US,"Aurobindo Unit III, India",Lamivudine,1.74,N/A - From RDC,SO-47160,FPQ-13142,10/22/13,ARV,104-CI-T30,30-May-14,Truck,Adult,60,0.03,SCMS from RDC,N/A - From RDC,157
84808,DN-3108,Generic,Mozambique,04-Jul-13,04-Jul-13,150/30mg,Tablet - FDC,No,See DN-3108 (ID#:82568),From RDC,"Lamivudine/Stavudine 150/30mg, tablets, 60 Tabs",28.33,8807,22898.2,PMO - US,Hetero Unit III Hyderabad IN,Lamivudine/Stavudine,2.6,N/A - From RDC,SO-44810,FPQ-11882,3/19/13,ARV,111-MZ-T30,04-Jul-13,Air,Adult,60,0.04,SCMS from RDC,N/A - From RDC,See DN-3108 (ID#:82568)
78671,ASN-11510,Generic,South Africa,14-Oct-11,14-Oct-11,10mg/ml,Oral suspension,Yes,3530.94,Direct Drop,"Nevirapine 10mg/ml, oral suspension w/syringe, Bottle, 240 ml",29.73,8500,18020.0,PMO - US,"Aurobindo Unit III, India",Nevirapine,2.12,12/14/10,SCMS-93510,FPQ-6708,11/26/10,ARV,161-ZA-T30,14-Oct-11,Ocean,Pediatric,240,0.01,Aurobindo Pharma Limited,DDP,3061
7735,ASN-3732,Epivir,South Africa,21-Jan-09,21-Jan-09,10mg/ml,Oral solution,No,Freight Included in Commodity Cost,Direct Drop,"Lamivudine 10mg/ml [Epivir], oral solution, Bottle, 240 ml",3.49,350,1781.5,PMO - US,GSK Mississauga (Canada),Lamivudine,5.09,Date Not Captured,SCMS-41190,Pre-PQ Process,Pre-PQ Process,ARV,116-ZA-T01,30-Mar-09,Air,Pediatric,240,0.02,S. BUYS WHOLESALER,DDP,Weight Captured Separately
38762,ASN-10453,Generic,Nigeria,18-Apr-11,18-Apr-11,10mg/ml,Oral suspension,Yes,9316.91,Direct Drop,"Nevirapine 10mg/ml, oral suspension w/syringe, Bottle, 240 ml",12.87,4000,7800.0,PMO - US,"Aurobindo Unit III, India",Nevirapine,1.95,3/25/11,SCMS-104040,FPQ-7339,03-09-11,ARV,151-NG-T30,18-Apr-11,Air,Pediatric,240,0.01,Aurobindo Pharma Limited,EXW,1573
83668,DN-3078,Generic,Mozambique,16-Apr-13,16-Apr-13,150mg,Tablet,Yes,4120.69,From RDC,"Lamivudine 150mg, tablets, 60 Tabs",7.11,2890,5751.1,PMO - US,Hetero Unit III Hyderabad IN,Lamivudine,1.99,N/A - From RDC,SO-43771,FPQ-11033,11-12-12,ARV,111-MZ-T30,01-Jul-13,Truck,Adult,60,0.03,SCMS from RDC,N/A - From RDC,168
12000,DN-1380,Generic,Mozambique,17-Sep-09,17-Sep-09,150/200/30mg,Tablet - FDC,Yes,1799.88,From RDC,"Lamivudine/Nevirapine/Stavudine 150/200/30mg, tablets, 60 Tabs",237.24,17000,121040.0,PMO - US,"Strides, Bangalore, India.",Lamivudine/Nevirapine/Stavudine,7.12,N/A - From RDC,SO-32530,Pre-PQ Process,Date Not Captured,ARV,111-MZ-T01,17-Sep-09,Truck,Adult,60,0.12,SCMS from RDC,N/A - From RDC,4374
60545,ASN-31392,Generic,Botswana,02-Jun-15,04-Jun-15,600/200/300mg,Tablet - FDC,Yes,19745.22,Direct Drop,"Efavirenz/Emtricitabine/Tenofovir Disoproxil Fumarate 600/200/300mg, tablets, 30 Tabs",394.21,32112,334928.16,PMO - US,"Hetero, Jadcherla, unit 5, IN",Efavirenz/Emtricitabine/Tenofovir Disoproxil Fumarate,10.43,02-06-15,SCMS-275710,FPQ-15568,01-08-15,ARV,104-BW-T30,02-Jun-15,Air,Adult,30,0.35,HETERO LABS LIMITED,EXW,3989
14178,ASN-12248,Bioline,Tanzania,29-Oct-11,29-Oct-11,MIssing,Test kit,Yes,21952.35,Direct Drop,"HIV 1/2, Bioline 3.0 Kit, Lancets, Capillary pipets, Alcohol swabs included, 25 Tests",330,10000,200000.0,PMO - US,"Standard Diagnostics, Korea","HIV 1/2, Bioline 3.0 Kit, Lancets, Capillary pipets, Alcohol swabs included",20.0,7/18/11,SCMS-114990,FPQ-7909,6/24/11,HRDT,109-TZ-T30,29-Sep-11,Air,HIV test,25,0.8,"Standard Diagnostics, Inc.",EXW,3334
11386,DN-80,Generic,CÃte dIvoire,30-Apr-07,30-Apr-07,150/200/30mg,Tablet - FDC,Yes,3166,From RDC,"Lamivudine/Nevirapine/Stavudine 150/200/30mg, tablets, 60 Tabs",MIssing,9000,67500.0,PMO - US,"Cipla, Goa, India",Lamivudine/Nevirapine/Stavudine,7.5,N/A - From RDC,SO-438,Pre-PQ Process,Pre-PQ Process,ARV,100-CI-T01,30-Apr-07,MIssing,Adult,60,0.12,SCMS from RDC,N/A - From RDC,974
25926,ASN-27812,Generic,Vietnam,22-Sep-14,04-Nov-14,300mg,Tablet,Yes,3467.7,Direct Drop,"Tenofovir Disoproxil Fumarate 300mg, tablets, 30 Tabs",25.55,7000,24850.0,PMO - US,Hetero Unit III Hyderabad IN,Tenofovir Disoproxil Fumarate,3.55,4/30/14,SCMS-236060,FPQ-13976,04-08-14,ARV,108-VN-T30,22-Sep-14,Air,Adult,30,0.12,HETERO LABS LIMITED,EXW,2190
85913,DN-2915,Generic,Rwanda,16-Jan-13,16-Jan-13,150/30mg,Tablet - FDC,Yes,2928.4,From RDC,"Lamivudine/Stavudine 150/30mg, tablets, 60 Tabs",22.62,5468,16130.6,PMO - US,Hetero Unit III Hyderabad IN,Lamivudine/Stavudine,2.95,N/A - From RDC,SO-42700,FPQ-10119,6/18/12,ARV,107-RW-T30,16-Jan-13,Air,Adult,60,0.05,SCMS from RDC,N/A - From RDC,437
85258,DN-2639,Generic,Dominican Republic,16-May-12,16-May-12,600/300mg,Tablet - FDC,No,See DN-2639 (ID#:83588),From RDC,"Abacavir/Lamivudine 600/300mg, scored tablets, 30 Tabs",10.41,330,7425.0,PMO - US,Mylan (formerly Matrix) Nashik,Abacavir/Lamivudine,22.5,N/A - From RDC,SO-41870,FPQ-9676,04-09-12,ARV,102-DO-T30,21-May-12,Air,Adult,30,0.75,SCMS from RDC,N/A - From RDC,See DN-2639 (ID#:83588)
82854,DN-1621,Generic,CÃte dIvoire,23-Jan-10,23-Jan-10,20mg/ml,Oral solution,Yes,5254.09,From RDC,"Abacavir 20mg/ml, oral solution, Bottle, 240 ml",11.48,400,5856.0,PMO - US,"Aurobindo Unit III, India",Abacavir,14.64,N/A - From RDC,SO-34440,FPQ-4378,10/15/09,ARV,104-CI-T30,08-Feb-10,Air,Pediatric,240,0.06,SCMS from RDC,N/A - From RDC,146
82448,DN-2532,Generic,Zambia,17-Feb-12,17-Feb-12,300mg,Tablet,Yes,11292.05,From RDC,"Abacavir 300mg, tablets, 60 Tabs",154.82,7548,110427.24,PMO - US,Mylan (formerly Matrix) Nashik,Abacavir,14.63,N/A - From RDC,SO-41121,FPQ-8759,11-06-11,ARV,110-ZM-T30,27-Apr-12,Truck,Adult,60,0.24,SCMS from RDC,N/A - From RDC,13472
84056,DN-2084,Generic,Uganda,14-Jan-11,14-Jan-11,150/300/200mg,Tablet - FDC,Yes,54009.25,From RDC,"Lamivudine/Nevirapine/Zidovudine 150/200/300mg, tablets, 60 Tabs",1674.02,69202,776446.44,PMO - US,"Aurobindo Unit III, India",Lamivudine/Nevirapine/Zidovudine,11.22,N/A - From RDC,SO-38180,FPQ-6427,9/29/10,ARV,114-UG-T30,07-Feb-11,Truck,Adult,60,0.19,SCMS from RDC,N/A - From RDC,9299
82613,DN-3373,Generic,"Congo, DRC",27-Jan-14,04-Mar-14,300mg,Tablet,Yes,8242.72,From RDC,"Zidovudine 300mg, tablets, 60 Tabs",88.31,10916,71390.64,PMO - US,"Aurobindo Unit III, India",Zidovudine,6.54,N/A - From RDC,SO-45021,FPQ-12033,04-08-13,ARV,101-CD-T30,31-Oct-13,Air,Adult,60,0.11,SCMS from RDC,N/A - From RDC,652
3154,ASN-2234,Determine,Botswana,03-Sep-08,03-Sep-08,MIssing,Test kit,Yes,1038.39,Direct Drop,"HIV 1/2, Determine HIV Kit, without Lancets, 100 Tests",11.52,100,7199.0,PMO - US,Inverness Japan,"HIV 1/2, Determine HIV Kit, without Lancets",71.99,4/28/08,SCMS-22770,Pre-PQ Process,Pre-PQ Process,HRDT,102-BW-T01,20-Jan-09,Air,HIV test,100,0.72,"Orgenics, Ltd",EXW,25
12526,DN-999,Generic,Zambia,14-Nov-08,14-Nov-08,10mg/ml,Oral solution,Yes,5110.76,From RDC,"Zidovudine 10mg/ml, oral solution, Bottle, 240 ml",7.41,1800,3780.0,PMO - US,"Aurobindo Unit III, India",Zidovudine,2.1,N/A - From RDC,SO-15290,Pre-PQ Process,Pre-PQ Process,ARV,110-ZM-T01,14-Nov-08,Air,Pediatric,240,0.01,SCMS from RDC,N/A - From RDC,671
64588,ASN-6504,Norvir,CÃte dIvoire,07-Apr-10,07-Apr-10,100mg,Capsule,Yes,9689.81,Direct Drop,"Ritonavir 100mg [Norvir], capsules, cool, 4 x 84 Caps",51.13,680,26084.8,PMO - US,ABBVIE (Abbott) Logis. UK,Ritonavir,38.36,11/23/09,SCMS-57600,FPQ-4381,11-05-09,ARV,104-CI-T30,07-Apr-10,Air,Adult,336,0.11,ABBVIE LOGISTICS (FORMERLY ABBOTT LOGISTICS BV),FCA,1299
82482,DN-2696,Generic,Zimbabwe,27-Jun-12,27-Jun-12,300mg,Tablet,Yes,5530.12,From RDC,"Zidovudine 300mg, tablets, 60 Tabs",419.21,36192,254067.84,PMO - US,Mylan (formerly Matrix) Nashik,Zidovudine,7.02,N/A - From RDC,SO-39460,FPQ-7560,4/26/11,ARV,113-ZW-T30,31-Jul-12,Truck,Adult,60,0.12,SCMS from RDC,N/A - From RDC,2036
3745,ASN-3635,Stocrin/Sustiva,South Africa,05-Dec-08,05-Dec-08,50mg,Capsule,Yes,4230.75,Direct Drop,"Efavirenz 50mg [Stocrin/Sustiva], capsule, 30 Caps",1.67,360,849.6,PMO - US,"MSD Midrand, Jburg, SA",Efavirenz,2.36,Date Not Captured,SCMS-41050,Pre-PQ Process,Pre-PQ Process,ARV,116-ZA-T01,21-Apr-09,Air,Pediatric,30,0.08,S. BUYS WHOLESALER,DDP,Weight Captured Separately
2451,ASN-4385,Videx,South Africa,20-Apr-09,20-Apr-09,50mg,Chewable/dispersible tablet,No,Freight Included in Commodity Cost,Direct Drop,"Didanosine 50mg [Videx], chewable tablets, 60 Tabs",29.69,1500,15150.0,PMO - US,"BMS Meymac, France",Didanosine,10.1,3/27/09,SCMS-41584,Pre-PQ Process,Pre-PQ Process,ARV,116-ZA-T01,25-Jun-09,Air,Pediatric,60,0.17,S. BUYS WHOLESALER,DDP,Weight Captured Separately
8460,ASN-2277,Generic,Vietnam,19-Sep-08,19-Sep-08,200mg,Tablet,No,See ASN-2277 (ID#:5793),Direct Drop,"Nevirapine 200mg, tablets, 60 Tabs",19.72,3840,12326.4,PMO - US,"Aurobindo Unit III, India",Nevirapine,3.21,5/13/08,SCMS-23340,Pre-PQ Process,Pre-PQ Process,ARV,108-VN-T01,19-Sep-08,Air,Adult,60,0.05,Aurobindo Pharma Limited,EXW,See ASN-2277 (ID#:5793)
85757,DN-2170,Generic,Nigeria,11-May-11,11-May-11,150/300mg,Tablet - FDC,Yes,12601.07,From RDC,"Lamivudine/Zidovudine 150/300mg, tablets, 60 Tabs",1879.44,137900,1139054.0,PMO - US,"Aurobindo Unit III, India",Lamivudine/Zidovudine,8.26,N/A - From RDC,SO-39200,FPQ-6800,12-07-10,ARV,151-NG-T30,21-Jun-11,Air Charter,Adult,60,0.14,SCMS from RDC,N/A - From RDC,12766
83082,DN-2860,Generic,Uganda,27-Oct-12,27-Oct-12,300/300mg,Tablet - FDC,Yes,7918,From RDC,"Lamivudine/Tenofovir Disoproxil Fumarate 300/300mg, tablets, 30 Tabs",90.13,11994,64287.84,PMO - US,"Cipla, Kurkumbh, India",Lamivudine/Tenofovir Disoproxil Fumarate,5.36,N/A - From RDC,SO-42940,FPQ-10395,7/24/12,ARV,114-UG-T30,27-Oct-12,Air,Adult,30,0.18,SCMS from RDC,N/A - From RDC,1199
84699,DN-2498,Generic,"Congo, DRC",14-Feb-12,14-Feb-12,150/300mg,Tablet - FDC,No,See DN-2498 (ID#:83002),From RDC,"Lamivudine/Zidovudine 150/300mg, tablets, 60 Tabs",0.52,45,371.7,PMO - US,"Aurobindo Unit III, India",Lamivudine/Zidovudine,8.26,N/A - From RDC,SO-41136,FPQ-8840,11/21/11,ARV,101-CD-T30,16-Mar-12,Air,Adult,60,0.14,SCMS from RDC,N/A - From RDC,See DN-2498 (ID#:83002)
65630,ASN-27958,Kaletra,South Africa,26-Aug-14,26-Aug-14,80/20mg/ml,Oral solution,Yes,Freight Included in Commodity Cost,Direct Drop,"Lopinavir/Ritonavir 80/20mg/ml [Kaletra], oral solution, cool, Bottle 5 x 60 ml",0.09,4,88.27,PMO - US,ABBVIE (Abbott) Logis. UK,Lopinavir/Ritonavir,22.07,8/26/14,SCMS-238572,FPQ-13973,4/30/14,ARV,116-ZA-T30,26-Aug-14,Truck,Pediatric,300,0.07,PHARMACY DIRECT,DDP,Weight Captured Separately
57852,ASN-28033,Generic,South Africa,29-Aug-14,29-Aug-14,300mg,Tablet,No,Freight Included in Commodity Cost,Direct Drop,"Abacavir 300mg, tablets, 60 Tabs",8.28,88,6697.54,PMO - US,"Aurobindo Unit III, India",Abacavir,76.11,8/29/14,SCMS-199289,FPQ-12522,07-11-13,ARV,116-ZA-T30,29-Aug-14,Truck,Adult,60,1.27,S. BUYS WHOLESALER,DDP,Weight Captured Separately
84196,DN-2891,Generic,Zambia,05-Nov-12,05-Nov-12,150/30mg,Tablet - FDC,Yes,6800.6,From RDC,"Lamivudine/Stavudine 150/30mg, tablets, 60 Tabs",43.43,10500,30975.0,PMO - US,"Strides, Bangalore, India.",Lamivudine/Stavudine,2.95,N/A - From RDC,SO-41830,FPQ-9552,3/29/12,ARV,110-ZM-T30,09-Nov-12,Truck,Adult,60,0.05,SCMS from RDC,N/A - From RDC,537
12723,DN-380,Generic,Zambia,17-Oct-07,17-Oct-07,MIssing,Test kit - Ancillary,No,See DN-380 (ID#:10622),From RDC,"HIV, Lancet, Safety, for HIV Test kits, 100 Pcs",0.01,872,8.72,PMO - US,Inverness Japan,"HIV, Lancet, Safety, for HIV Test kits, 100 Pcs",0.01,N/A - From RDC,SO-535,Pre-PQ Process,Pre-PQ Process,HRDT,110-ZM-T01,17-Oct-07,MIssing,HIV test - Ancillary,100,0.0,SCMS from RDC,N/A - From RDC,See DN-380 (ID#:10622)
65588,ASN-6341,Generic,Vietnam,01-Apr-10,01-Apr-10,300mg,Tablet,No,See ASN-6341 (ID#:29298),Direct Drop,"Tenofovir Disoproxil Fumarate 300mg, tablets, 30 Tabs",46.18,2856,21420.0,PMO - US,Mylan (formerly Matrix) Nashik,Tenofovir Disoproxil Fumarate,7.5,01-12-10,SCMS-62470,FPQ-4720,01-04-09,ARV,108-VN-T30,01-Apr-10,Air,Adult,30,0.25,MYLAN LABORATORIES LTD (FORMERLY MATRIX LABORATORIES),EXW,See ASN-6341 (ID#:29298)
85252,DN-2621,Generic,Zimbabwe,07-May-12,07-May-12,150/200/30mg,Tablet - FDC,No,See DN-2621 (ID#:83583),From RDC,"Lamivudine/Nevirapine/Stavudine 150/200/30mg, tablets, 60 Tabs",630.53,71030,382141.4,PMO - US,"Strides, Bangalore, India.",Lamivudine/Nevirapine/Stavudine,5.38,N/A - From RDC,SO-40860,FPQ-8464,10-04-11,ARV,113-ZW-T30,17-Apr-12,Truck,Adult,60,0.09,SCMS from RDC,N/A - From RDC,See DN-2621 (ID#:83583)
4818,ASN-3234,Determine,Ethiopia,27-Jan-09,27-Jan-09,MIssing,Test kit - Ancillary,Yes,4856.14,Direct Drop,"Capillary Tubes, for Determine, EDTA, 50uL,100 Pcs",156.8,10000,80000.0,PMO - US,Inverness Japan,"HIV, Capillary Tubes, for Determine, EDTA, 50uL,100 Pcs",8.0,11/24/08,SCMS-34310,Pre-PQ Process,Pre-PQ Process,HRDT,117-ET-T01,27-Jan-09,Air,HIV test - Ancillary,100,0.08,"Orgenics, Ltd",EXW,400
62159,ASN-19819,Generic,Haiti,02-Sep-13,02-Sep-13,10mg/ml,Oral suspension,No,See ASN-19819 (ID#:13739),Direct Drop,"Nevirapine 10mg/ml, oral suspension w/syringe, Bottle, 240 ml",3.81,2040,3080.4,PMO - US,"Aurobindo Unit III, India",Nevirapine,1.51,3/22/13,SCMS-180940,FPQ-11443,02-07-13,ARV,106-HT-T30,02-Sep-13,Ocean,Pediatric,240,0.01,Aurobindo Pharma Limited,EXW,See ASN-19819 (ID#:13739)
73059,ASN-29764,Generic,South Africa,10-Dec-14,10-Dec-14,50mg,Capsule,No,Freight Included in Commodity Cost,Direct Drop,"Efavirenz 50mg, capsule, 30 Caps",0.54,172,457.9,PMO - US,"Aurobindo Unit III, India",Efavirenz,2.66,12-10-14,SCMS-267020,FPQ-15269,10/29/14,ARV,116-ZA-T30,10-Dec-14,Truck,Pediatric,30,0.09,S. BUYS WHOLESALER,DDP,Weight Captured Separately
46198,ASN-15081,Aluvia,Vietnam,06-Jul-12,06-Jul-12,200/50mg,Tablet,Yes,1842.23,Direct Drop,"Lopinavir/Ritonavir 200/50mg [Aluvia], tablets, 120 Tabs",163.89,1922,116896.04,PMO - US,ABBVIE Ludwigshafen Germany,Lopinavir/Ritonavir,60.82,1/25/12,SCMS-131600,FPQ-9001,12/15/11,ARV,108-VN-T30,06-Jul-12,Air,Adult,120,0.51,ABBVIE LOGISTICS (FORMERLY ABBOTT LOGISTICS BV),FCA,467
86199,DN-4257,Generic,Zambia,15-May-15,15-May-15,600/300/300mg,Tablet - FDC,No,See DN-4257 (ID#:84468),From RDC,"Efavirenz/Lamivudine/Tenofovir Disoproxil Fumarate 600/300/300mg, tablets, 30 Tabs",5479.13,555197,5329891.2,PMO - US,Mylan (formerly Matrix) Nashik,Efavirenz/Lamivudine/Tenofovir Disoproxil Fumarate,9.6,N/A - From RDC,SO-49622,FPQ-14784,08-12-14,ARV,110-ZM-T30,29-May-15,Truck,Adult,30,0.32,SCMS from RDC,N/A - From RDC,See DN-4257 (ID#:84468)
75848,ASN-24433,Generic,South Africa,07-Feb-14,07-Feb-14,10mg/ml,Oral solution,No,Freight Included in Commodity Cost,Direct Drop,"Lamivudine 10mg/ml, oral solution w/syringe, Bottle, 240 ml",0.12,12,94.68,PMO - US,"Aurobindo Unit III, India",Lamivudine,7.89,8/13/13,SCMS-199280,FPQ-12522,07-11-13,ARV,116-ZA-T30,07-Feb-14,Truck,Pediatric,240,0.03,S. BUYS WHOLESALER,DDP,Weight Captured Separately
10820,DN-44,Stocrin/Sustiva,Mozambique,17-Apr-07,17-Apr-07,200mg,Capsule,No,See DN-44 (ID#:10549),From RDC,"Efavirenz 200mg [Stocrin/Sustiva], capsule, 90 Caps",MIssing,151,4892.4,PMO - US,"MSD Manati, Puerto Rico, (USA)",Efavirenz,32.4,N/A - From RDC,SO-293,Pre-PQ Process,Pre-PQ Process,ARV,111-MZ-T01,17-Apr-07,Air,Pediatric,90,0.36,SCMS from RDC,N/A - From RDC,See DN-44 (ID#:10549)
86796,DN-4211,Generic,CÃte dIvoire,16-Apr-15,20-Apr-15,300/300mg,Tablet - FDC,Yes,6695.9,From RDC,"Lamivudine/Tenofovir Disoproxil Fumarate 300/300mg, tablets, 30 Tabs",44.57,8250,37867.5,PMO - US,"Cipla, Kurkumbh, India",Lamivudine/Tenofovir Disoproxil Fumarate,4.59,N/A - From RDC,SO-50101,FPQ-15259,10/24/14,ARV,104-CI-T30,19-Jun-15,Truck,Adult,30,0.15,SCMS from RDC,N/A - From RDC,821
84805,DN-3075,Generic,CÃte dIvoire,30-Mar-13,30-Mar-13,150/300mg,Tablet - FDC,No,See DN-3075 (ID#:83129),From RDC,"Lamivudine/Zidovudine 150/300mg, tablets, 60 Tabs",878.11,86152,626325.04,PMO - US,"Aurobindo Unit III, India",Lamivudine/Zidovudine,7.27,N/A - From RDC,SO-43330,FPQ-10633,09-11-12,ARV,104-CI-T30,28-Mar-13,Truck,Adult,60,0.12,SCMS from RDC,N/A - From RDC,See DN-3075 (ID#:83129)
3081,ASN-1665,Generic,South Africa,24-Apr-08,24-Apr-08,600mg,Tablet,No,Freight Included in Commodity Cost,Direct Drop,"Efavirenz 600mg, tablets, 30 Tabs",60,2500,37500.0,PMO - US,"Cipla, Goa, India",Efavirenz,15.0,2/20/08,SCMS-19800,Pre-PQ Process,Pre-PQ Process,ARV,116-ZA-T01,24-Apr-08,Truck,Adult,30,0.5,S. BUYS WHOLESALER,DDP,Weight Captured Separately
11997,DN-1344,Generic,Nigeria,04-Aug-09,04-Aug-09,150/300/200mg,Tablet - FDC,Yes,7445.8,From RDC,"Lamivudine/Nevirapine/Zidovudine 150/200/300mg, tablets, 60 Tabs",937.31,41949,478218.6,PMO - US,"Aurobindo Unit III, India",Lamivudine/Nevirapine/Zidovudine,11.4,N/A - From RDC,SO-32642,Pre-PQ Process,Date Not Captured,ARV,151-NG-T01,04-Aug-09,Air Charter,Adult,60,0.19,SCMS from RDC,N/A - From RDC,4724
11510,DN-457,Truvada,Zambia,24-Dec-07,24-Dec-07,300/200mg,Tablet - FDC,Yes,6035.4,From RDC,"Emtricitabine/Tenofovir Disoproxil Fumarate 200/300mg [Truvada], tablets, 30 Tabs",743.65,17706,464782.5,PMO - US,"Aspen-OSD, Port Elizabeth, SA",Emtricitabine/Tenofovir Disoproxil Fumarate,26.25,N/A - From RDC,SO-1187,Pre-PQ Process,Pre-PQ Process,ARV,110-ZM-T01,24-Dec-07,Air,Adult,30,0.88,SCMS from RDC,N/A - From RDC,1594
12782,DN-748,Generic,Tanzania,30-Jun-08,30-Jun-08,200mg,Tablet,No,See DN-748 (ID#:12484),From RDC,"Nevirapine 200mg, tablets, 60 Tabs",477.46,87768,298411.2,PMO - US,"Ranbaxy, Paonta Shahib, India",Nevirapine,3.4,N/A - From RDC,SO-2556,Pre-PQ Process,Pre-PQ Process,ARV,109-TZ-T01,30-Jun-08,Truck,Adult,60,0.06,SCMS from RDC,N/A - From RDC,See DN-748 (ID#:12484)
85213,DN-2439,Generic,Rwanda,02-Dec-11,02-Dec-11,300mg,Tablet,No,See DN-2439 (ID#:82991),From RDC,"Zidovudine 300mg, tablets, 60 Tabs",1.04,90,631.8,PMO - US,Hetero Unit III Hyderabad IN,Zidovudine,7.02,N/A - From RDC,SO-41040,FPQ-8204,08-12-11,ARV,107-RW-T30,05-Dec-11,Air,Adult,60,0.12,SCMS from RDC,N/A - From RDC,See DN-2439 (ID#:82991)
85750,DN-2161,Generic,CÃte dIvoire,07-Jun-11,07-Jun-11,600/200/300mg,Tablet - FDC,No,See DN-2161 (ID#:84639),From RDC,"Efavirenz/Emtricitabine/Tenofovir Disoproxil Fumarate 600/200/300mg, tablets, 30 Tabs",171.57,5220,103982.4,PMO - US,Mylan (formerly Matrix) Nashik,Efavirenz/Emtricitabine/Tenofovir Disoproxil Fumarate,19.92,N/A - From RDC,SO-38570,FPQ-6891,12/21/10,ARV,104-CI-T30,30-Jun-11,Air,Adult,30,0.66,SCMS from RDC,N/A - From RDC,See DN-2161 (ID#:84639)
84708,DN-2535,Generic,Haiti,12-Mar-12,12-Mar-12,150/300/200mg,Tablet - FDC,No,See DN-2535 (ID#:83011),From RDC,"Lamivudine/Nevirapine/Zidovudine 150/200/300mg, tablets, 60 Tabs",1028.22,66672,733392.0,PMO - US,"Aurobindo Unit III, India",Lamivudine/Nevirapine/Zidovudine,11.0,N/A - From RDC,SO-41300,FPQ-9056,12/20/11,ARV,106-HT-T30,02-Mar-12,Air,Adult,60,0.18,SCMS from RDC,N/A - From RDC,See DN-2535 (ID#:83011)
86635,DN-3554,Generic,Mozambique,28-Mar-14,04-Apr-14,150/200/30mg,Tablet - FDC,No,See DN-3554 (ID#:83748),From RDC,"Lamivudine/Nevirapine/Stavudine 150/200/30mg, tablets, 60 Tabs",64.98,12160,52531.2,PMO - US,"Strides, Bangalore, India.",Lamivudine/Nevirapine/Stavudine,4.32,N/A - From RDC,SO-46170,FPQ-12573,6/28/13,ARV,111-MZ-T30,31-Mar-14,Truck,Adult,60,0.07,SCMS from RDC,N/A - From RDC,See DN-3554 (ID#:83748)
55049,ASN-15428,Generic,Uganda,18-Jul-12,18-Jul-12,600mg,Tablet,Yes,20869.6,Direct Drop,"Efavirenz 600mg, tablets, 30 Tabs",259.23,54383,184902.2,PMO - US,"Aurobindo Unit III, India",Efavirenz,3.4,06-12-12,SCMS-149400,FPQ-10089,06-07-12,ARV,900-UG-T30,23-Jul-12,Air,Adult,30,0.11,Aurobindo Pharma Limited,EXW,4668
80005,ASN-30942,Generic,Vietnam,14-Apr-15,14-Apr-15,300mg,Tablet,No,See ASN-30942 (ID#:19840),Direct Drop,"Tenofovir Disoproxil Fumarate 300mg, tablets, 30 Tabs",51.09,14000,49700.0,PMO - US,Hetero Unit III Hyderabad IN,Tenofovir Disoproxil Fumarate,3.55,12-08-14,SCMS-263670,FPQ-15040,10/30/14,ARV,108-VN-T30,14-Apr-15,Air,Adult,30,0.12,HETERO LABS LIMITED,EXW,See ASN-30942 (ID#:19840)
39547,ASN-7632,Determine,CÃte dIvoire,03-Aug-10,03-Aug-10,MIssing,Test kit,Yes,11163.49,Direct Drop,"HIV 1/2, Determine HIV Kit, without Lancets, 100 Tests",502.56,3000,233100.0,PMO - US,Inverness Japan,"HIV 1/2, Determine HIV Kit, without Lancets",77.7,06-07-10,SCMS-75380,FPQ-5209,2/25/10,HRDT,104-CI-T30,03-Aug-10,Air,HIV test,100,0.78,"Orgenics, Ltd",EXW,679
27474,ASN-6585,Uni-Gold,Sudan,07-May-10,07-May-10,MIssing,Test kit,Yes,1310.92,Direct Drop,"HIV 1/2, Uni-Gold HIV Kit, 20 Tests",11.04,160,5120.0,PMO - US,"Trinity Biotech, Plc","HIV 1/2, Uni-Gold HIV Kit",32.0,3/24/10,SCMS-69260,FPQ-5292,3/15/10,HRDT,102-SD-T30,07-May-10,Air,HIV test,20,1.6,"Trinity Biotech, Plc",EXW,53
10983,DN-946,Generic,Haiti,20-Oct-08,20-Oct-08,200mg,Tablet,Yes,43041.34,From RDC,"Nevirapine 200mg, tablets, 60 Tabs",103.35,20186,64595.2,PMO - US,"Aurobindo Unit III, India",Nevirapine,3.2,N/A - From RDC,SO-15960,Pre-PQ Process,Pre-PQ Process,ARV,106-HT-T01,20-Oct-08,Air,Adult,60,0.05,SCMS from RDC,N/A - From RDC,4218
56772,ASN-16123,Generic,Vietnam,09-Oct-12,09-Oct-12,300mg,Tablet,No,See ASN-16123 (ID#:20371),Direct Drop,"Tenofovir Disoproxil Fumarate 300mg, tablets, 30 Tabs",259.96,41296,185419.04,PMO - US,Mylan (formerly Matrix) Nashik,Tenofovir Disoproxil Fumarate,4.49,06-12-12,SCMS-145530,FPQ-9577,04-11-12,ARV,108-VN-T30,09-Oct-12,Air,Adult,30,0.15,MYLAN LABORATORIES LTD (FORMERLY MATRIX LABORATORIES),EXW,See ASN-16123 (ID#:20371)
2558,ASN-4186,Determine,Namibia,15-Jun-09,15-Jun-09,MIssing,Test kit,Yes,2008.54,Direct Drop,"HIV 1/2, Determine HIV Kit, without Lancets, 100 Tests",109.76,800,56000.0,PMO - US,Inverness Japan,"HIV 1/2, Determine HIV Kit, without Lancets",70.0,4/27/09,SCMS-44960,Pre-PQ Process,Pre-PQ Process,HRDT,119-NA-T01,15-Jun-09,Air,HIV test,100,0.7,"Orgenics, Ltd",EXW,195
1691,ASN-1860,Generic,Vietnam,20-Jun-08,20-Jun-08,150mg,Tablet,Yes,4159.45,Direct Drop,"Lamivudine 150mg, tablets, 60 Tabs",46.77,10080,29232.0,PMO - US,"Aurobindo Unit III, India",Lamivudine,2.9,3/31/08,SCMS-20180,Pre-PQ Process,Pre-PQ Process,ARV,108-VN-T01,07-Jul-08,Air,Adult,60,0.05,Aurobindo Pharma Limited,EXW,507
85985,DN-3239,Generic,Nigeria,23-Jul-13,23-Jul-13,150/300/200mg,Tablet - FDC,Yes,Freight Included in Commodity Cost,From RDC,"Lamivudine/Nevirapine/Zidovudine 150/200/300mg, tablets, 60 Tabs",0.28,26,223.08,PMO - US,Hetero Unit III Hyderabad IN,Lamivudine/Nevirapine/Zidovudine,8.58,N/A - From RDC,SO-44755,FPQ-11771,2/28/13,ARV,151-NG-T30,21-Aug-13,Air Charter,Adult,60,0.14,SCMS from RDC,N/A - From RDC,33051
10860,DN-294,Bioline,Tanzania,18-Oct-07,18-Oct-07,MIssing,Test kit,Yes,13952.38,From RDC,"HIV 1/2, Bioline 3.0 Kit, Lancets, Capillary pipets, Alcohol swabs included, 25 Tests",256,8000,160000.0,PMO - US,"Standard Diagnostics, Korea","HIV 1/2, Bioline 3.0 Kit, Lancets, Capillary pipets, Alcohol swabs included",20.0,N/A - From RDC,SO-646,Pre-PQ Process,Pre-PQ Process,HRDT,109-TZ-T01,18-Oct-07,MIssing,HIV test,25,0.8,SCMS from RDC,N/A - From RDC,2366
4947,ASN-3546,ImmunoComb,Senegal,25-Mar-09,25-Mar-09,MIssing,Test kit,Yes,812,Direct Drop,"HIV 1/2, ImmunoComb TriSpot Ag - Ab Kit, 36 Tests",13.33,80,6800.0,PMO - US,INVERNESS ORGENICS LINE,"HIV 1/2, ImmunoComb TriSpot Ag - Ab Kit",85.0,02-06-09,SCMS-38270,Pre-PQ Process,Pre-PQ Process,HRDT,100-SN-T01,25-Mar-09,Air,HIV test,36,2.36,"Orgenics, Ltd",EXW,33
74771,ASN-19166,Epivir,South Africa,16-Apr-13,16-Apr-13,150mg,Tablet,No,Freight Included in Commodity Cost,Direct Drop,"Lamivudine 150mg [Epivir], tablets, 60 Tabs",178.89,19284,144614.29,South Africa Field Office,GSK Ware (UK),Lamivudine,7.5,Date Not Captured,SCMS-183950,FPQ-11828,3/18/13,ARV,116-ZA-T30,16-Apr-13,Truck,Adult,60,0.12,S. BUYS WHOLESALER,DDP,Weight Captured Separately
5589,ASN-1402,Uni-Gold,Botswana,03-Apr-08,03-Apr-08,MIssing,Test kit,Yes,1625.08,Direct Drop,"HIV 1/2, Uni-Gold HIV Kit, 20 Tests",23.04,450,14400.0,PMO - US,"Trinity Biotech, Plc","HIV 1/2, Uni-Gold HIV Kit",32.0,02-04-08,SCMS-16720,Pre-PQ Process,Pre-PQ Process,HRDT,102-BW-T01,03-Apr-08,Air,HIV test,20,1.6,"Trinity Biotech, Plc",EXW,155
10565,DN-148,Invirase,Mozambique,13-Jun-07,13-Jun-07,200mg,Capsule,No,See DN-148 (ID#:10564),From RDC,"Saquinavir 200mg [Invirase], capsules, 270 Caps",MIssing,421,32118.09,PMO - US,Roche Basel,Saquinavir,76.29,N/A - From RDC,SO-576,Pre-PQ Process,Pre-PQ Process,ARV,111-MZ-T01,13-Jun-07,Air,Adult,270,0.28,SCMS from RDC,N/A - From RDC,See DN-148 (ID#:10564)
12492,DN-625,Generic,Zambia,28-Mar-08,28-Mar-08,200mg,Tablet,No,See DN-625 (ID#:10956),From RDC,"Nevirapine 200mg, tablets, 60 Tabs",217.6,40000,136000.0,PMO - US,Hetero Unit III Hyderabad IN,Nevirapine,3.4,N/A - From RDC,SO-1806,Pre-PQ Process,Pre-PQ Process,ARV,110-ZM-T01,28-Mar-08,MIssing,Adult,60,0.06,SCMS from RDC,N/A - From RDC,See DN-625 (ID#:10956)
50976,ASN-9598,Generic,Rwanda,28-Jan-11,28-Jan-11,600/300/300mg,Tablet - FDC,Yes,Freight Included in Commodity Cost,Direct Drop,"Efavirenz/Lamivudine/Tenofovir Disoproxil Fumarate 600/300/300mg, tablets, 30 Tabs",197.63,5244,91665.12,PMO - US,Mylan (formerly Matrix) Nashik,Efavirenz/Lamivudine/Tenofovir Disoproxil Fumarate,17.48,9/28/10,SCMS-83351,FPQ-6186,8/13/10,ARV,107-RW-T30,28-Jan-11,Air,Adult,30,0.58,MYLAN LABORATORIES LTD (FORMERLY MATRIX LABORATORIES),CIP,Weight Captured Separately
41934,ASN-25595,Determine,Burundi,09-May-14,09-May-14,MIssing,Test kit,Yes,12205.04,Direct Drop,"HIV 1/2, Determine Complete HIV Kit, 100 Tests",92.77,1128,90240.0,PMO - US,"Alere Medical Co., Ltd.","HIV 1/2, Determine Complete HIV Kit",80.0,02-03-14,SCMS-223471,FPQ-13443,01-06-14,HRDT,102-BI-T30,09-May-14,Air,HIV test,100,0.8,"Orgenics, Ltd",EXW,462
85674,DN-1842,Generic,Haiti,09-Jun-10,09-Jun-10,20mg/ml,Oral solution,No,See DN-1842 (ID#:84007),From RDC,"Abacavir 20mg/ml, oral solution, Bottle, 240 ml",7.51,256,3481.6,PMO - US,"Aurobindo Unit III, India",Abacavir,13.6,N/A - From RDC,SO-34640,FPQ-4384,10/23/09,ARV,106-HT-T30,02-Jun-10,Air,Pediatric,240,0.06,SCMS from RDC,N/A - From RDC,See DN-1842 (ID#:84007)
84437,DN-4063,Generic,CÃte dIvoire,19-Jan-15,27-Jan-15,600/300/300mg,Tablet - FDC,Yes,9264.13,From RDC,"Efavirenz/Lamivudine/Tenofovir Disoproxil Fumarate 600/300/300mg, tablets, 30 Tabs",329.93,32884,320947.84,PMO - US,Hetero Unit III Hyderabad IN,Efavirenz/Lamivudine/Tenofovir Disoproxil Fumarate,9.76,N/A - From RDC,SO-47881,FPQ-13628,1/29/14,ARV,104-CI-T30,30-Jan-15,Truck,Adult,30,0.33,SCMS from RDC,N/A - From RDC,4114
20975,ASN-27975,Generic,South Africa,27-Aug-14,27-Aug-14,300mg,Tablet,Yes,Freight Included in Commodity Cost,Direct Drop,"Tenofovir Disoproxil Fumarate 300mg, tablets, 30 Tabs",0.03,1,22.6,PMO - US,"Aurobindo Unit III, India",Tenofovir Disoproxil Fumarate,22.6,8/27/14,SCMS-199283,FPQ-12522,07-11-13,ARV,116-ZA-T30,27-Aug-14,Truck,Adult,30,0.75,S. BUYS WHOLESALER,DDP,Weight Captured Separately
11361,DN-1565,Generic,Tanzania,14-Jan-10,14-Jan-10,300mg,Tablet,Yes,2751,From RDC,"Abacavir 300mg, tablets, 60 Tabs",294.45,6376,136573.92,PMO - US,"Aurobindo Unit III, India",Abacavir,21.42,N/A - From RDC,SO-31284,Pre-PQ Process,Date Not Captured,ARV,109-TZ-T01,14-Jan-10,Truck,Adult,60,0.36,SCMS from RDC,N/A - From RDC,640
18269,ASN-17088,Determine,Mozambique,25-Dec-12,25-Dec-12,MIssing,Test kit,Yes,467.26,Direct Drop,"HIV 1/2, Determine Kit without Lancets, Buffer or Caplillary Tubes, 100 Tests",8.19,81,5844.15,PMO - US,"Alere Medical Co., Ltd.","HIV 1/2, Determine Kit without Lancets, Buffer or Capillary Tubes, 100 Tests",72.15,10-10-12,SCMS-162160,FPQ-10606,09-12-12,HRDT,111-MZ-T30,25-Dec-12,Air,HIV test,100,0.72,"Orgenics, Ltd",EXW,16
83888,DN-4129,Generic,Zimbabwe,10-Feb-15,20-Feb-15,600/300/300mg,Tablet - FDC,Yes,47401.47,From RDC,"Efavirenz/Lamivudine/Tenofovir Disoproxil Fumarate 600/300/300mg, tablets, 30 Tabs",4013.31,400000,3904000.0,PMO - US,Mylan (formerly Matrix) Nashik,Efavirenz/Lamivudine/Tenofovir Disoproxil Fumarate,9.76,N/A - From RDC,SO-49150,FPQ-14458,6/13/14,ARV,113-ZW-T30,09-Feb-15,Truck,Adult,30,0.33,SCMS from RDC,N/A - From RDC,45186
42038,ASN-5898,Determine,Kenya,19-Feb-10,19-Feb-10,MIssing,Test kit,Yes,12965.93,Direct Drop,"HIV 1/2, Determine Complete HIV Kit, 100 Tests",1360.52,7888,631040.0,PMO - US,Inverness Japan,"HIV 1/2, Determine Complete HIV Kit",80.0,12-02-09,SCMS-58380,FPQ-4587,11/18/09,HRDT,102-KE-T30,16-Feb-10,Air,HIV test,100,0.8,"Orgenics, Ltd",EXW,1357
20264,ASN-24715,Colloidal Gold,Rwanda,27-Mar-14,27-Mar-14,MIssing,Test kit,Yes,26266.34,Direct Drop,"HIV 1/2, SKB Colloidal Gold, Diagnostic Kit, Antibody, 50 Tests",90.56,2988,73206.0,PMO - US,"KHB Test Kit Facility, Shanghai China","HIV 1/2, Colloidal Gold, Diagnostic Kit, Antibody",24.5,08-12-13,SCMS-198222,FPQ-12518,6/21/13,HRDT,107-RW-T30,27-Mar-14,Air,HIV test,1,24.5,"SHANGHAI KEHUA BIOENGINEERING CO.,LTD.  (KHB)",EXW,1992
48826,ASN-7342,Norvir,Mozambique,23-Jun-10,23-Jun-10,100mg,Capsule,Yes,Freight Included in Commodity Cost,Direct Drop,"Ritonavir 100mg [Norvir], capsules, cool, 84 Caps",7.14,320,3312.0,PMO - US,ABBVIE (Abbott) Logis. UK,Ritonavir,10.35,1/29/10,SCMS-62341,FPQ-4740,12/23/09,ARV,111-MZ-T30,23-Jun-10,Air,Adult,84,0.12,INTERNATIONAL HEALTHCARE DISTRIBUTORS,CIP,Weight Captured Separately
85387,DN-3268,Generic,"Congo, DRC",08-Feb-14,11-Mar-14,150mg,Tablet,No,See DN-3268 (ID#:82595),From RDC,"Lamivudine 150mg, tablets, 60 Tabs",0.92,373,742.27,PMO - US,Hetero Unit III Hyderabad IN,Lamivudine,1.99,N/A - From RDC,SO-45020,FPQ-12033,04-08-13,ARV,101-CD-T30,27-Aug-13,Air,Adult,60,0.03,SCMS from RDC,N/A - From RDC,See DN-3268 (ID#:82595)
1797,ASN-2523,Videx,Vietnam,03-Oct-08,03-Oct-08,25mg,Chewable/dispersible tablet,Yes,3013.09,Direct Drop,"Didanosine 25mg [Videx], chewable tablets, 60 Tabs",4.48,400,2800.0,PMO - US,"BMS Meymac, France",Didanosine,7.0,5/13/08,SCMS-23370,Pre-PQ Process,Pre-PQ Process,ARV,108-VN-T01,03-Oct-08,Air,Pediatric,60,0.12,BRISTOL-MYERS SQUIBB,CIP,81
2687,ASN-272,Generic,Vietnam,14-Mar-07,14-Mar-07,10mg/ml,Oral solution,No,See ASN-272 (ID#:1282),Direct Drop,"Lamivudine 10mg/ml, oral solution, Bottle, 240 ml",MIssing,1000,2440.0,PMO - US,"Cipla, Goa, India",Lamivudine,2.44,11/15/06,SCMS-169,Pre-PQ Process,Pre-PQ Process,ARV,108-VN-T01,14-Mar-07,Air,Pediatric,240,0.01,CIPLA LIMITED,EXW,See ASN-272 (ID#:1282)
85352,DN-3117,Generic,Dominican Republic,21-May-13,21-May-13,300/300mg,Tablet - FDC,No,See DN-3117 (ID#:83132),From RDC,"Lamivudine/Tenofovir Disoproxil Fumarate 300/300mg, tablets, 30 Tabs",47.96,8250,38775.0,PMO - US,Hetero Unit III Hyderabad IN,Lamivudine/Tenofovir Disoproxil Fumarate,4.7,N/A - From RDC,SO-44740,FPQ-11791,03-04-13,ARV,102-DO-T30,24-Apr-13,Air,Adult,30,0.16,SCMS from RDC,N/A - From RDC,See DN-3117 (ID#:83132)
45,ASN-94,Generic,Tanzania,24-Nov-06,24-Nov-06,200mg,Tablet,Yes,6212.41,Direct Drop,"Nevirapine 200mg, tablets, 60 Tabs",MIssing,16667,60834.55,PMO - US,"Aurobindo Unit III, India",Nevirapine,3.65,Date Not Captured,SCMS-140,Pre-PQ Process,Pre-PQ Process,ARV,109-TZ-T01,24-Nov-06,Air,Adult,60,0.06,Aurobindo Pharma Limited,EXW,1478
66094,ASN-24552,Generic,Nigeria,14-Apr-14,15-Apr-14,300mg,Tablet,Yes,11663.16,Direct Drop,"Zidovudine 300mg, tablets, 60 Tabs",144.75,25932,140810.76,PMO - US,"Aurobindo Unit III, India",Zidovudine,5.43,11-04-13,SCMS-212690,FPQ-13102,10/17/13,ARV,151-NG-T30,14-Apr-14,Air,Adult,60,0.09,Aurobindo Pharma Limited,EXW,1548
61779,ASN-25566,Determine,Mozambique,02-May-14,02-May-14,MIssing,Test kit - Ancillary,No,Freight Included in Commodity Cost,Direct Drop,"Chase Buffer, Determine, 100 Tests, 2.5ml x 1 Vial",1.18,229,1145.0,PMO - US,"Alere Medical Co., Ltd.","Chase Buffer, Determine, 100 Tests, 2.5ml x 1 Vial",5.0,2/28/14,SCMS-229670,FPQ-13774,2/21/14,HRDT,111-MZ-T30,02-May-14,Air,HIV test - Ancillary,1,5.0,"Orgenics, Ltd",EXW,Weight Captured Separately
85521,DN-3872,Generic,Mozambique,27-Oct-14,07-Nov-14,150/300/200mg,Tablet - FDC,No,See DN-3872 (ID#:82726),From RDC,"Lamivudine/Nevirapine/Zidovudine 150/200/300mg, tablets, 60 Tabs",750.34,90000,729900.0,PMO - US,Hetero Unit III Hyderabad IN,Lamivudine/Nevirapine/Zidovudine,8.11,N/A - From RDC,SO-47460,FPQ-13394,12-09-13,ARV,111-MZ-T30,30-Sep-14,Truck,Adult,60,0.14,SCMS from RDC,N/A - From RDC,See DN-3872 (ID#:82726)
84525,DN-1637,Generic,Guyana,09-Feb-10,09-Feb-10,300mg,Tablet,No,See DN-1637 (ID#:84524),From RDC,"Zidovudine 300mg, tablets, 60 Tabs",17.26,1063,8004.39,PMO - US,"Aurobindo Unit III, India",Zidovudine,7.53,N/A - From RDC,SO-35700,FPQ-4915,1/14/10,ARV,105-GY-T30,26-Feb-10,Air,Adult,60,0.13,SCMS from RDC,N/A - From RDC,See DN-1637 (ID#:84524)
73748,ASN-20159,Generic,Tanzania,24-Aug-13,24-Aug-13,150/300/200mg,Tablet - FDC,Yes,20618.55,Direct Drop,"Lamivudine/Nevirapine/Zidovudine 150/200/300mg, tablets, 60 Tabs",367.48,36451,297075.65,PMO - US,"Aurobindo Unit III, India",Lamivudine/Nevirapine/Zidovudine,8.15,06-11-13,SCMS-193850,FPQ-12286,5/16/13,ARV,109-TZ-T30,24-Aug-13,Air,Adult,60,0.14,Aurobindo Pharma Limited,EXW,4611
22222,ASN-29597,Generic,South Africa,28-Nov-14,28-Nov-14,150/300mg,Tablet - FDC,No,Freight Included in Commodity Cost,Direct Drop,"Lamivudine/Zidovudine 150/300mg, tablets, 60 Tabs",0.42,18,405.71,PMO - US,"Aurobindo Unit III, India",Lamivudine/Zidovudine,22.54,11/28/14,SCMS-259071,FPQ-14942,09-11-14,ARV,116-ZA-T30,28-Nov-14,Truck,Adult,60,0.38,PHARMACY DIRECT,DDP,Weight Captured Separately
83392,DN-1598,Generic,Uganda,23-Dec-09,23-Dec-09,150mg,Tablet,Yes,3504.8,From RDC,"Lamivudine 150mg, tablets, 60 Tabs",1.32,250,610.0,PMO - US,"Aurobindo Unit III, India",Lamivudine,2.44,N/A - From RDC,SO-34840,FPQ-4497,10/28/09,ARV,114-UG-T30,17-Feb-10,Air,Adult,60,0.04,SCMS from RDC,N/A - From RDC,113
45020,ASN-27610,Isentress,South Africa,05-Aug-14,05-Aug-14,400mg,Tablet,No,Freight Included in Commodity Cost,Direct Drop,"Raltegravir 400mg [Isentress], tablets, 60 Tabs",1.64,20,1599.83,PMO - US,"MSD, Haarlem, NL",Raltegravir,79.99,08-05-14,SCMS-238552,FPQ-13973,4/30/14,ARV,116-ZA-T30,05-Aug-14,Truck,Adult,60,1.33,PHARMACY DIRECT,DDP,Weight Captured Separately
84407,DN-3860,Generic,Zambia,23-Sep-14,06-Oct-14,300mg,Tablet,Yes,635.95,From RDC,"Abacavir 300mg, tablets, 60 Tabs",62.71,5432,61001.36,PMO - US,Mylan (formerly Matrix) Nashik,Abacavir,11.23,N/A - From RDC,SO-48010,FPQ-13679,02-02-14,ARV,100-ZM-T30,31-Jul-14,Truck,Adult,60,0.19,SCMS from RDC,N/A - From RDC,506
82286,DN-1609,Generic,Haiti,27-Jan-10,27-Jan-10,10mg/ml,Oral suspension,Yes,14489.1,From RDC,"Nevirapine 10mg/ml, oral suspension, Bottle, 240 ml",15.05,3635,6979.2,PMO - US,"Aurobindo Unit III, India",Nevirapine,1.92,N/A - From RDC,SO-34700,FPQ-4384,10/23/09,ARV,106-HT-T30,18-Jan-10,Air,Pediatric,240,0.01,SCMS from RDC,N/A - From RDC,1345
21276,ASN-10251,Generic,South Africa,27-May-11,27-May-11,10mg/ml,Oral suspension,Yes,3524.93,Direct Drop,"Nevirapine 10mg/ml, oral suspension w/syringe, Bottle, 240 ml",15.84,4529,9601.48,PMO - US,"Aurobindo Unit III, India",Nevirapine,2.12,12/14/10,SCMS-93490,FPQ-6708,11/26/10,ARV,161-ZA-T30,04-Apr-11,Ocean,Pediatric,240,0.01,Aurobindo Pharma Limited,DDP,1679
51717,ASN-28705,Generic,Ghana,12-Nov-14,13-Nov-14,100/25mg,Tablet,Yes,1472.41,Direct Drop,"Lopinavir/Ritonavir 100/25mg [Aluvia], tablets, 60 Tabs",4.1,672,3991.68,PMO - US,ABBVIE Ludwigshafen Germany,Lopinavir/Ritonavir,5.94,7/18/14,SCMS-249120,FPQ-14101,4/30/14,ARV,901-GH-T30,12-Nov-14,Air,Pediatric,60,0.1,ABBVIE LOGISTICS (FORMERLY ABBOTT LOGISTICS BV),FCA,88
84768,DN-2934,Generic,Haiti,14-Nov-12,14-Nov-12,300mg,Tablet,No,See DN-2934 (ID#:83094),From RDC,"Abacavir 300mg, tablets, 60 Tabs",31.74,1980,25660.8,PMO - US,"Aurobindo Unit III, India",Abacavir,12.96,N/A - From RDC,SO-43600,FPQ-10883,10/30/12,ARV,106-HT-T30,03-Dec-12,Air,Adult,60,0.22,SCMS from RDC,N/A - From RDC,See DN-2934 (ID#:83094)
61550,ASN-24368,Generic,Haiti,17-Jun-14,20-Jun-14,150/300mg,Tablet - FDC,Yes,16574.55,Direct Drop,"Lamivudine/Zidovudine 150/300mg, tablets, 60 Tabs",192.87,24024,155915.76,PMO - US,Mylan (formerly Matrix) Nashik,Lamivudine/Zidovudine,6.49,10/25/13,SCMS-210540,FPQ-12590,8/21/13,ARV,106-HT-T30,17-Jun-14,Air,Adult,60,0.11,MYLAN LABORATORIES LTD (FORMERLY MATRIX LABORATORIES),EXW,2082
30223,ASN-15895,Generic,Rwanda,09-Sep-12,09-Sep-12,200mg,Tablet,Yes,25593.87,Direct Drop,"Nevirapine 200mg, tablets, 60 Tabs",83.41,26441,59492.25,PMO - US,"Aurobindo Unit III, India",Nevirapine,2.25,7/16/12,SCMS-152910,FPQ-10223,07-05-12,ARV,107-RW-T30,09-Sep-12,Air,Adult,60,0.04,Aurobindo Pharma Limited,EXW,2520
85369,DN-3199,Generic,Nigeria,29-May-13,29-May-13,600mg,Tablet,No,See DN-3199 (ID#:84270),From RDC,"Efavirenz 600mg, tablets, 30 Tabs",5.88,1428,4755.24,PMO - US,"Aurobindo Unit VII, IN",Efavirenz,3.33,N/A - From RDC,SO-43850,FPQ-11022,11/15/12,ARV,151-NG-T30,04-Jun-13,Air Charter,Adult,30,0.11,SCMS from RDC,N/A - From RDC,See DN-3199 (ID#:84270)
12470,DN-524,Generic,Ethiopia,04-Feb-08,04-Feb-08,10mg/ml,Oral solution,Yes,4485.25,From RDC,"Zidovudine 10mg/ml, oral solution, Bottle, 240 ml",11.44,3326,7150.9,PMO - US,"Aurobindo Unit III, India",Zidovudine,2.15,N/A - From RDC,SO-1529,Pre-PQ Process,Pre-PQ Process,ARV,117-ET-T01,04-Feb-08,Air,Pediatric,240,0.01,SCMS from RDC,N/A - From RDC,1225
84584,DN-1982,Generic,CÃte dIvoire,23-Aug-10,23-Aug-10,1mg/ml,Oral solution,No,See DN-1982 (ID#:82910),From RDC,"Stavudine 1mg/ml, powder for oral solution, 200 ml",6.99,2400,3240.0,PMO - US,"Aurobindo Unit III, India",Stavudine,1.35,N/A - From RDC,SO-36311,FPQ-5201,03-03-10,ARV,104-CI-T30,23-Aug-10,Air,Pediatric,200,0.01,SCMS from RDC,N/A - From RDC,See DN-1982 (ID#:82910)
10406,ASN-4294,Determine,Nigeria,24-Jun-09,24-Jun-09,MIssing,Test kit,Yes,30697.91,Direct Drop,"HIV 1/2, Determine Complete HIV Kit, 100 Tests",1002.42,6393,511440.0,PMO - US,Inverness Japan,"HIV 1/2, Determine Complete HIV Kit",80.0,5/14/09,SCMS-43321,Pre-PQ Process,Pre-PQ Process,HRDT,133-NG-T01,24-Jun-09,Air,HIV test,100,0.8,"Orgenics, Ltd",EXW,1920
14252,ASN-24417,Generic,Uganda,21-Mar-14,21-Mar-14,30/60mg,Chewable/dispersible tablet - FDC,Yes,3868.24,Direct Drop,"Lamivudine/Zidovudine 30/60mg, dispersible tablets, 60 Tabs",17.14,7445,16676.8,PMO - US,"Cipla, Goa, India",Lamivudine/Zidovudine,2.24,10/30/13,SCMS-212350,FPQ-13116,10/23/13,ARV,114-UG-T30,21-Mar-14,Air,Pediatric,60,0.04,CIPLA LIMITED,EXW,574
84992,DN-3975,Generic,"Congo, DRC",18-Feb-15,23-Feb-15,10mg/ml,Oral solution,No,See DN-3975 (ID#:82748),From RDC,"Zidovudine 10mg/ml, oral solution w/syringe, Bottle, 240 ml",1.54,714,1499.4,PMO - US,"Cipla, Goa, India",Zidovudine,2.1,N/A - From RDC,SO-49290,FPQ-14576,7/14/14,ARV,101-CD-T30,30-Jan-15,Air,Pediatric,240,0.01,SCMS from RDC,N/A - From RDC,See DN-3975 (ID#:82748)
34010,ASN-32047,Generic,Uganda,26-May-15,01-Jun-15,300/100mg,Tablet,Yes,1329.99,Direct Drop,"Atazanavir/Ritonavir 300/100mg, tablets, 30 Tabs",21.19,1000,18000.0,PMO - US,"Emcure Plot No.P-2, I.T-B.T. Park, Phase II, MIDC, Hinjwadi, Pune, India",Atazanavir/Ritonavir,18.0,11/25/14,SCMS-264961,FPQ-15303,11-11-14,ARV,114-UG-T30,26-May-15,Air,Adult,30,0.6,EMCURE PHARMACEUTICALS LTD,EXW,132
86076,DN-3650,Generic,Mozambique,18-Jul-14,07-Aug-14,150mg,Tablet,Yes,30.49,From RDC,"Lamivudine 150mg, tablets, 60 Tabs",1.16,648,1127.52,PMO - US,"Micro labs, Verna, Goa, India",Lamivudine,1.74,N/A - From RDC,SO-47600,FPQ-13166,10/21/13,ARV,111-MZ-T30,08-Jul-14,Truck,Adult,60,0.03,SCMS from RDC,N/A - From RDC,39
32193,ASN-23661,Uni-Gold,Ethiopia,14-Jan-14,15-Jan-14,MIssing,Test kit,Yes,526.44,Direct Drop,"HIV 1/2, Uni-Gold HIV Kit, 20 Tests",0.36,11,352.0,PMO - US,"Trinity Biotech, Plc","HIV 1/2, Uni-Gold HIV Kit",32.0,11-06-13,SCMS-213980,FPQ-13200,10/25/13,HRDT,117-ET-T30,14-Jan-14,Air,HIV test,20,1.6,"Trinity Biotech, Plc",EXW,4
3159,ASN-2096,Stat-Pak,Ethiopia,01-Jul-08,01-Jul-08,MIssing,Test kit,Yes,Freight Included in Commodity Cost,Direct Drop,"HIV 1/2, Stat-Pak HIV, Kit, 20 Tests",6.08,81,3798.09,PMO - US,Chembio Diagnostics Sys. Inc.,"HIV 1/2, Stat-Pak HIV, Kit",46.89,4/28/08,SCMS-22810,Pre-PQ Process,Pre-PQ Process,HRDT,117-ET-T01,01-Jul-08,Air,HIV test,20,2.34,SETEMA LIMITED PLC,DDP,Weight Captured Separately
12169,DN-653,Generic,Tanzania,01-Apr-08,01-Apr-08,600mg,Tablet,Yes,10288.1,From RDC,"Efavirenz 600mg, tablets, 30 Tabs",655.72,32997,409822.74,PMO - US,"Aurobindo Unit III, India",Efavirenz,12.42,N/A - From RDC,SO-1941,Pre-PQ Process,Pre-PQ Process,ARV,109-TZ-T01,01-Apr-08,MIssing,Adult,30,0.41,SCMS from RDC,N/A - From RDC,2867
86156,DN-4072,Generic,Zimbabwe,12-Jan-15,21-Jan-15,30/60mg,Chewable/dispersible tablet - FDC,Yes,6819.95,From RDC,"Lamivudine/Zidovudine 30/60mg, dispersible tablets, 60 Tabs",62.31,30457,60609.43,PMO - US,"Mylan,  H-12 & H-13, India",Lamivudine/Zidovudine,1.99,N/A - From RDC,SO-49180,FPQ-14459,6/13/14,ARV,103-ZW-T30,30-Jan-15,Truck,Pediatric,60,0.03,SCMS from RDC,N/A - From RDC,2375
12026,DN-16,Generic,CÃte dIvoire,22-Feb-07,22-Feb-07,150/300mg,Tablet - FDC,No,See DN-16 (ID#:10540),From RDC,"Lamivudine/Zidovudine 150/300mg, tablets, 60 Tabs",MIssing,2770,28392.5,PMO - US,"Aurobindo Unit III, India",Lamivudine/Zidovudine,10.25,N/A - From RDC,SO-283,Pre-PQ Process,Pre-PQ Process,ARV,100-CI-T01,22-Feb-07,MIssing,Adult,60,0.17,SCMS from RDC,N/A - From RDC,See DN-16 (ID#:10540)
10679,DN-829,Bioline,Kenya,31-Mar-08,31-Mar-08,MIssing,Test kit,Yes,99,From RDC,"HIV, Bioline HIV 1/2 3.0 Kit, [DON] 25 Tests",0,3,0.03,PMO - US,"Standard Diagnostics, Korea","HIV, Bioline HIV 1/2 3.0 Kit",0.01,N/A - From RDC,SO-1740,Pre-PQ Process,Pre-PQ Process,HRDT,102-KE-T01,31-Mar-08,Truck,HIV test,25,0.0,SCMS from RDC,N/A - From RDC,3
81200,ASN-7111,Ziagen,South Africa,12-May-10,12-May-10,300mg,Tablet - blister,No,Freight Included in Commodity Cost,Direct Drop,"Abacavir 300mg [Ziagen], tablets, Blister 6 x 10 Tabs",16.78,200,7781.51,PMO - US,GSK Ware (UK),Abacavir,38.91,05-05-10,SCMS-72760,FPQ-5630,4/30/10,ARV,116-ZA-T30,12-May-10,Truck,Adult,60,0.65,S. BUYS WHOLESALER,DDP,Weight Captured Separately
25085,ASN-10239,Uni-Gold,Ethiopia,08-Apr-11,08-Apr-11,MIssing,Test kit,Yes,1921.14,Direct Drop,"HIV 1/2, Uni-Gold HIV Kit, 20 Tests",17.74,336,10752.0,PMO - US,"Trinity Biotech, Plc","HIV 1/2, Uni-Gold HIV Kit",32.0,11/24/10,SCMS-92050,FPQ-6608,11-09-10,HRDT,117-ET-T30,08-Apr-11,Air,HIV test,20,1.6,"Trinity Biotech, Plc",EXW,Weight Captured Separately
26427,ASN-27978,Generic,South Africa,27-Aug-14,27-Aug-14,300mg,Tablet,No,Freight Included in Commodity Cost,Direct Drop,"Tenofovir Disoproxil Fumarate 300mg, tablets, 30 Tabs",5.9,211,4768.7,PMO - US,"Aurobindo Unit III, India",Tenofovir Disoproxil Fumarate,22.6,8/27/14,SCMS-199283,FPQ-12522,07-11-13,ARV,116-ZA-T30,27-Aug-14,Truck,Adult,30,0.75,S. BUYS WHOLESALER,DDP,Weight Captured Separately
83673,DN-3103,Generic,Tanzania,22-Apr-13,22-Apr-13,200/300mg,Tablet - FDC,Yes,3300.95,From RDC,"Emtricitabine/Tenofovir Disoproxil Fumarate 200/300mg, tablets, 30 Tabs",204.6,24042,145934.94,PMO - US,Mylan (formerly Matrix) Nashik,Emtricitabine/Tenofovir Disoproxil Fumarate,6.07,N/A - From RDC,SO-43130,FPQ-10545,8/24/12,ARV,109-TZ-T30,31-May-13,Truck,Adult,30,0.2,SCMS from RDC,N/A - From RDC,2006
28544,ASN-30556,Generic,Vietnam,26-Mar-15,26-Mar-15,150/300mg,Tablet - FDC,Yes,1477.34,Direct Drop,"Lamivudine/Zidovudine 150/300mg, tablets, 60 Tabs",38.03,5700,36993.0,PMO - US,Mylan (formerly Matrix) Nashik,Lamivudine/Zidovudine,6.49,12-08-14,SCMS-263650,FPQ-15040,10/30/14,ARV,108-VN-T30,26-Mar-15,Air,Adult,60,0.11,MYLAN LABORATORIES LTD (FORMERLY MATRIX LABORATORIES),EXW,498
41260,ASN-30553,Generic,Vietnam,23-Mar-15,23-Mar-15,600/300/300mg,Tablet - FDC,Yes,4219.32,Direct Drop,"Efavirenz/Lamivudine/Tenofovir Disoproxil Fumarate 600/300/300mg, tablets, 30 Tabs",223.12,21384,217047.6,PMO - US,Mylan (formerly Matrix) Nashik,Efavirenz/Lamivudine/Tenofovir Disoproxil Fumarate,10.15,12-08-14,SCMS-263650,FPQ-15040,10/30/14,ARV,108-VN-T30,23-Mar-15,Air,Adult,30,0.34,MYLAN LABORATORIES LTD (FORMERLY MATRIX LABORATORIES),EXW,2406
84729,DN-2673,Generic,Rwanda,01-Jun-12,01-Jun-12,300mg,Tablet,Yes,28202,From RDC,"Abacavir 300mg, tablets, 60 Tabs",221.24,12000,157800.0,PMO - US,Mylan (formerly Matrix) Nashik,Abacavir,13.15,N/A - From RDC,SO-42110,FPQ-9888,05-11-12,ARV,107-RW-T30,15-Jun-12,Air,Adult,60,0.22,SCMS from RDC,N/A - From RDC,1239
4854,ASN-3190,Determine,Guyana,23-Jan-09,23-Jan-09,MIssing,Test kit,Yes,1097.78,Direct Drop,"HIV 1/2, Determine Complete HIV Kit, 100 Tests",49.53,351,25272.0,PMO - US,Inverness Japan,"HIV 1/2, Determine Complete HIV Kit",72.0,12-12-08,SCMS-35550,Pre-PQ Process,Pre-PQ Process,HRDT,102-GY-T01,30-Jan-09,Air,HIV test,100,0.72,"Orgenics, Ltd",EXW,60
84454,DN-4154,Generic,Zambia,25-Mar-15,26-Mar-15,150/300mg,Tablet - FDC,Yes,46157.86,From RDC,"Lamivudine/Zidovudine 150/300mg, tablets, 60 Tabs",361.94,54000,352080.0,PMO - US,"Hetero, Jadcherla, unit 5, IN",Lamivudine/Zidovudine,6.52,N/A - From RDC,SO-49280,FPQ-14575,07-11-14,ARV,110-ZM-T30,27-Feb-15,Truck,Adult,60,0.11,SCMS from RDC,N/A - From RDC,28276
10347,ASN-3625,Zerit,South Africa,30-Dec-08,30-Dec-08,1mg/ml,Powder for oral solution,No,Freight Included in Commodity Cost,Direct Drop,"Stavudine 1mg/ml [Zerit], powder for oral solution, Bottle, 200 ml",0.09,40,48.4,PMO - US,"BMS Meymac, France",Stavudine,1.21,Date Not Captured,SCMS-41070,Pre-PQ Process,Pre-PQ Process,ARV,116-ZA-T01,12-May-09,Air,Pediatric,200,0.01,S. BUYS WHOLESALER,DDP,Weight Captured Separately
11680,DN-1418,Generic,Uganda,11-Sep-09,11-Sep-09,150/300mg,Tablet - FDC,Yes,6575.7,From RDC,"Lamivudine/Zidovudine 150/300mg, tablets, 60 Tabs",223.2,13000,113880.0,PMO - US,Mylan (formerly Matrix) Nashik,Lamivudine/Zidovudine,8.76,N/A - From RDC,SO-32150,Pre-PQ Process,Date Not Captured,ARV,114-UG-T01,11-Sep-09,Air,Adult,60,0.15,SCMS from RDC,N/A - From RDC,1051
84825,DN-3200,Generic,CÃte dIvoire,19-Jul-13,19-Jul-13,600/300/300mg,Tablet - FDC,Yes,23753.64,From RDC,"Efavirenz/Lamivudine/Tenofovir Disoproxil Fumarate 600/300/300mg, tablets, 30 Tabs",687.31,46600,490232.0,PMO - US,Hetero Unit III Hyderabad IN,Efavirenz/Lamivudine/Tenofovir Disoproxil Fumarate,10.52,N/A - From RDC,SO-43310,FPQ-10633,09-11-12,ARV,104-CI-T30,06-Jul-13,Truck,Adult,30,0.35,SCMS from RDC,N/A - From RDC,6107
11045,DN-1235,Generic,Ghana,12-Aug-09,12-Aug-09,15mg,Capsule,No,See DN-1235 (ID#:10769),From RDC,"Stavudine 15mg, capsules, 60 Caps",0,150,1.5,PMO - US,"Aurobindo Unit III, India",Stavudine,0.01,N/A - From RDC,SO-30700,Pre-PQ Process,Date Not Captured,ARV,100-GH-T01,12-Aug-09,Truck,Adult,60,0.0,SCMS from RDC,N/A - From RDC,See DN-1235 (ID#:10769)
6023,ASN-2615,Generic,Haiti,16-Oct-08,16-Oct-08,150mg,Tablet,Yes,21015.77,Direct Drop,"Chloroquine 150mg base (as phosphate), [DON] tablets, 1000 Tabs",0.39,30,197.1,PMO - US,Meditab (for Cipla) Daman IN,Chloroquine base (as phosphate),6.57,Date Not Captured,DSCM-10090,Pre-PQ Process,Pre-PQ Process,ANTM,106-HT-T01,16-Dec-08,Air,Malaria,1000,0.01,IDA FOUNDATION,EXW,3221
26015,ASN-5458,Generic,South Africa,27-Oct-09,27-Oct-09,50mg,Capsule,Yes,Freight Included in Commodity Cost,Direct Drop,"Efavirenz 50mg, capsule, 30 Caps",5.28,708,2696.29,PMO - US,"Aurobindo Unit III, India",Efavirenz,3.81,9/22/09,SCMS-50370,FPQ-3596,05-07-09,ARV,116-ZA-T30,27-Oct-09,Truck,Pediatric,30,0.13,S. BUYS WHOLESALER,DDP,Weight Captured Separately
11888,DN-640,Generic,Haiti,04-Mar-08,04-Mar-08,150mg,Tablet,Yes,2504.44,From RDC,"Lamivudine 150mg, tablets, 60 Tabs",13.96,2871,8727.84,PMO - US,"Aurobindo Unit III, India",Lamivudine,3.04,N/A - From RDC,SO-1287,Pre-PQ Process,Pre-PQ Process,ARV,106-HT-T01,04-Mar-08,Air,Adult,60,0.05,SCMS from RDC,N/A - From RDC,144
46353,ASN-17316,Uni-Gold,Nigeria,21-Dec-12,21-Dec-12,MIssing,Test kit,Yes,22859.07,Direct Drop,"HIV 1/2, Uni-Gold HIV Kit, 20 Tests",271.07,6042,193344.0,PMO - US,"Trinity Biotech, Plc","HIV 1/2, Uni-Gold HIV Kit",32.0,08-10-12,SCMS-155300,FPQ-10349,7/17/12,HRDT,133-NG-T30,21-Dec-12,Air,HIV test,20,1.6,"Trinity Biotech, Plc",EXW,1990
10633,DN-426,Generic,Mozambique,29-Nov-07,29-Nov-07,150/300mg,Tablet - FDC,Yes,10879.28,From RDC,"Lamivudine/Zidovudine 150/300mg, tablets, 60 Tabs",152.67,10044,95418.0,PMO - US,"Cipla, Goa, India",Lamivudine/Zidovudine,9.5,N/A - From RDC,SO-1038,Pre-PQ Process,Pre-PQ Process,ARV,111-MZ-T01,29-Nov-07,Air,Adult,60,0.16,SCMS from RDC,N/A - From RDC,7341
85774,DN-2278,Generic,Haiti,21-Jul-11,21-Jul-11,150/300mg,Tablet - FDC,Yes,28585.57,From RDC,"Lamivudine/Zidovudine 150/300mg, tablets, 60 Tabs",291.21,20642,176489.1,PMO - US,Hetero Unit III Hyderabad IN,Lamivudine/Zidovudine,8.55,N/A - From RDC,SO-40160,FPQ-6801,12/14/10,ARV,106-HT-T30,19-Jul-11,Air,Adult,60,0.14,SCMS from RDC,N/A - From RDC,1778
44263,ASN-20679,Uni-Gold,Zambia,23-Jul-13,23-Jul-13,MIssing,Test kit,Yes,11367.59,Direct Drop,"HIV 1/2, Uni-Gold HIV Kit, 20 Tests",108.06,2730,87360.0,PMO - US,"Trinity Biotech, Plc","HIV 1/2, Uni-Gold HIV Kit",32.0,5/22/13,SCMS-190730,FPQ-12179,5/14/13,HRDT,100-ZM-T30,23-Jul-13,Air,HIV test,20,1.6,"Trinity Biotech, Plc",EXW,890
85227,DN-2506,Generic,"Congo, DRC",14-Mar-12,14-Mar-12,10mg/ml,Oral suspension,No,See DN-2506 (ID#:82439),From RDC,"Nevirapine 10mg/ml, oral suspension w/syringe, Bottle, 240 ml",1.7,620,1209.0,PMO - US,"Aurobindo Unit III, India",Nevirapine,1.95,N/A - From RDC,SO-41142,FPQ-8840,11/21/11,ARV,101-CD-T30,16-Mar-12,Air,Pediatric,240,0.01,SCMS from RDC,N/A - From RDC,See DN-2506 (ID#:82439)
61749,ASN-7201,Determine,Mozambique,04-Aug-10,04-Aug-10,MIssing,Test kit,Yes,11566.55,Direct Drop,"HIV 1/2, Determine HIV Kit, without Lancets, 100 Tests",692.03,4131,320978.7,PMO - US,Inverness Japan,"HIV 1/2, Determine HIV Kit, without Lancets",77.7,4/21/10,SCMS-70770,FPQ-5443,04-05-10,HRDT,111-MZ-T30,04-Aug-10,Air,HIV test,100,0.78,"Orgenics, Ltd",EXW,937
84789,DN-3030,Generic,Zimbabwe,14-Mar-13,14-Mar-13,150/300mg,Tablet - FDC,No,See DN-3030 (ID#:82549),From RDC,"Lamivudine/Zidovudine 150/300mg, tablets, 60 Tabs",36.69,3600,26172.0,PMO - US,"Aurobindo Unit III, India",Lamivudine/Zidovudine,7.27,N/A - From RDC,SO-43210,FPQ-10632,09-11-12,ARV,113-ZW-T30,14-Mar-13,Truck,Adult,60,0.12,SCMS from RDC,N/A - From RDC,See DN-3030 (ID#:82549)
84972,DN-3902,Generic,Rwanda,19-Sep-14,19-Sep-14,10mg/ml,Oral solution,Yes,5603.78,From RDC,"Zidovudine 10mg/ml, oral solution w/syringe, Bottle, 240 ml",5.52,2125,4462.5,PMO - US,"Cipla, Goa, India",Zidovudine,2.1,N/A - From RDC,SO-45350,FPQ-12190,05-06-13,ARV,107-RW-T30,15-Sep-14,Air,Pediatric,240,0.01,SCMS from RDC,N/A - From RDC,796
75181,ASN-24721,Uni-Gold,"Congo, DRC",04-Apr-14,28-Apr-14,MIssing,Test kit,No,See ASN-24721 (ID#:13708),Direct Drop,"HIV 1/2, Uni-Gold HIV Kit, 20 Tests",0.16,5,160.0,PMO - US,"Trinity Biotech, Plc","HIV 1/2, Uni-Gold HIV Kit",32.0,1/28/14,SCMS-224840,FPQ-13548,1/22/14,HRDT,101-CD-T30,04-Apr-14,Air,HIV test,20,1.6,"Trinity Biotech, Plc",EXW,See ASN-24721 (ID#:13708)
6082,ASN-3313,Generic,Vietnam,23-Feb-09,23-Feb-09,200mg,Tablet,No,See ASN-3313 (ID#:3456),Direct Drop,"Nevirapine 200mg, tablets, 60 Tabs",23.87,4200,12180.0,PMO - US,"Aurobindo Unit III, India",Nevirapine,2.9,10/21/08,SCMS-31730,Pre-PQ Process,Pre-PQ Process,ARV,108-VN-T01,23-Feb-09,Air,Adult,60,0.05,Aurobindo Pharma Limited,EXW,See ASN-3313 (ID#:3456)
30904,ASN-30555,Generic,Vietnam,26-Mar-15,26-Mar-15,600/300/300mg,Tablet - FDC,Yes,4363.06,Direct Drop,"Efavirenz/Lamivudine/Tenofovir Disoproxil Fumarate 600/300/300mg, tablets, 30 Tabs",231.97,22232,225654.8,PMO - US,Mylan (formerly Matrix) Nashik,Efavirenz/Lamivudine/Tenofovir Disoproxil Fumarate,10.15,12-08-14,SCMS-263650,FPQ-15040,10/30/14,ARV,108-VN-T30,23-Mar-15,Air,Adult,30,0.34,MYLAN LABORATORIES LTD (FORMERLY MATRIX LABORATORIES),EXW,2510
86071,DN-3626,Generic,Guyana,14-Apr-14,06-Jun-14,10mg/ml,Oral suspension,No,See DN-3626 (ID#:83781),From RDC,"Nevirapine 10mg/ml, oral suspension w/syringe, Bottle, 240 ml",0.29,152,282.72,PMO - US,"Aurobindo Unit III, India",Nevirapine,1.86,N/A - From RDC,SO-47730,FPQ-13567,1/16/14,ARV,105-GY-T30,30-Jun-14,Air,Pediatric,240,0.01,SCMS from RDC,N/A - From RDC,See DN-3626 (ID#:83781)
3674,ASN-3633,Determine,Rwanda,01-Apr-09,01-Apr-09,MIssing,Test kit,Yes,3936.25,Direct Drop,"HIV 1/2, Determine HIV Kit, without Lancets, 100 Tests",52.96,386,27020.0,PMO - US,Inverness Japan,"HIV 1/2, Determine HIV Kit, without Lancets",70.0,2/18/09,SCMS-38690,Pre-PQ Process,Pre-PQ Process,HRDT,107-RW-T01,01-Apr-09,Air,HIV test,100,0.7,"Orgenics, Ltd",EXW,88
83580,DN-2607,Generic,Uganda,27-Mar-12,27-Mar-12,150/300/200mg,Tablet - FDC,Yes,55175.61,From RDC,"Lamivudine/Nevirapine/Zidovudine 150/200/300mg, tablets, 60 Tabs",1298.96,71568,787248.0,PMO - US,"Strides, Bangalore, India.",Lamivudine/Nevirapine/Zidovudine,11.0,N/A - From RDC,SO-40931,FPQ-8522,10-05-11,ARV,114-UG-T30,16-May-12,Truck,Adult,60,0.18,SCMS from RDC,N/A - From RDC,11441
83303,DN-4094,Generic,CÃte dIvoire,12-Mar-15,13-Mar-15,300/300mg,Tablet - FDC,Yes,12748.74,From RDC,"Lamivudine/Tenofovir Disoproxil Fumarate 300/300mg, tablets, 30 Tabs",142.79,30000,138900.0,PMO - US,"Cipla, Kurkumbh, India",Lamivudine/Tenofovir Disoproxil Fumarate,4.63,N/A - From RDC,SO-49053,FPQ-14370,5/23/14,ARV,104-CI-T30,16-Feb-15,Truck,Adult,30,0.15,SCMS from RDC,N/A - From RDC,3000
11920,DN-962,Generic,Rwanda,05-Nov-08,05-Nov-08,200mg,Tablet,Yes,3754.14,From RDC,"Nevirapine 200mg, tablets, 60 Tabs",29.5,4703,15049.6,PMO - US,"Aurobindo Unit III, India",Nevirapine,3.2,N/A - From RDC,SO-17220,Pre-PQ Process,Pre-PQ Process,ARV,107-RW-T01,05-Nov-08,Truck,Adult,60,0.05,SCMS from RDC,N/A - From RDC,455
83767,DN-3558,Generic,Mozambique,28-Mar-14,04-Apr-14,200mg,Tablet,No,See DN-3558 (ID#:83766),From RDC,"Nevirapine 200mg, tablets, 60 Tabs",4.88,2100,4746.0,PMO - US,Hetero Unit III Hyderabad IN,Nevirapine,2.26,N/A - From RDC,SO-47081,FPQ-13123,10/21/13,ARV,111-MZ-T30,15-Apr-14,Truck,Adult,60,0.04,SCMS from RDC,N/A - From RDC,See DN-3558 (ID#:83766)
84433,DN-4041,Generic,Uganda,24-Jan-15,03-Feb-15,60/30mg,Tablet - FDC,No,See DN-4041 (ID#:83291),From RDC,"Abacavir/Lamivudine 60/30mg, tablets, 60 Tabs",9.96,2368,9685.12,PMO - US,"Aurobindo Unit III, India",Abacavir/Lamivudine,4.09,N/A - From RDC,SO-48993,FPQ-14396,06-04-14,ARV,114-UG-T30,16-Feb-15,Truck,Pediatric,60,0.07,SCMS from RDC,N/A - From RDC,See DN-4041 (ID#:83291)
719,ASN-2921,Generic,CÃte dIvoire,23-Jan-09,23-Jan-09,50+153mg,Tablet - FDC + co-blister,Yes,12830.91,Direct Drop,"Artesunate+Amodiaquine 50+153mg, tablets, co-blister 6+6 Tabs",19.11,25000,9750.0,PMO - US,Ipca Dadra/Nagar Haveli IN,Artesunate+Amodiaquine,0.39,09-03-08,SCMS-29340,Pre-PQ Process,Pre-PQ Process,ACT,104-CI-T01,23-Jan-09,Air,ACT,12,0.03,IDA FOUNDATION,EXW,1708
85496,DN-3791,Generic,Nigeria,20-Jun-14,25-Jun-14,600/300mg,Tablet - FDC,Yes,28812.57,From RDC,"Abacavir/Lamivudine 600/300mg, tablets, 30 Tabs",272.04,19573,264626.96,PMO - US,"Cipla, Patalganga, India",Abacavir/Lamivudine,13.52,N/A - From RDC,SO-47285,FPQ-13293,11/19/13,ARV,151-NG-T30,30-Jun-14,Air Charter,Adult,30,0.45,SCMS from RDC,N/A - From RDC,1947
13915,ASN-25755,OraQuick,Cameroon,15-May-14,15-May-14,MIssing,Test kit,Yes,51331.09,Direct Drop,"HIV 1/2, OraQuick Rapid Antibody Kit, 100 Tests",432.95,1000,350000.0,PMO - US,"Orasure Technologies, Inc","HIV 1/2, OraQuick Rapid Antibody Kit",350.0,08-06-13,SCMS-200891,FPQ-12570,07-10-13,HRDT,800-CM-T30,15-May-14,Air,HIV test,100,3.5,Orasure Technologies Inc.,EXW,2090
34989,ASN-5373,Viread,South Africa,19-Oct-09,19-Oct-09,300mg,Tablet,No,Freight Included in Commodity Cost,Direct Drop,"Tenofovir Disoproxil Fumarate 300mg [Viread], tablets, 30 Tabs",27.99,500,14278.99,PMO - US,"Aspen-OSD, Port Elizabeth, SA",Tenofovir Disoproxil Fumarate,28.56,10/15/09,SCMS-54980,FPQ-4359,10-08-09,ARV,116-ZA-T30,19-Oct-09,Truck,Adult,30,0.95,S. BUYS WHOLESALER,DDP,Weight Captured Separately
82557,DN-3029,Generic,Nigeria,21-Feb-13,21-Feb-13,150/300mg,Tablet - FDC,No,See DN-3029 (ID#:82556),From RDC,"Lamivudine/Zidovudine 150/300mg, tablets, 60 Tabs",436.29,42805,311192.35,PMO - US,"Cipla, Goa, India",Lamivudine/Zidovudine,7.27,N/A - From RDC,SO-44560,FPQ-10477,08-09-12,ARV,151-NG-T30,15-Mar-13,Air Charter,Adult,60,0.12,SCMS from RDC,N/A - From RDC,See DN-3029 (ID#:82556)
70210,ASN-9090,Generic,Vietnam,21-Dec-10,21-Dec-10,300mg,Tablet,No,See ASN-9090 (ID#:29979),Direct Drop,"Tenofovir Disoproxil Fumarate 300mg, tablets, 30 Tabs",75.79,5208,35154.0,PMO - US,Mylan (formerly Matrix) Nashik,Tenofovir Disoproxil Fumarate,6.75,10/14/10,SCMS-87750,FPQ-6384,9/30/10,ARV,108-VN-T30,21-Dec-10,Air,Adult,30,0.22,MYLAN LABORATORIES LTD (FORMERLY MATRIX LABORATORIES),EXW,See ASN-9090 (ID#:29979)
13842,ASN-27324,Generic,"Congo, DRC",30-Sep-14,21-Oct-14,50mg,Chewable/dispersible tablet,Yes,2516.57,Direct Drop,"Nevirapine 50mg, dispersible tablets (tablets for oral suspension), 30 Tabs",1.21,940,1175.0,PMO - US,"Aurobindo Unit III, India",Nevirapine,1.25,5/19/14,SCMS-239810,FPQ-14255,5/15/14,ARV,101-CD-T30,30-Sep-14,Air,Pediatric,30,0.04,Aurobindo Pharma Limited,EXW,132
82275,DN-1515,Generic,Zambia,23-Nov-09,23-Nov-09,600mg,Tablet,Yes,9973.51,From RDC,"Efavirenz 600mg, tablets, 30 Tabs",535.03,47227,272972.06,PMO - US,"Aurobindo Unit III, India",Efavirenz,5.78,N/A - From RDC,SO-34340,FPQ-4035,08-05-09,ARV,110-ZM-T30,30-Nov-09,Truck,Adult,30,0.19,SCMS from RDC,N/A - From RDC,4959
16291,ASN-12550,Determine,Dominican Republic,27-Oct-11,27-Oct-11,MIssing,Test kit,Yes,Invoiced Separately,Direct Drop,"HIV 1/2, Determine Complete HIV Kit, 100 Tests",420.79,2772,255024.0,PMO - US,Inverness Japan,"HIV 1/2, Determine Complete HIV Kit",92.0,08-04-11,SCMS-117400,FPQ-7858,6/21/11,HRDT,105-DO-T30,27-Oct-11,Air,HIV test,100,0.92,"Orgenics, Ltd",EXW,Weight Captured Separately
47638,ASN-11658,Stat-Pak,Guyana,08-Aug-11,08-Aug-11,MIssing,Test kit,Yes,325.67,Direct Drop,"HIV 1/2, Stat-Pak HIV, Kit, 20 Tests",0.72,15,435.0,PMO - US,Chembio Diagnostics Sys. Inc.,"HIV 1/2, Stat-Pak HIV, Kit",29.0,7/20/11,SCMS-115820,FPQ-8053,7/13/11,HRDT,102-GY-T30,08-Aug-11,Air,HIV test,20,1.45,"CHEMBIO DIAGNOSTIC SYSTEMS, INC.",EXW,6
11963,DN-1173,Generic,Haiti,14-Apr-09,14-Apr-09,20mg/ml,Oral solution,Yes,1763.84,From RDC,"Abacavir 20mg/ml, oral solution, Bottle, 240 ml",8.06,274,4110.0,PMO - US,"Aurobindo Unit III, India",Abacavir,15.0,N/A - From RDC,SO-24831,Pre-PQ Process,Pre-PQ Process,ARV,106-HT-T01,14-Apr-09,Air,Pediatric,240,0.06,SCMS from RDC,N/A - From RDC,98
2794,ASN-893,Bioline,Tanzania,19-Dec-07,19-Dec-07,MIssing,Test kit,Yes,27791.62,Direct Drop,"HIV 1/2, Bioline 3.0 Kit, Lancets, Capillary pipets, Alcohol swabs included, 25 Tests",320,10000,200000.0,PMO - US,"Standard Diagnostics, Korea","HIV 1/2, Bioline 3.0 Kit, Lancets, Capillary pipets, Alcohol swabs included",20.0,Date Not Captured,SCMS-10310,Pre-PQ Process,Pre-PQ Process,HRDT,109-TZ-T01,19-Dec-07,Air,HIV test,25,0.8,"Standard Diagnostics, Inc.",EXW,3336
60489,ASN-20285,Stat-Pak,Ethiopia,10-Jul-13,10-Jul-13,MIssing,Test kit,Yes,1945.45,Direct Drop,"HIV 1/2, Stat-Pak HIV, Kit, 20 Tests",29.85,832,24128.0,PMO - US,Chembio Diagnostics Sys. Inc.,"HIV 1/2, Stat-Pak HIV, Kit",29.0,5/21/13,SCMS-190780,FPQ-12272,05-09-13,HRDT,117-ET-T30,10-Jul-13,Air,HIV test,20,1.45,"CHEMBIO DIAGNOSTIC SYSTEMS, INC.",EXW,238
46669,ASN-12397,Stat-Pak,Nigeria,19-Oct-11,19-Oct-11,MIssing,Test kit,Yes,2951.78,Direct Drop,"HIV 1/2, Stat-Pak HIV, Kit, 20 Tests",88.52,1850,53650.0,PMO - US,Chembio Diagnostics Sys. Inc.,"HIV 1/2, Stat-Pak HIV, Kit",29.0,08-12-11,SCMS-118180,FPQ-8117,7/28/11,HRDT,133-NG-T30,19-Oct-11,Air,HIV test,20,1.45,"CHEMBIO DIAGNOSTIC SYSTEMS, INC.",EXW,592
84041,DN-2012,Generic,CÃte dIvoire,25-Sep-10,25-Sep-10,200mg,Tablet,No,See DN-2012 (ID#:84040),From RDC,"Nevirapine 200mg, tablets, 60 Tabs",69.39,12100,32186.0,PMO - US,Hetero Unit III Hyderabad IN,Nevirapine,2.66,N/A - From RDC,SO-36881,FPQ-5623,05-07-10,ARV,104-CI-T30,19-Oct-10,Truck,Adult,60,0.04,SCMS from RDC,N/A - From RDC,See DN-2012 (ID#:84040)
83808,DN-3766,Aluvia,Uganda,20-Jun-14,09-Jul-14,200/50mg,Tablet,Yes,892.92,From RDC,"Lopinavir/Ritonavir 200/50mg [Aluvia], tablets, 120 Tabs",1.96,84,1587.6,PMO - US,ABBVIE Ludwigshafen Germany,Lopinavir/Ritonavir,18.9,N/A - From RDC,SO-45591,FPQ-12255,05-08-13,ARV,114-UG-T30,30-Jun-14,Air,Adult,120,0.16,SCMS from RDC,N/A - From RDC,9014
13968,ASN-21751,Uni-Gold,South Sudan,18-Oct-13,18-Oct-13,MIssing,Test kit,Yes,4124.74,Direct Drop,"HIV 1/2, Uni-Gold HIV Kit, 20 Tests",1.39,35,1120.0,PMO - US,"Trinity Biotech, Plc","HIV 1/2, Uni-Gold HIV Kit",32.0,08-06-13,SCMS-200920,FPQ-12623,7/18/13,HRDT,105-SS-T30,18-Oct-13,Air,HIV test,20,1.6,"Trinity Biotech, Plc",EXW,176
83496,DN-2164,Generic,Nigeria,11-May-11,11-May-11,300mg,Tablet,Yes,12601.06,From RDC,"Zidovudine 300mg, tablets, 60 Tabs",178.45,15000,108150.0,PMO - US,"Aurobindo Unit III, India",Zidovudine,7.21,N/A - From RDC,SO-39150,FPQ-7217,2/21/11,ARV,151-NG-T30,15-Jun-11,Air Charter,Adult,60,0.12,SCMS from RDC,N/A - From RDC,823
47857,ASN-14233,Stat-Pak,Ethiopia,27-Mar-12,27-Mar-12,MIssing,Test kit,Yes,827.88,Direct Drop,"HIV 1/2, Stat-Pak HIV, Kit, 20 Tests",13.82,340,9860.0,PMO - US,Chembio Diagnostics Sys. Inc.,"HIV 1/2, Stat-Pak HIV, Kit",29.0,1/23/12,SCMS-133540,FPQ-9098,01-10-12,HRDT,117-ET-T30,27-Mar-12,Air,HIV test,20,1.45,"CHEMBIO DIAGNOSTIC SYSTEMS, INC.",EXW,151
85415,DN-3385,Generic,Uganda,13-Nov-13,27-Nov-13,300mg,Tablet,Yes,2279.5,From RDC,"Abacavir 300mg, tablets, 60 Tabs",14.03,990,11345.4,PMO - US,"Aurobindo Unit III, India",Abacavir,11.46,N/A - From RDC,SO-45570,FPQ-12253,05-08-13,ARV,114-UG-T30,29-Nov-13,Truck,Adult,60,0.19,SCMS from RDC,N/A - From RDC,597
11112,DN-84,OraQuick,Botswana,27-Apr-07,27-Apr-07,MIssing,Test kit,Yes,947.05,From RDC,"HIV 1/2, OraQuick Advance HIV Rapid Antibody Kit, 100 Tests",MIssing,30,12000.0,PMO - US,"Pacific Biotech, Thailand","HIV 1/2, OraQuick Advance HIV Rapid Antibody Kit",400.0,N/A - From RDC,SO-426,Pre-PQ Process,Pre-PQ Process,HRDT,100-BW-T01,27-Apr-07,MIssing,HIV test,100,4.0,SCMS from RDC,N/A - From RDC,72
4192,ASN-1028,Uni-Gold,Rwanda,10-Jan-08,10-Jan-08,MIssing,Test kit,No,See ASN-1028 (ID#:2927),Direct Drop,"HIV 1/2, Uni-Gold HIV Kit, 20 Tests",125.44,2450,78400.0,PMO - US,"Trinity Biotech, Plc","HIV 1/2, Uni-Gold HIV Kit",32.0,11/16/07,SCMS-14140,Pre-PQ Process,Pre-PQ Process,HRDT,107-RW-T01,10-Jan-08,Air,HIV test,20,1.6,"Trinity Biotech, Plc",EXW,See ASN-1028 (ID#:2927)
27574,ASN-17292,Determine,Kenya,10-Dec-12,10-Dec-12,MIssing,Test kit,Yes,Freight Included in Commodity Cost,Direct Drop,"HIV 1/2, Determine Complete HIV Kit, 100 Tests",125.4,1005,89445.0,PMO - US,"Alere Medical Co., Ltd.","HIV 1/2, Determine Complete HIV Kit",89.0,11/21/12,SCMS-153912,FPQ-10314,07-12-12,HRDT,101-KE-T30,10-Dec-12,Air,HIV test,100,0.89,"Orgenics, Ltd",CIP,Weight Captured Separately
10666,DN-554,Generic,Zambia,12-Feb-08,12-Feb-08,600mg,Tablet,Yes,12569.92,From RDC,"Efavirenz 600mg, tablets, 30 Tabs",877.05,44135,548156.7,PMO - US,Mylan (formerly Matrix) Nashik,Efavirenz,12.42,N/A - From RDC,SO-1034,Pre-PQ Process,Pre-PQ Process,ARV,110-ZM-T01,12-Feb-08,MIssing,Adult,30,0.41,SCMS from RDC,N/A - From RDC,3462
10990,DN-1014,Truvada,Nigeria,17-Nov-08,17-Nov-08,300/200mg,Tablet - FDC,Yes,4401.4,From RDC,"Emtricitabine/Tenofovir Disoproxil Fumarate 200/300mg [Truvada], tablets, 30 Tabs",514.5,10000,262500.0,PMO - US,"Aspen-OSD, Port Elizabeth, SA",Emtricitabine/Tenofovir Disoproxil Fumarate,26.25,N/A - From RDC,SO-15050,Pre-PQ Process,Pre-PQ Process,ARV,131-NG-T01,17-Nov-08,Air,Adult,30,0.88,SCMS from RDC,N/A - From RDC,878
12014,DN-1466,Generic,Haiti,21-Oct-09,21-Oct-09,200mg,Tablet,No,See DN-1466 (ID#:11357),From RDC,"Nevirapine 200mg, tablets, 60 Tabs",89.95,15825,45892.5,PMO - US,"Aurobindo Unit III, India",Nevirapine,2.9,N/A - From RDC,SO-32720,Pre-PQ Process,Date Not Captured,ARV,106-HT-T01,21-Oct-09,Air,Adult,60,0.05,SCMS from RDC,N/A - From RDC,See DN-1466 (ID#:11357)
35678,ASN-15396,DoubleCheck,"Congo, DRC",20-Nov-12,20-Nov-12,MIssing,Test kit,Yes,4449.1,Direct Drop,"HIV 1/2, DoubleCheck Gold Kit, 20 Tests",10.04,196,7157.92,PMO - US,"Alere Medical Co., Ltd.","HIV 1/2, DoubleCheck Gold Kit",36.52,01-09-12,SCMS-131080,FPQ-8792,12/14/11,HRDT,101-CD-T30,20-Nov-12,Air,HIV test,20,1.83,"Orgenics, Ltd",EXW,47
12533,DN-993,Generic,Zambia,01-Dec-08,01-Dec-08,200mg,Tablet,No,See DN-993 (ID#:11919),From RDC,"Nevirapine 200mg, tablets, 60 Tabs",0.92,138,469.2,PMO - US,Hetero Unit III Hyderabad IN,Nevirapine,3.4,N/A - From RDC,SO-16670,Pre-PQ Process,Pre-PQ Process,ARV,110-ZM-T01,01-Dec-08,Truck,Adult,60,0.06,SCMS from RDC,N/A - From RDC,See DN-993 (ID#:11919)
85505,DN-3818,Generic,Mozambique,15-Aug-14,25-Aug-14,150/200/30mg,Tablet - FDC,Yes,598.91,From RDC,"Lamivudine/Nevirapine/Stavudine 150/200/30mg, tablets, 60 Tabs",25.62,5768,24917.76,PMO - US,Hetero Unit III Hyderabad IN,Lamivudine/Nevirapine/Stavudine,4.32,N/A - From RDC,SO-48881,FPQ-14226,05-02-14,ARV,111-MZ-T30,31-Dec-14,Truck,Adult,60,0.07,SCMS from RDC,N/A - From RDC,592
84839,DN-3261,Generic,Burundi,22-Aug-13,22-Aug-13,150/300/200mg,Tablet - FDC,Yes,1047.34,From RDC,"Lamivudine/Nevirapine/Zidovudine 150/200/300mg, tablets, 60 Tabs",9.84,960,7958.4,PMO - US,"Strides, Bangalore, India.",Lamivudine/Nevirapine/Zidovudine,8.29,N/A - From RDC,SO-45152,FPQ-12065,4/22/13,ARV,102-BI-T30,16-Aug-13,Air,Adult,60,0.14,SCMS from RDC,N/A - From RDC,111
10747,DN-1155,Truvada,Nigeria,29-Apr-09,29-Apr-09,300/200mg,Tablet - FDC,Yes,14974.4,From RDC,"Emtricitabine/Tenofovir Disoproxil Fumarate 200/300mg [Truvada], tablets, 30 Tabs",878.1,17067,448008.75,PMO - US,"Aspen-OSD, Port Elizabeth, SA",Emtricitabine/Tenofovir Disoproxil Fumarate,26.25,N/A - From RDC,SO-21786,Pre-PQ Process,Pre-PQ Process,ARV,151-NG-T01,29-Apr-09,Air,Adult,30,0.88,SCMS from RDC,N/A - From RDC,1481
68219,ASN-31173,Kaletra,CÃte dIvoire,09-Apr-15,10-Apr-15,80/20mg/ml,Oral solution,Yes,9768.22,Direct Drop,"Lopinavir/Ritonavir 80/20mg/ml [Kaletra], oral solution, cool, Bottle 5 x 60 ml",23.6,745,22960.9,PMO - US,ABBVIE (Abbott) Logis. UK,Lopinavir/Ritonavir,30.82,7/31/14,SCMS-246570,FPQ-14372,06-03-14,ARV,104-CI-T30,09-Apr-15,Air,Pediatric,300,0.1,ABBVIE LOGISTICS (FORMERLY ABBOTT LOGISTICS BV),FCA,844
10797,DN-1464,Generic,Uganda,08-Oct-09,08-Oct-09,150/200/30mg,Tablet - FDC,Yes,1173.1,From RDC,"Lamivudine/Nevirapine/Stavudine 150/200/30mg, tablets, 60 Tabs",3.29,240,1680.0,PMO - US,"Cipla, Goa, India",Lamivudine/Nevirapine/Stavudine,7.0,N/A - From RDC,SO-33570,Pre-PQ Process,Date Not Captured,ARV,114-UG-T01,08-Oct-09,Air,Adult,60,0.12,SCMS from RDC,N/A - From RDC,23
76578,ASN-28629,Isentress,South Africa,03-Oct-14,03-Oct-14,400mg,Tablet,No,Freight Included in Commodity Cost,Direct Drop,"Raltegravir 400mg [Isentress], tablets, 60 Tabs",4.18,48,4062.91,PMO - US,"MSD, Haarlem, NL",Raltegravir,84.64,10-03-14,SCMS-238554,FPQ-13973,4/30/14,ARV,116-ZA-T30,03-Oct-14,Truck,Adult,60,1.41,PHARMACY DIRECT,DDP,Weight Captured Separately
8996,ASN-3753,Generic,Haiti,15-Apr-09,15-Apr-09,100/25mg,Tablet,Yes,810.36,Direct Drop,"Lopinavir/Ritonavir 100/25mg [Aluvia], tablets, 60 Tabs",0.28,14,143.92,PMO - US,ABBVIE Ludwigshafen Germany,Lopinavir/Ritonavir,10.28,03-04-09,SCMS-39940,Pre-PQ Process,Pre-PQ Process,ARV,106-HT-T01,15-Apr-09,Air,Pediatric,60,0.17,ABBVIE LOGISTICS (FORMERLY ABBOTT LOGISTICS BV),FCA,7
530,ASN-2336,Generic,Vietnam,19-Sep-08,19-Sep-08,300mg,Tablet,Yes,13507.92,Direct Drop,"Tenofovir Disoproxil Fumarate 300mg, tablets, 30 Tabs",29.37,1344,18359.04,PMO - US,Mylan (formerly Matrix) Nashik,Tenofovir Disoproxil Fumarate,13.66,5/14/08,SCMS-23450,Pre-PQ Process,Pre-PQ Process,ARV,108-VN-T01,19-Sep-08,Air,Adult,30,0.46,MYLAN LABORATORIES LTD (FORMERLY MATRIX LABORATORIES),EXW,1537
84623,DN-2127,Generic,Zimbabwe,17-Mar-11,17-Mar-11,150/200/30mg,Tablet - FDC,No,See DN-2127 (ID#:82371),From RDC,"Lamivudine/Nevirapine/Stavudine 150/200/30mg, tablets, 60 Tabs",798.9,66645,370546.2,PMO - US,"Strides, Bangalore, India.",Lamivudine/Nevirapine/Stavudine,5.56,N/A - From RDC,SO-37830,FPQ-6470,10/13/10,ARV,113-ZW-T30,31-Mar-11,Truck,Adult,60,0.09,SCMS from RDC,N/A - From RDC,See DN-2127 (ID#:82371)
38600,ASN-28036,Generic,South Africa,29-Aug-14,29-Aug-14,300mg,Tablet,No,Freight Included in Commodity Cost,Direct Drop,"Abacavir 300mg, tablets, 60 Tabs",11.11,118,8980.79,PMO - US,"Aurobindo Unit III, India",Abacavir,76.11,8/29/14,SCMS-199289,FPQ-12522,07-11-13,ARV,116-ZA-T30,29-Aug-14,Truck,Adult,60,1.27,S. BUYS WHOLESALER,DDP,Weight Captured Separately
36212,ASN-23875,Generic,South Africa,13-Jan-14,13-Jan-14,150/300mg,Tablet - FDC,No,Freight Included in Commodity Cost,Direct Drop,"Lamivudine/Zidovudine 150/300mg, tablets, 60 Tabs",15.97,524,15533.57,PMO - US,"Cipla, Goa, India",Lamivudine/Zidovudine,29.64,12-02-13,SCMS-215410,FPQ-13214,11/14/13,ARV,116-ZA-T30,13-Jan-14,Truck,Adult,60,0.49,S. BUYS WHOLESALER,DDP,Weight Captured Separately
6398,ASN-3611,Generic,South Africa,28-Jan-09,28-Jan-09,30mg,Capsule,No,Freight Included in Commodity Cost,Direct Drop,"Stavudine 30mg, capsules, 60 Caps",99.44,20213,50734.63,PMO - US,"Aurobindo Unit III, India",Stavudine,2.51,Date Not Captured,SCMS-40850,Pre-PQ Process,Pre-PQ Process,ARV,116-ZA-T01,16-Jun-09,Air,Adult,60,0.04,S. BUYS WHOLESALER,DDP,Weight Captured Separately
52540,ASN-10666,Generic,Ethiopia,04-May-11,04-May-11,250mg,Delayed-release capsules,Yes,1206.62,Direct Drop,"Didanosine 250mg, delayed-release capsules, 30 Caps",34.86,1625,21125.0,PMO - US,"Aurobindo Unit III, India",Didanosine,13.0,02-01-11,SCMS-98310,FPQ-6976,1/13/11,ARV,117-ET-T30,04-May-11,Air,Adult,30,0.43,Aurobindo Pharma Limited,EXW,111
73314,ASN-13819,Determine,Mozambique,02-May-12,02-May-12,MIssing,Test kit,Yes,25607.44,Direct Drop,"HIV 1/2, Determine Complete HIV Kit, 100 Tests",381.61,2891,231280.0,PMO - US,"Alere Medical Co., Ltd.","HIV 1/2, Determine Complete HIV Kit",80.0,12/29/11,SCMS-130160,FPQ-8527,10-05-11,HRDT,111-MZ-T30,02-May-12,Air,HIV test,100,0.8,"Orgenics, Ltd",EXW,1378
12404,DN-360,Stocrin/Sustiva,Tanzania,11-Oct-07,11-Oct-07,200mg,Capsule,Yes,2465,From RDC,"Efavirenz 200mg [Stocrin/Sustiva], capsule, 90 Caps",103.07,1987,64418.54,PMO - US,MSD South Granville Australia,Efavirenz,32.42,N/A - From RDC,SO-1075,Pre-PQ Process,Pre-PQ Process,ARV,109-TZ-T01,11-Oct-07,MIssing,Pediatric,90,0.36,SCMS from RDC,N/A - From RDC,238
11020,DN-1018,Generic,Haiti,10-Dec-08,10-Dec-08,150mg,Tablet,Yes,5866.29,From RDC,"Lamivudine 150mg, tablets, 60 Tabs",46.2,8100,23571.0,PMO - US,"Aurobindo Unit III, India",Lamivudine,2.91,N/A - From RDC,SO-2602,Pre-PQ Process,Pre-PQ Process,ARV,106-HT-T01,10-Dec-08,Air,Adult,60,0.05,SCMS from RDC,N/A - From RDC,404
11639,DN-1231,Generic,Mozambique,28-Jun-09,28-Jun-09,300mg,Tablet,No,See DN-1231 (ID#:11044),From RDC,"Zidovudine 300mg, tablets, 60 Tabs",110.31,7300,56283.0,PMO - US,"Aurobindo Unit III, India",Zidovudine,7.71,N/A - From RDC,SO-30440,Pre-PQ Process,Pre-PQ Process,ARV,111-MZ-T01,28-Jun-09,Truck,Adult,60,0.13,SCMS from RDC,N/A - From RDC,See DN-1231 (ID#:11044)
27430,ASN-32138,Generic,South Africa,12-May-15,12-May-15,250mg,Delayed-release capsules,No,Freight Included in Commodity Cost,Direct Drop,"Didanosine 250mg, delayed-release capsules, 30 Caps",0.03,3,33.05,PMO - US,"Aurobindo Unit III, India",Didanosine,11.02,05-11-15,SCMS-259075,FPQ-14942,09-11-14,ARV,116-ZA-T30,12-May-15,Truck,Adult,30,0.37,PHARMACY DIRECT,DDP,Weight Captured Separately
26192,ASN-31648,Generic,Vietnam,01-Jun-15,01-Jun-15,600/300/300mg,Tablet - FDC,Yes,4384.01,Direct Drop,"Efavirenz/Lamivudine/Tenofovir Disoproxil Fumarate 600/300/300mg, tablets, 30 Tabs",194.24,18616,188952.4,PMO - US,Mylan (formerly Matrix) Nashik,Efavirenz/Lamivudine/Tenofovir Disoproxil Fumarate,10.15,12-08-14,SCMS-263630,FPQ-15040,10/30/14,ARV,108-VN-T30,01-Jun-15,Air,Adult,30,0.34,MYLAN LABORATORIES LTD (FORMERLY MATRIX LABORATORIES),EXW,2101
85651,DN-1631,Generic,Uganda,29-Jan-10,29-Jan-10,200mg,Tablet,Yes,1576.8,From RDC,"Nevirapine 200mg, tablets, 60 Tabs",29.47,5184,15033.6,PMO - US,"Aurobindo Unit III, India",Nevirapine,2.9,N/A - From RDC,SO-34080,FPQ-4325,9/23/09,ARV,114-UG-T30,19-Mar-10,Truck,Adult,60,0.05,SCMS from RDC,N/A - From RDC,507
70184,ASN-10873,Generic,South Africa,06-Aug-11,06-Aug-11,300mg,Tablet,Yes,10758.45,Direct Drop,"Tenofovir Disoproxil Fumarate 300mg, tablets, 30 Tabs",693.91,65000,420550.0,PMO - US,"Cipla, Goa, India",Tenofovir Disoproxil Fumarate,6.47,04-01-11,SCMS-104410,FPQ-7176,03-10-11,ARV,116-ZA-T30,06-Aug-11,Ocean,Adult,30,0.22,CIPLA LIMITED,DDP,4364
68207,ASN-5934,Epivir,South Africa,28-Dec-09,28-Dec-09,10mg/ml,Oral solution,No,Freight Included in Commodity Cost,Direct Drop,"Lamivudine 10mg/ml [Epivir], oral solution, Bottle, 240 ml",10.66,800,4943.88,PMO - US,GSK Mississauga (Canada),Lamivudine,6.18,12/23/09,SCMS-60170,FPQ-4770,12/17/09,ARV,116-ZA-T30,28-Dec-09,Truck,Pediatric,240,0.03,S. BUYS WHOLESALER,DDP,Weight Captured Separately
75970,ASN-31335,Determine,South Sudan,03-Jun-15,05-Jun-15,MIssing,Test kit - Ancillary,No,See ASN-31335 (ID#:42778),Direct Drop,"Capillary Tubes, for Determine, EDTA, 50uL,100 Pcs",0.14,15,120.0,PMO - US,"Alere Medical Co., Ltd.","HIV, Capillary Tubes, for Determine, EDTA, 50uL,100 Pcs",8.0,2/20/15,SCMS-272160,FPQ-15569,12/29/14,HRDT,105-SS-T30,03-Jun-15,Air,HIV test - Ancillary,100,0.08,"Orgenics, Ltd",EXW,See ASN-31335 (ID#:42778)
12043,DN-85,Generic,CÃte dIvoire,30-Apr-07,30-Apr-07,150/200/30mg,Tablet - FDC,Yes,3162,From RDC,"Lamivudine/Nevirapine/Stavudine 150/200/30mg, tablets, 60 Tabs",MIssing,9000,67500.0,PMO - US,"Cipla, Goa, India",Lamivudine/Nevirapine/Stavudine,7.5,N/A - From RDC,SO-437,Pre-PQ Process,Pre-PQ Process,ARV,100-CI-T01,30-Apr-07,MIssing,Adult,60,0.12,SCMS from RDC,N/A - From RDC,972
65238,ASN-27173,Colloidal Gold,Ethiopia,29-Jul-14,06-Aug-14,MIssing,Test kit,Yes,78813.53,Direct Drop,"HIV 1/2, SKB Colloidal Gold, Diagnostic Kit, Antibody, 50 Tests",189.58,7527,184411.5,PMO - US,"KHB Test Kit Facility, Shanghai China","HIV 1/2, Colloidal Gold, Diagnostic Kit, Antibody",24.5,6/23/14,SCMS-244860,FPQ-14357,06-03-14,HRDT,117-ET-T30,29-Jul-14,Air,HIV test,1,24.5,"SHANGHAI KEHUA BIOENGINEERING CO.,LTD.  (KHB)",EXW,5020
83627,DN-2874,Generic,Tanzania,31-Oct-12,31-Oct-12,600/200/300mg,Tablet - FDC,Yes,7134.39,From RDC,"Efavirenz/Emtricitabine/Tenofovir Disoproxil Fumarate 600/200/300mg, tablets, 30 Tabs",3082.18,152880,2198414.4,PMO - US,Mylan (formerly Matrix) Nashik,Efavirenz/Emtricitabine/Tenofovir Disoproxil Fumarate,14.38,N/A - From RDC,SO-42660,FPQ-9774,05-02-12,ARV,109-TZ-T30,18-Oct-12,Truck,Adult,30,0.48,SCMS from RDC,N/A - From RDC,17227
41694,ASN-30328,Determine,Haiti,26-Feb-15,27-Feb-15,MIssing,Test kit,Yes,15408.29,Direct Drop,"HIV 1/2, Determine Complete HIV Kit, 100 Tests",462.6,4500,450000.0,PMO - US,"Alere Medical Co., Ltd.","HIV 1/2, Determine Complete HIV Kit",100.0,2/19/14,SCMS-225414,FPQ-13494,1/21/14,HRDT,106-HT-T30,26-Feb-15,Air,HIV test,100,1.0,"Orgenics, Ltd",EXW,1825
60778,ASN-23213,Generic,Tanzania,28-Jan-14,28-Jan-14,300mg,Tablet,Yes,9182.45,Direct Drop,"Abacavir 300mg, tablets, 60 Tabs",276.84,20000,223800.0,PMO - US,Mylan (formerly Matrix) Nashik,Abacavir,11.19,09-09-13,SCMS-205690,FPQ-12868,8/23/13,ARV,109-TZ-T30,28-Jan-14,Air,Adult,60,0.19,MYLAN LABORATORIES LTD (FORMERLY MATRIX LABORATORIES),EXW,2039
82446,DN-2522,Generic,"Congo, DRC",22-Mar-12,22-Mar-12,150mg,Tablet,Yes,522.42,From RDC,"Lamivudine 150mg, tablets, 60 Tabs",0.02,6,13.98,PMO - US,Hetero Unit III Hyderabad IN,Lamivudine,2.33,N/A - From RDC,SO-41380,FPQ-8840,11/21/11,ARV,101-CD-T30,22-Mar-12,Air,Adult,60,0.04,SCMS from RDC,N/A - From RDC,6
75198,ASN-28671,Generic,Ghana,10-Nov-14,12-Nov-14,150/300/200mg,Tablet - FDC,Yes,16189.27,Direct Drop,"Lamivudine/Nevirapine/Zidovudine 150/200/300mg, tablets, 60 Tabs",211.56,25097,205795.4,PMO - US,"Aurobindo Unit III, India",Lamivudine/Nevirapine/Zidovudine,8.2,5/23/14,SCMS-237810,FPQ-14052,04-12-14,ARV,105-GH-T30,10-Nov-14,Air,Adult,60,0.14,Aurobindo Pharma Limited,EXW,3167
83132,DN-3117,Generic,Dominican Republic,21-May-13,21-May-13,200mg,Tablet,Yes,8281.7,From RDC,"Nevirapine 200mg, tablets, 60 Tabs",8.95,3200,7232.0,PMO - US,Hetero Unit III Hyderabad IN,Nevirapine,2.26,N/A - From RDC,SO-44740,FPQ-11791,03-04-13,ARV,102-DO-T30,24-Apr-13,Air,Adult,60,0.04,SCMS from RDC,N/A - From RDC,1230
3551,ASN-3481,Uni-Gold,Guyana,13-Mar-09,13-Mar-09,MIssing,Test kit,Yes,4457.29,Direct Drop,"HIV 1/2, Uni-Gold HIV Kit, 20 Tests",66.61,1062,33984.0,PMO - US,"Trinity Biotech, Plc","HIV 1/2, Uni-Gold HIV Kit",32.0,12-10-08,SCMS-35560,Pre-PQ Process,Pre-PQ Process,HRDT,102-GY-T01,17-Mar-09,Air,HIV test,20,1.6,"Trinity Biotech, Plc",EXW,355
45160,ASN-14933,Uni-Gold,South Sudan,04-Jun-12,04-Jun-12,MIssing,Test kit,Yes,1743.35,Direct Drop,"HIV 1/2, Uni-Gold HIV Kit, 20 Tests",7.9,176,5632.0,PMO - US,"Trinity Biotech, Plc","HIV 1/2, Uni-Gold HIV Kit",32.0,2/15/12,SCMS-137180,FPQ-9038,1/17/12,HRDT,102-SS-T30,04-Jun-12,Air,HIV test,20,1.6,"Trinity Biotech, Plc",EXW,71
27460,ASN-26923,Generic,Vietnam,29-Jul-14,06-Aug-14,300mg,Tablet,No,See ASN-26923 (ID#:13027),Direct Drop,"Abacavir 300mg, tablets, 60 Tabs",18.83,1600,18320.0,PMO - US,Hetero Unit III Hyderabad IN,Abacavir,11.45,03-10-14,SCMS-226220,FPQ-13524,02-06-14,ARV,108-VN-T30,29-Jul-14,Air,Adult,60,0.19,HETERO LABS LIMITED,EXW,See ASN-26923 (ID#:13027)
72776,ASN-9832,Uni-Gold,Guyana,28-Mar-11,28-Mar-11,MIssing,Test kit,Yes,9106.51,Direct Drop,"HIV 1/2, Uni-Gold HIV Kit, 20 Tests",104.28,1975,63200.0,PMO - US,"Trinity Biotech, Plc","HIV 1/2, Uni-Gold HIV Kit",32.0,02-02-11,SCMS-97150,FPQ-6983,01-05-11,HRDT,102-GY-T30,28-Mar-11,Air,HIV test,20,1.6,"Trinity Biotech, Plc",EXW,659
86304,DN-1799,Generic,CÃte dIvoire,07-May-10,07-May-10,150/300mg,Tablet - FDC,No,See DN-1799 (ID#:84560),From RDC,"Lamivudine/Zidovudine 150/300mg, tablets, 60 Tabs",829.96,45024,384955.2,PMO - US,Mylan (formerly Matrix) Nashik,Lamivudine/Zidovudine,8.55,N/A - From RDC,SO-35560,FPQ-4659,12-08-09,ARV,104-CI-T30,10-May-10,Air,Adult,60,0.14,SCMS from RDC,N/A - From RDC,See DN-1799 (ID#:84560)
65002,ASN-22712,Generic,Haiti,24-Jan-14,29-Jan-14,300/100mg,Tablet,No,See ASN-22712 (ID#:47413),Direct Drop,"Atazanavir/Ritonavir 300/100mg, tablets, 30 Tabs",96.61,3905,78100.0,PMO - US,Mylan (formerly Matrix) Nashik,Atazanavir/Ritonavir,20.0,10/25/13,SCMS-210530,FPQ-12590,8/21/13,ARV,106-HT-T30,24-Jan-14,Air,Adult,30,0.67,MYLAN LABORATORIES LTD (FORMERLY MATRIX LABORATORIES),EXW,See ASN-22712 (ID#:47413)
12219,DN-1083,Truvada,Uganda,03-Mar-09,03-Mar-09,300/200mg,Tablet - FDC,Yes,1742.25,From RDC,"Emtricitabine/Tenofovir Disoproxil Fumarate 200/300mg [Truvada], tablets, 30 Tabs",59.99,1166,30607.5,PMO - US,"Aspen-OSD, Port Elizabeth, SA",Emtricitabine/Tenofovir Disoproxil Fumarate,26.25,N/A - From RDC,SO-17750,Pre-PQ Process,Pre-PQ Process,ARV,114-UG-T01,03-Mar-09,Air,Adult,30,0.88,SCMS from RDC,N/A - From RDC,145
83198,DN-3476,Generic,Nigeria,10-Jan-14,16-Jan-14,150/300/200mg,Tablet - FDC,Yes,49199.75,From RDC,"Lamivudine/Nevirapine/Zidovudine 150/200/300mg, tablets, 60 Tabs",1061.35,100000,858000.0,PMO - US,"Cipla, Goa, India",Lamivudine/Nevirapine/Zidovudine,8.58,N/A - From RDC,SO-45662,FPQ-12248,05-06-13,ARV,151-NG-T30,17-Jan-14,Air Charter,Adult,60,0.14,SCMS from RDC,N/A - From RDC,38992
54271,ASN-9086,Determine,Haiti,21-Dec-10,21-Dec-10,MIssing,Test kit,Yes,5631.87,Direct Drop,"HIV 1/2, Determine HIV Kit, without Lancets, 100 Tests",526.5,2500,244200.0,PMO - US,Inverness Japan,"HIV 1/2, Determine HIV Kit, without Lancets",97.68,11-01-10,SCMS-89560,FPQ-6485,10-07-10,HRDT,106-HT-T30,21-Dec-10,Air,HIV test,100,0.98,"Orgenics, Ltd",EXW,568
1262,ASN-46,OraQuick,Haiti,09-Nov-06,09-Nov-06,MIssing,Test kit,Yes,1195.29,Direct Drop,"HIV 1/2, OraQuick Advance HIV Rapid Antibody Kit, 100 Tests",MIssing,15,6000.0,PMO - US,"Pacific Biotech, Thailand","HIV 1/2, OraQuick Advance HIV Rapid Antibody Kit",400.0,Date Not Captured,SCMS-74,Pre-PQ Process,Pre-PQ Process,HRDT,106-HT-T01,09-Nov-06,Air,HIV test,100,4.0,Orasure Technologies Inc.,EXW,36
83017,DN-2588,Generic,Tanzania,13-Mar-12,13-Mar-12,150mg,Tablet,Yes,3825.8,From RDC,"Lamivudine 150mg, tablets, 60 Tabs",369.14,96018,223721.94,PMO - US,Macleods Daman Plant INDIA,Lamivudine,2.33,N/A - From RDC,SO-40614,FPQ-8297,8/22/11,ARV,109-TZ-T30,04-May-12,Truck,Adult,60,0.04,SCMS from RDC,N/A - From RDC,4271
12762,DN-488,Generic,Zimbabwe,14-Jan-08,14-Jan-08,150/30mg,Tablet - FDC,No,See DN-488 (ID#:10652),From RDC,"Lamivudine/Stavudine 150/30mg, tablets, 30 Tabs",5.12,1600,3200.0,PMO - US,"Cipla, Goa, India",Lamivudine/Stavudine,2.0,N/A - From RDC,SO-710,Pre-PQ Process,Pre-PQ Process,ARV,100-ZW-T01,14-Jan-08,Air,Adult,30,0.07,SCMS from RDC,N/A - From RDC,See DN-488 (ID#:10652)
84177,DN-2720,Determine,"Congo, DRC",09-Sep-12,09-Sep-12,MIssing,Test kit,Yes,2757.4,From RDC,"HIV 1/2, Determine Complete HIV Kit, 100 Tests",168.24,1500,120000.0,PMO - US,"Alere Medical Co., Ltd.","HIV 1/2, Determine Complete HIV Kit",80.0,N/A - From RDC,SO-42450,FPQ-10046,4/26/12,HRDT,102-CD-T30,09-Sep-12,Air,HIV test,100,0.8,SCMS from RDC,N/A - From RDC,448
86242,DN-1493,Generic,Nigeria,20-Nov-09,20-Nov-09,200mg,Tablet,No,See DN-1493 (ID#:83374),From RDC,"Nevirapine 200mg, tablets, 60 Tabs",113.82,20025,58072.5,PMO - US,"Aurobindo Unit III, India",Nevirapine,2.9,N/A - From RDC,SO-32971,FPQ-4395,7/27/09,ARV,123-NG-T30,18-Dec-09,Air Charter,Adult,60,0.05,SCMS from RDC,N/A - From RDC,See DN-1493 (ID#:83374)
43085,ASN-25504,Determine,Lesotho,25-Apr-14,05-May-14,MIssing,Test kit,Yes,11063.78,Direct Drop,"HIV 1/2, Determine Complete HIV Kit, 100 Tests",173.03,2104,168320.0,PMO - US,"Alere Medical Co., Ltd.","HIV 1/2, Determine Complete HIV Kit",80.0,04-03-14,SCMS-233590,FPQ-13954,3/24/14,HRDT,800-LS-T30,25-Apr-14,Air,HIV test,100,0.8,"Orgenics, Ltd",EXW,856
85843,DN-2592,Generic,Tanzania,11-Apr-12,11-Apr-12,30/50/60mg,Chewable/dispersible tablet - FDC,Yes,3279.25,From RDC,"Lamivudine/Nevirapine/Zidovudine 30/50/60mg, dispersible tablets, 60 Tabs",39.29,5603,23812.75,PMO - US,Mylan (formerly Matrix) Nashik,Lamivudine/Nevirapine/Zidovudine,4.25,N/A - From RDC,SO-40491,FPQ-8303,8/22/11,ARV,109-TZ-T30,08-May-12,Truck,Pediatric,60,0.07,SCMS from RDC,N/A - From RDC,316
17717,ASN-31730,Generic,Guyana,16-Jun-15,24-Jun-15,200/300mg,Tablet - FDC,Yes,3248.6,Direct Drop,"Emtricitabine/Tenofovir Disoproxil Fumarate 200/300mg, tablets, 30 Tabs",24.44,3715,20766.85,PMO - US,Hetero Unit III Hyderabad IN,Emtricitabine/Tenofovir Disoproxil Fumarate,5.59,02-12-15,SCMS-276200,FPQ-15696,01-02-15,ARV,105-GY-T30,16-Jun-15,Air,Adult,30,0.19,HETERO LABS LIMITED,EXW,385
11670,DN-1371,Generic,Haiti,31-Jul-09,31-Jul-09,1mg/ml,Oral solution,Yes,6811.39,From RDC,"Stavudine 1mg/ml, powder for oral solution, 200 ml",1.1,400,560.0,PMO - US,"Aurobindo Unit III, India",Stavudine,1.4,N/A - From RDC,SO-32740,Pre-PQ Process,Date Not Captured,ARV,106-HT-T01,31-Jul-09,Air,Pediatric,200,0.01,SCMS from RDC,N/A - From RDC,39
82707,DN-3843,Generic,"Congo, DRC",24-Sep-14,06-Nov-14,300mg,Tablet,Yes,18387.8,From RDC,"Abacavir 300mg, tablets, 60 Tabs",8.25,715,8029.45,PMO - US,"Aurobindo Unit III, India",Abacavir,11.23,N/A - From RDC,SO-48850,FPQ-14252,05-07-14,ARV,101-CD-T30,13-Aug-14,Air,Adult,60,0.19,SCMS from RDC,N/A - From RDC,1630
83783,DN-3627,Aluvia,Mozambique,03-Jun-14,11-Jun-14,200/50mg,Tablet,No,See DN-3627 (ID#:83782),From RDC,"Lopinavir/Ritonavir 200/50mg [Aluvia], tablets, 120 Tabs",195.07,10040,189756.0,PMO - US,ABBVIE Ludwigshafen Germany,Lopinavir/Ritonavir,18.9,N/A - From RDC,SO-47084,FPQ-13123,10/21/13,ARV,111-MZ-T30,03-Jun-14,Truck,Adult,120,0.16,SCMS from RDC,N/A - From RDC,See DN-3627 (ID#:83782)
19405,ASN-21234,Determine,Tanzania,16-Sep-13,16-Sep-13,MIssing,Test kit,Yes,21351.18,Direct Drop,"HIV 1/2, Determine Complete HIV Kit, 100 Tests",0,3039,0.0,PMO - US,"Alere Medical Co., Ltd.","HIV 1/2, Determine Complete HIV Kit",0.0,5/29/13,SCMS-189360,FPQ-12197,4/30/13,HRDT,109-TZ-T30,17-Sep-13,Air,HIV test,100,0.0,"Standard Diagnostics, Inc.",EXW,1257
76799,ASN-4828,Aluvia,Vietnam,11-Sep-09,11-Sep-09,200/50mg,Tablet,Yes,1088.79,Direct Drop,"Lopinavir/Ritonavir 200/50mg [Aluvia], tablets, 120 Tabs",122.45,760,62472.0,PMO - US,ABBVIE Ludwigshafen Germany,Lopinavir/Ritonavir,82.2,7/14/09,SCMS-48800,FPQ-3934,07-06-09,ARV,108-VN-T30,11-Sep-09,Air,Adult,120,0.68,ABBVIE LOGISTICS (FORMERLY ABBOTT LOGISTICS BV),FCA,188
83194,DN-3454,Generic,Tanzania,20-Jan-14,29-Jan-14,600/300/300mg,Tablet - FDC,Yes,7134.39,From RDC,"Efavirenz/Lamivudine/Tenofovir Disoproxil Fumarate 600/300/300mg, tablets, 30 Tabs",948.4,68762,766696.3,PMO - US,Mylan (formerly Matrix) Nashik,Efavirenz/Lamivudine/Tenofovir Disoproxil Fumarate,11.15,N/A - From RDC,SO-45741,FPQ-12354,5/16/13,ARV,109-TZ-T30,31-Jan-14,Truck,Adult,30,0.37,SCMS from RDC,N/A - From RDC,8456
85024,DN-4190,Generic,Nigeria,18-Mar-15,20-Mar-15,600/300/300mg,Tablet - FDC,No,See DN-4190 (ID#:84461),From RDC,"Efavirenz/Lamivudine/Tenofovir Disoproxil Fumarate 600/300/300mg, tablets, 30 Tabs",1973.76,200000,1920000.0,PMO - US,Hetero Unit III Hyderabad IN,Efavirenz/Lamivudine/Tenofovir Disoproxil Fumarate,9.6,N/A - From RDC,SO-51090,FPQ-14766,8/13/14,ARV,151-NG-T30,30-Apr-15,Air Charter,Adult,30,0.32,SCMS from RDC,N/A - From RDC,See DN-4190 (ID#:84461)
59867,ASN-5651,Stocrin/Sustiva,CÃte dIvoire,06-Jan-10,06-Jan-10,30mg/ml,Oral solution,Yes,2530.73,Direct Drop,"Efavirenz 30mg/ml [Stocrin/Sustiva], oral solution, Bottle, 180 ml",111.53,3355,56900.8,PMO - US,"MSD, Haarlem, NL",Efavirenz,16.96,9/25/09,SCMS-52610,FPQ-3967,8/21/09,ARV,104-CI-T30,06-Jan-10,Air,Pediatric,180,0.09,MERCK SHARP & DOHME IDEA GMBH (FORMALLY MERCK SHARP & DOHME B.V.),CIP,1006
11996,DN-1340,Generic,Nigeria,04-Aug-09,04-Aug-09,150/300/200mg,Tablet - FDC,Yes,7445.8,From RDC,"Lamivudine/Nevirapine/Zidovudine 150/200/300mg, tablets, 60 Tabs",96.39,4314,49179.6,PMO - US,"Aurobindo Unit III, India",Lamivudine/Nevirapine/Zidovudine,11.4,N/A - From RDC,SO-32646,Pre-PQ Process,Date Not Captured,ARV,151-NG-T01,04-Aug-09,Air Charter,Adult,60,0.19,SCMS from RDC,N/A - From RDC,486
11542,DN-788,Generic,Haiti,01-Jul-08,01-Jul-08,200mg,Capsule,Yes,1015.24,From RDC,"Efavirenz 200mg, capsule, 90 Caps",2.69,105,1680.0,PMO - US,"Aurobindo Unit III, India",Efavirenz,16.0,N/A - From RDC,SO-2601,Pre-PQ Process,Pre-PQ Process,ARV,106-HT-T01,01-Jul-08,Air,Pediatric,90,0.18,SCMS from RDC,N/A - From RDC,14
12406,DN-366,Generic,Zambia,27-Sep-07,27-Sep-07,300mg,Tablet,No,See DN-366 (ID#:11161),From RDC,"Zidovudine 300mg, tablets, 60 Tabs",161.96,12420,101223.0,PMO - US,"Aurobindo Unit III, India",Zidovudine,8.15,N/A - From RDC,SO-940,Pre-PQ Process,Pre-PQ Process,ARV,110-ZM-T01,27-Sep-07,MIssing,Adult,60,0.14,SCMS from RDC,N/A - From RDC,See DN-366 (ID#:11161)
7718,ASN-3607,Generic,South Africa,28-Nov-08,28-Nov-08,300mg,Tablet,No,Freight Included in Commodity Cost,Direct Drop,"Zidovudine 300mg, tablets, 60 Tabs",7.25,300,3699.0,PMO - US,"Aurobindo Unit III, India",Zidovudine,12.33,Date Not Captured,SCMS-40780,Pre-PQ Process,Pre-PQ Process,ARV,116-ZA-T01,17-Mar-09,Air,Adult,60,0.21,S. BUYS WHOLESALER,DDP,Weight Captured Separately
7201,ASN-2068,Generic,Rwanda,22-Jul-08,22-Jul-08,150/300mg,Tablet - FDC,Yes,23071.26,Direct Drop,"Lamivudine/Zidovudine 150/300mg, tablets, 60 Tabs",663.43,45168,414642.24,PMO - US,"Aurobindo Unit III, India",Lamivudine/Zidovudine,9.18,6/13/08,SCMS-25530,Pre-PQ Process,Pre-PQ Process,ARV,107-RW-T01,22-Jul-08,Air,Adult,60,0.15,Aurobindo Pharma Limited,CIP,3953
20684,ASN-30377,Generic,South Africa,26-Jan-15,26-Jan-15,600mg,Tablet,No,Freight Included in Commodity Cost,Direct Drop,"Efavirenz 600mg, tablets, 30 Tabs",1.77,153,1724.15,PMO - US,"Aurobindo Unit III, India",Efavirenz,11.27,1/26/15,SCMS-259072,FPQ-14942,09-11-14,ARV,116-ZA-T30,26-Jan-15,Truck,Adult,30,0.38,PHARMACY DIRECT,DDP,Weight Captured Separately
22290,ASN-20481,Determine,Zambia,09-Aug-13,09-Aug-13,MIssing,Test kit,Yes,19517.12,Direct Drop,"HIV 1/2, Determine Complete HIV Kit, 100 Tests",300.64,3038,243040.0,PMO - US,"Alere Medical Co., Ltd.","HIV 1/2, Determine Complete HIV Kit",80.0,5/22/13,SCMS-189240,FPQ-12252,05-02-13,HRDT,110-ZM-T30,05-Aug-13,Air,HIV test,100,0.8,"Orgenics, Ltd",EXW,1259
2147,ASN-2935,Colloidal Gold,Ethiopia,03-Dec-08,03-Dec-08,MIssing,Test kit,Yes,22433.91,Direct Drop,"HIV 1/2, SKB Colloidal Gold, Diagnostic Kit, Antibody, 50 Tests",158.23,3510,80730.0,PMO - US,"KHB Test Kit Facility, Shanghai China","HIV 1/2, Colloidal Gold, Diagnostic Kit, Antibody",23.0,10/27/08,SCMS-32640,Pre-PQ Process,Pre-PQ Process,HRDT,117-ET-T01,03-Dec-08,Air,HIV test,1,23.0,"SHANGHAI KEHUA BIOENGINEERING CO.,LTD.  (KHB)",EXW,2535
82459,DN-2582,Generic,Nigeria,16-Feb-12,16-Feb-12,200/300mg,Tablet - FDC,Yes,Invoiced Separately,From RDC,"Emtricitabine/Tenofovir Disoproxil Fumarate 200/300mg, tablets, 30 Tabs",1197.77,95243,854329.71,PMO - US,"Aurobindo Unit III, India",Emtricitabine/Tenofovir Disoproxil Fumarate,8.97,N/A - From RDC,SO-41268,FPQ-8952,12-08-11,ARV,151-NG-T30,20-Jun-12,Air Charter,Adult,30,0.3,SCMS from RDC,N/A - From RDC,14487
39291,ASN-27804,Kaletra,Uganda,23-Sep-14,23-Sep-14,80/20mg/ml,Oral solution,Yes,1487.76,Direct Drop,"Lopinavir/Ritonavir 80/20mg/ml [Kaletra], oral solution, cool, Bottle 5 x 60 ml",2.38,75,2311.5,PMO - US,ABBVIE (Abbott) Logis. UK,Lopinavir/Ritonavir,30.82,6/23/14,SCMS-244440,FPQ-14407,06-11-14,ARV,114-UG-T30,23-Sep-14,Air,Pediatric,300,0.1,ABBVIE LOGISTICS (FORMERLY ABBOTT LOGISTICS BV),FCA,120
25189,ASN-31854,Generic,South Africa,28-Apr-15,28-Apr-15,250mg,Delayed-release capsules,No,Freight Included in Commodity Cost,Direct Drop,"Didanosine 250mg, delayed-release capsules, 30 Caps",0.06,4,60.98,PMO - US,"Aurobindo Unit III, India",Didanosine,15.24,4/28/15,SCMS-238556,FPQ-13973,4/30/14,ARV,116-ZA-T30,28-Apr-15,Truck,Adult,30,0.51,PHARMACY DIRECT,DDP,Weight Captured Separately
58425,ASN-5244,Ziagen,South Africa,19-Nov-09,19-Nov-09,20mg/ml,Oral solution,Yes,Freight Included in Commodity Cost,Direct Drop,"Abacavir 20mg/ml [Ziagen], oral solution, Bottle, 240 ml",0.04,1,19.97,PMO - US,GSK Mississauga (Canada),Abacavir,19.97,7/21/09,SCMS-49642,FPQ-3560,05-07-09,ARV,116-ZA-T30,19-Nov-09,Truck,Pediatric,240,0.08,S. BUYS WHOLESALER,DDP,Weight Captured Separately
10698,DN-643,Generic,CÃte dIvoire,06-Mar-08,06-Mar-08,150/200/30mg,Tablet - FDC,Yes,3056.96,From RDC,"Lamivudine/Nevirapine/Stavudine 150/200/30mg, tablets, 60 Tabs",151.94,12833,94964.2,PMO - US,"Cipla, Goa, India",Lamivudine/Nevirapine/Stavudine,7.4,N/A - From RDC,SO-1663,Pre-PQ Process,Pre-PQ Process,ARV,104-CI-T01,06-Mar-08,Air,Adult,60,0.12,SCMS from RDC,N/A - From RDC,1316
82052,ASN-8791,Generic,South Africa,12-Jan-11,12-Jan-11,300mg,Tablet,Yes,5460.48,Direct Drop,"Tenofovir Disoproxil Fumarate 300mg, tablets, 30 Tabs",174.47,11711,80923.01,PMO - US,"Aurobindo Unit III, India",Tenofovir Disoproxil Fumarate,6.91,6/17/10,SCMS-75980,FPQ-5648,06-02-10,ARV,161-ZA-T30,20-Dec-10,Ocean,Adult,30,0.23,Aurobindo Pharma Limited,DDP,1093
27092,ASN-20630,Generic,Uganda,26-Jul-13,26-Jul-13,100/25mg,Tablet,Yes,2808.12,Direct Drop,"Lopinavir/Ritonavir 100/25mg [Aluvia], tablets, 60 Tabs",18.85,2565,15236.1,PMO - US,ABBVIE Ludwigshafen Germany,Lopinavir/Ritonavir,5.94,02-04-13,SCMS-173430,FPQ-11141,12/13/12,ARV,114-UG-T30,26-Jul-13,Air,Pediatric,60,0.1,ABBVIE LOGISTICS (FORMERLY ABBOTT LOGISTICS BV),FCA,304
85855,DN-2647,Generic,Nigeria,30-Apr-12,30-Apr-12,200mg,Tablet,Yes,27441.22,From RDC,"Nevirapine 200mg, tablets, 60 Tabs",299.32,87499,213497.56,PMO - US,"Aurobindo Unit III, India",Nevirapine,2.44,N/A - From RDC,SO-41253,FPQ-8952,12-08-11,ARV,151-NG-T30,04-Jul-12,Air Charter,Adult,60,0.04,SCMS from RDC,N/A - From RDC,9645
83342,DN-4296,Generic,South Sudan,19-Jun-15,23-Jun-15,150/300/200mg,Tablet - FDC,Yes,Invoiced Separately,From RDC,"Lamivudine/Nevirapine/Zidovudine 150/200/300mg, tablets, 60 Tabs",177.55,18600,150846.0,PMO - US,"Cipla, Goa, India",Lamivudine/Nevirapine/Zidovudine,8.11,N/A - From RDC,SO-51460,FPQ-16356,5/14/15,ARV,103-SS-T30,25-Jun-15,Air,Adult,60,0.14,SCMS from RDC,N/A - From RDC,Weight Captured Separately
85421,DN-3419,Generic,CÃte dIvoire,02-Dec-13,20-Dec-13,150mg,Tablet,Yes,4017.7,From RDC,"Lamivudine 150mg, tablets, 60 Tabs",13.24,4800,10704.0,PMO - US,"Strides, Bangalore, India.",Lamivudine,2.23,N/A - From RDC,SO-46320,FPQ-12712,7/30/13,ARV,104-CI-T30,18-Nov-13,Truck,Adult,60,0.04,SCMS from RDC,N/A - From RDC,216
82452,DN-2551,Generic,CÃte dIvoire,24-Feb-12,24-Feb-12,300mg,Tablet,Yes,6009.47,From RDC,"Tenofovir Disoproxil Fumarate 300mg, tablets, 30 Tabs",19.6,2160,11880.0,PMO - US,Mylan (formerly Matrix) Nashik,Tenofovir Disoproxil Fumarate,5.5,N/A - From RDC,SO-40820,FPQ-8363,8/29/11,ARV,104-CI-T30,02-Mar-12,Truck,Adult,30,0.18,SCMS from RDC,N/A - From RDC,1122
69009,ASN-33852,Generic,South Africa,24-Aug-15,24-Aug-15,200mg,Capsule,No,Freight Included in Commodity Cost,Direct Drop,"Efavirenz 200mg, capsule, 90 Caps",0.77,41,748.24,PMO - US,"Aurobindo Unit III, India",Efavirenz,18.25,10-09-14,SCMS-259079,FPQ-14942,09-11-14,ARV,116-ZA-T30,24-Aug-15,Truck,Pediatric,90,0.2,PHARMACY DIRECT,DDP,Weight Captured Separately
8713,ASN-2737,OraQuick,Botswana,20-Nov-08,20-Nov-08,MIssing,Test kit - Ancillary,Yes,526.05,Direct Drop,"#109435**HIV, OraQuick Controls Kit, 3 Vials",0.3,10,152.5,PMO - US,"Orasure Technologies, Inc USA","HIV, OraQuick Controls Kit, 3 Vials",15.25,10-02-08,SCMS-31360,Pre-PQ Process,Pre-PQ Process,HRDT,102-BW-T01,20-Nov-08,Air,HIV test - Ancillary,3,5.08,Orasure Technologies Inc.,EXW,7
12299,DN-1325,Generic,Zambia,29-Sep-09,29-Sep-09,300/300mg,Tablet - FDC,Yes,6759.28,From RDC,"Lamivudine/Tenofovir Disoproxil Fumarate 300/300mg, tablets, 30 Tabs",2073.68,92000,1058000.0,PMO - US,Mylan (formerly Matrix) Nashik,Lamivudine/Tenofovir Disoproxil Fumarate,11.5,N/A - From RDC,SO-29070,Pre-PQ Process,Date Not Captured,ARV,110-ZM-T01,29-Sep-09,Truck,Adult,30,0.38,SCMS from RDC,N/A - From RDC,7579
84187,DN-2836,Generic,Zambia,07-Sep-12,07-Sep-12,150/30mg,Tablet - FDC,Yes,7317.47,From RDC,"Lamivudine/Stavudine 150/30mg, tablets, 60 Tabs",271.31,65599,193517.05,PMO - US,"Strides, Bangalore, India.",Lamivudine/Stavudine,2.95,N/A - From RDC,SO-41831,FPQ-9552,3/29/12,ARV,110-ZM-T30,13-Sep-12,Truck,Adult,60,0.05,SCMS from RDC,N/A - From RDC,3354
84803,DN-3096,Generic,Burundi,10-May-13,10-May-13,10mg/ml,Oral solution,No,See DN-3096 (ID#:83671),From RDC,"Lamivudine 10mg/ml, oral solution w/syringe, Bottle, 240 ml",1.26,552,1021.2,PMO - US,"Aurobindo Unit III, India",Lamivudine,1.85,N/A - From RDC,SO-44640,FPQ-11661,2/20/13,ARV,102-BI-T30,02-May-13,Air,Pediatric,240,0.01,SCMS from RDC,N/A - From RDC,See DN-3096 (ID#:83671)
83260,DN-3803,Generic,CÃte dIvoire,09-Jul-14,07-Aug-14,600/300/300mg,Tablet - FDC,Yes,28669.4,From RDC,"Efavirenz/Lamivudine/Tenofovir Disoproxil Fumarate 600/300/300mg, tablets, 30 Tabs",522.13,47116,507910.48,PMO - US,Hetero Unit III Hyderabad IN,Efavirenz/Lamivudine/Tenofovir Disoproxil Fumarate,10.78,N/A - From RDC,SO-47880,FPQ-13628,1/29/14,ARV,104-CI-T30,28-Nov-14,Truck,Adult,30,0.36,SCMS from RDC,N/A - From RDC,7295
71284,ASN-32527,Generic,Nigeria,24-Jun-15,30-Jun-15,300/300mg,Tablet - FDC,No,See ASN-32527 (ID#:24386),Direct Drop,"Lamivudine/Tenofovir Disoproxil Fumarate 300/300mg, tablets, 30 Tabs",37.21,7026,31617.0,PMO - US,Hetero Unit III Hyderabad IN,Lamivudine/Tenofovir Disoproxil Fumarate,4.5,05-07-15,SCMS-287700,FPQ-16312,05-04-15,ARV,151-NG-T30,24-Jun-15,Air,Adult,30,0.15,HETERO LABS LIMITED,EXW,See ASN-32527 (ID#:24386)
56395,ASN-30377,Generic,South Africa,26-Jan-15,26-Jan-15,200/300mg,Tablet - FDC,No,Freight Included in Commodity Cost,Direct Drop,"Emtricitabine/Tenofovir Disoproxil Fumarate 200/300mg, tablets, 30 Tabs",0.25,11,240.14,PMO - US,"Aurobindo Unit III, India",Emtricitabine/Tenofovir Disoproxil Fumarate,21.83,1/26/15,SCMS-259072,FPQ-14942,09-11-14,ARV,116-ZA-T30,26-Jan-15,Truck,Adult,30,0.73,PHARMACY DIRECT,DDP,Weight Captured Separately
71293,ASN-27693,Reyataz,Rwanda,22-Aug-14,26-Aug-14,150mg,Capsule,Yes,733.64,Direct Drop,"Atazanavir 150mg [Reyataz], capsules, 60 Caps",7.52,216,7311.6,PMO - US,"BMS Evansville, US",Atazanavir,33.85,6/30/14,SCMS-244220,FPQ-13853,3/25/14,ARV,107-RW-T30,22-Aug-14,Air,Pediatric,60,0.56,LAWRENCE LABORATORIES (SUBSIDIARY OF BRISTOL MYERS SQUIBB),FCA,17
71909,ASN-19031,Genie,CÃte dIvoire,19-Apr-13,19-Apr-13,MIssing,Test kit,Yes,2595.63,Direct Drop,"HIV 1/2, Genie III Kit, 50 Tests",38.27,300,27300.0,PMO - US,Bio-Rad Laboratories,"HIV 1/2, Genie III Kit",91.0,10/22/12,SCMS-162871,FPQ-10764,10-10-12,HRDT,104-CI-T30,19-Apr-13,Air,HIV test,50,1.82,BIO-RAD LABORATORIES (FRANCE),EXW,160
12911,DN-1422,Generic,CÃte dIvoire,16-Sep-09,16-Sep-09,10mg/ml,Oral solution,No,See DN-1422 (ID#:11682),From RDC,"Lamivudine 10mg/ml, oral solution, Bottle, 240 ml",11.85,3181,6043.9,PMO - US,"Aurobindo Unit III, India",Lamivudine,1.9,N/A - From RDC,SO-33220,Pre-PQ Process,Date Not Captured,ARV,104-CI-T01,16-Sep-09,Air,Pediatric,240,0.01,SCMS from RDC,N/A - From RDC,See DN-1422 (ID#:11682)
52398,ASN-21821,Generic,Uganda,08-Nov-13,13-Nov-13,600mg,Tablet,Yes,8144.11,Direct Drop,"Efavirenz 600mg, tablets, 30 Tabs",281.54,71348,227600.12,PMO - US,"Strides, Bangalore, India.",Efavirenz,3.19,7/30/13,SCMS-198700,FPQ-12477,07-08-13,ARV,114-UG-T30,08-Nov-13,Ocean,Adult,30,0.11,STRIDES ARCOLAB LIMITED,EXW,4334
9089,ASN-4799,Capillus,Haiti,31-Aug-09,31-Aug-09,MIssing,Test kit,Yes,2486.15,Direct Drop,"HIV 1/2, Capillus HIV Kit, 100 Tests",40.87,150,20850.0,PMO - US,"Trinity Biotech, Plc","HIV 1/2, Capillus HIV Kit",139.0,04-02-09,SCMS-42690,Pre-PQ Process,Pre-PQ Process,HRDT,106-HT-T01,31-Aug-09,Air,HIV test,100,1.39,"Trinity Biotech, Plc",EXW,113
76087,ASN-9058,Generic,Dominican Republic,18-Dec-10,18-Dec-10,250mg,Delayed-release capsules,Yes,1001.12,Direct Drop,"Didanosine 250mg, delayed-release capsules, 30 Caps",28.03,1000,13000.0,PMO - US,"Aurobindo Unit III, India",Didanosine,13.0,11/22/10,SCMS-92940,FPQ-6083,7/16/10,ARV,100-DO-T30,18-Dec-10,Air,Adult,30,0.43,Aurobindo Pharma Limited,EXW,68
69606,ASN-31750,Uni-Gold,"Congo, DRC",02-Jul-15,30-Jul-15,MIssing,Test kit,No,See ASN-31750 (ID#:19272),Direct Drop,"HIV 1/2, Uni-Gold HIV Kit, 20 Tests",0.56,15,480.0,PMO - US,"Trinity Biotech, Plc","HIV 1/2, Uni-Gold HIV Kit",32.0,3/16/15,SCMS-280210,FPQ-16001,03-10-15,HRDT,101-CD-T30,02-Jul-15,Air,HIV test,20,1.6,"Trinity Biotech, Plc",EXW,See ASN-31750 (ID#:19272)
70788,ASN-15698,Determine,Nigeria,01-Aug-12,01-Aug-12,MIssing,Test kit,Yes,35813.98,Direct Drop,"HIV 1/2, Determine Complete HIV Kit, 100 Tests",399.29,3200,284800.0,PMO - US,"Alere Medical Co., Ltd.","HIV 1/2, Determine Complete HIV Kit",89.0,05-03-12,SCMS-144200,FPQ-9599,3/27/12,HRDT,133-NG-T30,01-Aug-12,Air,HIV test,100,0.89,"Orgenics, Ltd",EXW,1533
81253,ASN-33477,Generic,South Africa,24-Jul-15,24-Jul-15,20mg/ml,Oral solution,No,Freight Included in Commodity Cost,Direct Drop,"Abacavir 20mg/ml, oral solution, Bottle, 240 ml",0.15,8,141.69,PMO - US,"Aurobindo Unit III, India",Abacavir,17.71,10-09-14,SCMS-259077,FPQ-14942,09-11-14,ARV,116-ZA-T30,24-Jul-15,Truck,Pediatric,240,0.07,PHARMACY DIRECT,DDP,Weight Captured Separately
12337,DN-126,Generic,Mozambique,01-Jun-07,01-Jun-07,10mg/ml,Oral solution,Yes,478.51,From RDC,"Zidovudine 10mg/ml, oral solution, Bottle, 240 ml",MIssing,650,2567.5,PMO - US,"Aurobindo Unit III, India",Zidovudine,3.95,N/A - From RDC,SO-501,Pre-PQ Process,Pre-PQ Process,ARV,111-MZ-T01,01-Jun-07,Air,Pediatric,240,0.02,SCMS from RDC,N/A - From RDC,193
84935,DN-3739,Generic,Burundi,04-Jun-14,09-Jul-14,600mg,Tablet,No,See DN-3739 (ID#:83804),From RDC,"Efavirenz 600mg, tablets, 30 Tabs",2.28,573,1839.33,PMO - US,"Strides, Bangalore, India.",Efavirenz,3.21,N/A - From RDC,SO-46023,FPQ-12602,07-09-13,ARV,102-BI-T30,16-Jun-14,Air,Adult,30,0.11,SCMS from RDC,N/A - From RDC,See DN-3739 (ID#:83804)
23120,ASN-33852,Generic,South Africa,24-Aug-15,24-Aug-15,300mg,Tablet,No,Freight Included in Commodity Cost,Direct Drop,"Tenofovir Disoproxil Fumarate 300mg, tablets, 30 Tabs",0.55,36,534.69,PMO - US,Mylan (formerly Matrix) Nashik,Tenofovir Disoproxil Fumarate,14.85,10-09-14,SCMS-259079,FPQ-14942,09-11-14,ARV,116-ZA-T30,24-Aug-15,Truck,Adult,30,0.5,PHARMACY DIRECT,DDP,Weight Captured Separately
26121,ASN-5136,Generic,South Africa,05-Aug-09,05-Aug-09,600mg,Tablet,No,Freight Included in Commodity Cost,Direct Drop,"Efavirenz 600mg, tablets, 30 Tabs",250.71,6715,127912.01,PMO - US,"Cipla, Goa, India",Efavirenz,19.05,7/21/09,SCMS-49641,FPQ-3560,05-07-09,ARV,116-ZA-T30,05-Aug-09,Truck,Adult,30,0.64,S. BUYS WHOLESALER,DDP,Weight Captured Separately
33403,ASN-5446,Generic,South Africa,30-Sep-09,30-Sep-09,600mg,Tablet,Yes,Freight Included in Commodity Cost,Direct Drop,"Efavirenz 600mg, tablets, 30 Tabs",238.46,6387,121664.04,PMO - US,"Cipla, Goa, India",Efavirenz,19.05,7/21/09,SCMS-49631,FPQ-3560,05-07-09,ARV,116-ZA-T30,14-Sep-09,Truck,Adult,30,0.64,S. BUYS WHOLESALER,DDP,Weight Captured Separately
37979,ASN-16417,Kaletra,Zimbabwe,08-Nov-12,08-Nov-12,80/20mg/ml,Oral solution,Yes,15593.13,Direct Drop,"Lopinavir/Ritonavir 80/20mg/ml [Kaletra], oral solution, cool, Bottle 5 x 60 ml",64.81,1500,46230.0,PMO - US,ABBVIE (Abbott) Logis. UK,Lopinavir/Ritonavir,30.82,7/18/12,SCMS-148290,FPQ-9905,5/29/12,ARV,103-ZW-T30,08-Nov-12,Air,Pediatric,300,0.1,ABBVIE LOGISTICS (FORMERLY ABBOTT LOGISTICS BV),FCA,1374
67776,ASN-5841,Generic,Vietnam,25-Jan-10,25-Jan-10,30mg,Capsule,Yes,1701.1,Direct Drop,"Stavudine 30mg, capsules, 60 Caps",2.03,672,940.8,PMO - US,"Strides, Bangalore, India.",Stavudine,1.4,12-08-09,SCMS-58610,FPQ-4662,12-02-09,ARV,108-VN-T30,25-Jan-10,Air,Adult,60,0.02,STRIDES ARCOLAB LIMITED,EXW,32
74398,ASN-11889,Generic,South Africa,10-Oct-11,10-Oct-11,600mg,Tablet,Yes,9323.27,Direct Drop,"Efavirenz 600mg, tablets, 30 Tabs",584.86,78595,354463.45,PMO - US,"Aurobindo Unit III, India",Efavirenz,4.51,3/24/11,SCMS-103390,FPQ-7175,03-10-11,ARV,161-ZA-T30,10-Oct-11,Ocean,Adult,30,0.15,Aurobindo Pharma Limited,DDP,6681
5120,ASN-4095,Genie,CÃte dIvoire,17-Jun-09,17-Jun-09,MIssing,Test kit,Yes,2199.43,Direct Drop,"#108853** HIV, Genie II HIV-1/HIV-2 Kit, 40 Tests",3.88,18,1980.0,PMO - US,Bio-Rad Laboratories,"HIV, Genie II HIV-1/HIV-2 Kit",110.0,4/15/09,SCMS-44050,Pre-PQ Process,Pre-PQ Process,HRDT,104-CI-T01,10-Jun-09,Air,HIV test,40,2.75,BIO-RAD LABORATORIES (FRANCE),EXW,20
75422,ASN-26467,Generic,Zambia,21-Jul-14,06-Aug-14,200mg,Tablet,Yes,20233.34,Direct Drop,"Nevirapine 200mg, tablets, 60 Tabs",90.07,38939,87612.75,PMO - US,"Aurobindo Unit III, India",Nevirapine,2.25,5/21/14,SCMS-240080,FPQ-14151,4/30/14,ARV,110-ZM-T30,20-Jul-14,Air,Adult,60,0.04,Aurobindo Pharma Limited,EXW,3962
4456,ASN-2486,Generic,Vietnam,11-Oct-08,11-Oct-08,150/200/30mg,Tablet - FDC,Yes,5412.14,Direct Drop,"Lamivudine/Nevirapine/Stavudine 150/200/30mg, tablets, 60 Tabs",181.86,15360,113664.0,PMO - US,"Cipla, Goa, India",Lamivudine/Nevirapine/Stavudine,7.4,5/14/08,SCMS-23310,Pre-PQ Process,Pre-PQ Process,ARV,108-VN-T01,11-Oct-08,Air,Adult,60,0.12,CIPLA LIMITED,EXW,1360
70978,ASN-20948,Generic,Uganda,19-Aug-13,19-Aug-13,50mg,Capsule,Yes,1678.53,Direct Drop,"Efavirenz 50mg, capsule, 30 Caps",0.63,252,509.04,PMO - US,"Micro labs, Verna, Goa, India",Efavirenz,2.02,06-07-13,SCMS-192020,FPQ-12289,5/14/13,ARV,114-UG-T30,19-Aug-13,Air,Pediatric,30,0.07,MICRO LABS LIMITED,EXW,9
17844,ASN-32138,Generic,South Africa,12-May-15,12-May-15,400mg,Delayed-release capsules,No,Freight Included in Commodity Cost,Direct Drop,"Didanosine 400mg, delayed-release capsules, 30 Caps",0.04,3,42.65,PMO - US,"Aurobindo Unit III, India",Didanosine,14.22,05-11-15,SCMS-259075,FPQ-14942,09-11-14,ARV,116-ZA-T30,12-May-15,Truck,Adult,30,0.47,PHARMACY DIRECT,DDP,Weight Captured Separately
28542,ASN-9945,Generic,South Africa,26-Apr-11,26-Apr-11,300mg,Tablet,Yes,4835.17,Direct Drop,"Zidovudine 300mg, tablets, 60 Tabs",276.09,17470,128055.1,PMO - US,"Aurobindo Unit III, India",Zidovudine,7.33,9/24/10,SCMS-83770,FPQ-6262,8/31/10,ARV,161-ZA-T30,07-Apr-11,Ocean,Adult,60,0.12,Aurobindo Pharma Limited,DDP,7765
11013,DN-861,Generic,Zambia,20-Aug-08,20-Aug-08,600mg,Tablet,Yes,8231.95,From RDC,"Efavirenz 600mg, tablets, 30 Tabs",96.08,5000,60050.0,PMO - US,Mylan (formerly Matrix) Nashik,Efavirenz,12.01,N/A - From RDC,SO-2479,Pre-PQ Process,Pre-PQ Process,ARV,110-ZM-T01,20-Aug-08,Truck,Adult,30,0.4,SCMS from RDC,N/A - From RDC,4247
12149,DN-469,Generic,Zimbabwe,07-Dec-07,07-Dec-07,150/300mg,Tablet - FDC,Yes,1671.84,From RDC,"Lamivudine/Zidovudine 150/300mg, tablets, 60 Tabs",23.71,1560,14820.0,PMO - US,"Aurobindo Unit III, India",Lamivudine/Zidovudine,9.5,N/A - From RDC,SO-899,Pre-PQ Process,Pre-PQ Process,ARV,100-ZW-T01,07-Dec-07,Truck,Adult,60,0.16,SCMS from RDC,N/A - From RDC,147
40152,ASN-29597,Generic,South Africa,28-Nov-14,28-Nov-14,20mg/ml,Oral solution,No,Freight Included in Commodity Cost,Direct Drop,"Abacavir 20mg/ml, oral solution, Bottle, 240 ml",0.15,8,141.69,PMO - US,"Aurobindo Unit III, India",Abacavir,17.71,11/28/14,SCMS-259071,FPQ-14942,09-11-14,ARV,116-ZA-T30,28-Nov-14,Truck,Pediatric,240,0.07,PHARMACY DIRECT,DDP,Weight Captured Separately
35279,ASN-28037,Generic,South Africa,29-Aug-14,29-Aug-14,600mg,Tablet,No,Freight Included in Commodity Cost,Direct Drop,"Efavirenz 600mg, tablets, 30 Tabs",15.74,768,12726.75,PMO - US,Hetero Unit III Hyderabad IN,Efavirenz,16.57,8/29/14,SCMS-199289,FPQ-12522,07-11-13,ARV,116-ZA-T30,29-Aug-14,Truck,Adult,30,0.55,S. BUYS WHOLESALER,DDP,Weight Captured Separately
83950,DN-1452,Generic,Nigeria,20-Oct-09,20-Oct-09,200mg,Capsule,No,See DN-1452 (ID#:82272),From RDC,"Efavirenz 200mg, capsule, 90 Caps",0.57,24,290.88,PMO - US,"Aurobindo Unit III, India",Efavirenz,12.12,N/A - From RDC,SO-32260,FPQ-3815,5/26/09,ARV,154-NG-T30,30-Oct-09,Air Charter,Pediatric,90,0.13,SCMS from RDC,N/A - From RDC,See DN-1452 (ID#:82272)
60112,ASN-23721,Generic,Uganda,22-Feb-14,24-Mar-14,200mg,Tablet,Yes,6757.18,Direct Drop,"Nevirapine 200mg, tablets, 60 Tabs",42.13,18216,40986.0,PMO - US,"Aurobindo Unit III, India",Nevirapine,2.25,12/17/13,SCMS-216720,FPQ-13258,11/18/13,ARV,114-UG-T30,22-Feb-14,Air,Adult,60,0.04,Aurobindo Pharma Limited,EXW,1863
82889,DN-1847,Generic,Haiti,09-Jun-10,09-Jun-10,20mg/ml,Oral solution,Yes,6438.38,From RDC,"Abacavir 20mg/ml, oral solution, Bottle, 240 ml",14.07,480,6528.0,PMO - US,"Aurobindo Unit III, India",Abacavir,13.6,N/A - From RDC,SO-36740,FPQ-5523,4/19/10,ARV,106-HT-T30,30-Jun-10,Air,Pediatric,240,0.06,SCMS from RDC,N/A - From RDC,390
57637,ASN-8567,Bioline,Rwanda,23-Dec-10,23-Dec-10,MIssing,Test kit,Yes,9054.08,Direct Drop,"HIV 1/2, Bioline 3.0 Kit, (no accessories), 30 Tests",87.96,1700,40800.0,PMO - US,"Standard Diagnostics, Korea","HIV 1/2, Bioline 3.0 Kit (no accessories)",24.0,10-06-10,SCMS-87200,FPQ-6417,9/20/10,HRDT,107-RW-T30,23-Dec-10,Air,HIV test,30,0.8,"Standard Diagnostics, Inc.",EXW,570
83974,DN-1620,Generic,CÃte dIvoire,23-Jan-10,23-Jan-10,600mg,Tablet,Yes,5254.1,From RDC,"Efavirenz 600mg, tablets, 30 Tabs",98.29,8676,50147.28,PMO - US,"Aurobindo Unit III, India",Efavirenz,5.78,N/A - From RDC,SO-34521,FPQ-3964,7/24/09,ARV,104-CI-T30,08-Feb-10,Air,Adult,30,0.19,SCMS from RDC,N/A - From RDC,4845
1955,ASN-2809,Generic,Vietnam,24-Nov-08,24-Nov-08,150/300/200mg,Tablet - FDC,Yes,2568.6,Direct Drop,"Lamivudine/Nevirapine/Zidovudine 150/200/300mg, tablets, 60 Tabs",24.58,1100,12540.0,PMO - US,"Aurobindo Unit III, India",Lamivudine/Nevirapine/Zidovudine,11.4,7/24/08,SCMS-27310,Pre-PQ Process,Pre-PQ Process,ARV,108-VN-T01,24-Nov-08,Air,Adult,60,0.19,Aurobindo Pharma Limited,EXW,159
5233,ASN-6,Bioline,CÃte dIvoire,02-May-06,02-May-06,MIssing,Test kit,Yes,515.32,Direct Drop,"HIV 1/2, Bioline 3.0 Kit, (no accessories), 30 Tests",MIssing,31,734.7,PMO - US,"Standard Diagnostics, Korea","HIV 1/2, Bioline 3.0 Kit (no accessories)",23.7,Date Not Captured,SCMS-3,Pre-PQ Process,Pre-PQ Process,HRDT,100-CI-T01,02-May-06,Air,HIV test,30,0.79,"Standard Diagnostics, Inc.",EXW,11
2795,ASN-1114,Bioline,Tanzania,22-Jan-08,22-Jan-08,MIssing,Test kit,Yes,14505.37,Direct Drop,"HIV 1/2, Bioline 3.0 Kit, Lancets, Capillary pipets, Alcohol swabs included, 25 Tests",160,5000,100000.0,PMO - US,"Standard Diagnostics, Korea","HIV 1/2, Bioline 3.0 Kit, Lancets, Capillary pipets, Alcohol swabs included",20.0,8/15/07,SCMS-10320,Pre-PQ Process,Pre-PQ Process,HRDT,109-TZ-T01,22-Jan-08,Air,HIV test,25,0.8,"Standard Diagnostics, Inc.",EXW,1456
85802,DN-2410,Generic,Zimbabwe,21-Nov-11,21-Nov-11,150/30mg,Tablet - FDC,No,See DN-2410 (ID#:84678),From RDC,"Lamivudine/Stavudine 150/30mg, tablets, 60 Tabs",22.36,4593,13549.35,PMO - US,"Strides, Bangalore, India.",Lamivudine/Stavudine,2.95,N/A - From RDC,SO-38513,FPQ-7052,1/19/11,ARV,113-ZW-T30,14-Nov-11,Truck,Adult,60,0.05,SCMS from RDC,N/A - From RDC,See DN-2410 (ID#:84678)
1801,ASN-2293,Kaletra,South Africa,08-May-08,08-May-08,133.3/33.3mg,Capsule,No,Freight Included in Commodity Cost,Direct Drop,"Lopinavir/Ritonavir 133.3/33.3mg [Kaletra], capsules, cool, 2 x 90 Caps",39.65,670,24783.3,PMO - US,ABBVIE (Abbott) Logis. UK,Lopinavir/Ritonavir,36.99,Date Not Captured,SCMS-23500,Pre-PQ Process,Pre-PQ Process,ARV,116-ZA-T01,20-Aug-08,Truck,Adult,180,0.21,S. BUYS WHOLESALER,DDP,Weight Captured Separately
84717,DN-2621,Generic,Zimbabwe,07-May-12,07-May-12,150/300mg,Tablet - FDC,No,See DN-2621 (ID#:83583),From RDC,"Lamivudine/Zidovudine 150/300mg, tablets, 60 Tabs",45.59,3345,27629.7,PMO - US,"Cipla, Goa, India",Lamivudine/Zidovudine,8.26,N/A - From RDC,SO-40860,FPQ-8464,10-04-11,ARV,113-ZW-T30,17-Apr-12,Truck,Adult,60,0.14,SCMS from RDC,N/A - From RDC,See DN-2621 (ID#:83583)
32026,ASN-10989,Norvir,Nigeria,14-Jun-11,14-Jun-11,100mg,Tablet,Yes,1123.14,Direct Drop,"Ritonavir 100mg [Norvir], film coated tablets, 60 Tabs",5.06,448,3068.8,PMO - US,ABBVIE Ludwigshafen Germany,Ritonavir,6.85,04-04-11,SCMS-105110,FPQ-7218,2/28/11,ARV,151-NG-T30,14-Jun-11,Air,Adult,60,0.11,ABBVIE LOGISTICS (FORMERLY ABBOTT LOGISTICS BV),FCA,68
84321,DN-3492,Generic,Rwanda,25-Feb-14,07-Mar-14,200mg,Tablet,Yes,2737.75,From RDC,"Efavirenz 200mg, scored tablets, 90 Tabs",24.72,2586,24049.8,PMO - US,"Strides, Bangalore, India.",Efavirenz,9.3,N/A - From RDC,SO-47480,FPQ-13457,12/18/13,ARV,107-RW-T30,28-Feb-14,Truck,Pediatric,90,0.1,SCMS from RDC,N/A - From RDC,164
83018,DN-2589,Generic,Mozambique,24-May-12,24-May-12,10mg/ml,Oral suspension,Yes,12405.54,From RDC,"Nevirapine 10mg/ml, oral suspension w/syringe, Bottle, 240 ml",134.29,41737,81387.15,PMO - US,"Aurobindo Unit III, India",Nevirapine,1.95,N/A - From RDC,SO-40382,FPQ-8157,08-04-11,ARV,111-MZ-T30,07-May-12,Truck,Pediatric,240,0.01,SCMS from RDC,N/A - From RDC,15160
26466,ASN-14987,Generic,Nigeria,05-Jun-12,05-Jun-12,500/25mg,Tablet - FDC + blister,Yes,428.66,Direct Drop,"Sulfadoxine/Pyrimethamine 500/25mg, tablets, Blister 10 x 3 Tabs",2.57,1200,1836.0,PMO - US,"Micro Labs Ltd. (Brown & Burk), India",Sulfadoxine/Pyrimethamine,1.53,05-01-12,SCMS-144320,FPQ-9201,3/19/12,ANTM,123-NG-T30,05-Jun-12,Air,Malaria,30,0.05,IDA FOUNDATION,EXW,52
83423,DN-1801,Generic,Uganda,03-May-10,03-May-10,600mg,Tablet,Yes,2485.92,From RDC,"Efavirenz 600mg, tablets, 30 Tabs",26.41,2579,12250.25,PMO - US,"Aurobindo Unit III, India",Efavirenz,4.75,N/A - From RDC,SO-34940,FPQ-4495,10/28/09,ARV,114-UG-T30,03-May-10,Air,Adult,30,0.16,SCMS from RDC,N/A - From RDC,358
11189,DN-392,Generic,Zimbabwe,22-Oct-07,22-Oct-07,200mg,Tablet,Yes,707.4,From RDC,"Nevirapine 200mg, tablets, 60 Tabs",2.94,500,1835.0,PMO - US,"Aurobindo Unit III, India",Nevirapine,3.67,N/A - From RDC,SO-281,Pre-PQ Process,Pre-PQ Process,ARV,113-ZW-T01,22-Oct-07,MIssing,Adult,60,0.06,SCMS from RDC,N/A - From RDC,47
12010,DN-1427,Truvada,CÃte dIvoire,25-Sep-09,25-Sep-09,300/200mg,Tablet - FDC,No,See DN-1427 (ID#:11683),From RDC,"Emtricitabine/Tenofovir Disoproxil Fumarate 200/300mg [Truvada], tablets, 30 Tabs",51.35,998,26197.5,PMO - US,"Aspen-OSD, Port Elizabeth, SA",Emtricitabine/Tenofovir Disoproxil Fumarate,26.25,N/A - From RDC,SO-33230,Pre-PQ Process,Date Not Captured,ARV,104-CI-T01,25-Sep-09,Air,Adult,30,0.88,SCMS from RDC,N/A - From RDC,See DN-1427 (ID#:11683)
74364,ASN-19166,Generic,South Africa,16-Apr-13,16-Apr-13,50mg,Capsule,No,Freight Included in Commodity Cost,Direct Drop,"Efavirenz 50mg, capsule, 30 Caps",8.07,2146,6526.5,South Africa Field Office,"Aurobindo Unit III, India",Efavirenz,3.04,Date Not Captured,SCMS-183950,FPQ-11828,3/18/13,ARV,116-ZA-T30,16-Apr-13,Truck,Pediatric,30,0.1,S. BUYS WHOLESALER,DDP,Weight Captured Separately
23096,ASN-33855,Isentress,South Africa,24-Aug-15,24-Aug-15,400mg,Tablet,Yes,Freight Included in Commodity Cost,Direct Drop,"Raltegravir 400mg [Isentress], tablets, 60 Tabs",0.07,1,65.75,PMO - US,"MSD, Haarlem, NL",Raltegravir,65.75,10-09-14,SCMS-259079,FPQ-14942,09-11-14,ARV,116-ZA-T30,24-Aug-15,Truck,Adult,60,1.1,PHARMACY DIRECT,DDP,Weight Captured Separately
82937,DN-2113,Generic,Haiti,14-Feb-11,14-Feb-11,10mg/ml,Oral suspension,Yes,6555.75,From RDC,"Nevirapine 10mg/ml, oral suspension w/syringe, Bottle, 240 ml",4.2,1000,1950.0,PMO - US,"Aurobindo Unit III, India",Nevirapine,1.95,N/A - From RDC,SO-38120,FPQ-6484,10/13/10,ARV,106-HT-T30,28-Feb-11,Air,Pediatric,240,0.01,SCMS from RDC,N/A - From RDC,830
45347,ASN-27978,Generic,South Africa,27-Aug-14,27-Aug-14,300mg,Tablet,No,Freight Included in Commodity Cost,Direct Drop,"Abacavir 300mg, tablets, 60 Tabs",4.77,50,3857.34,PMO - US,"Aurobindo Unit III, India",Abacavir,77.15,8/27/14,SCMS-199283,FPQ-12522,07-11-13,ARV,116-ZA-T30,27-Aug-14,Truck,Adult,60,1.29,S. BUYS WHOLESALER,DDP,Weight Captured Separately
83226,DN-3588,Generic,Zimbabwe,21-Mar-14,17-Apr-14,600/300/300mg,Tablet - FDC,No,See DN-3588 (ID#:83225),From RDC,"Efavirenz/Lamivudine/Tenofovir Disoproxil Fumarate 600/300/300mg, tablets, 30 Tabs",4965.32,360000,4014000.0,PMO - US,Hetero Unit III Hyderabad IN,Efavirenz/Lamivudine/Tenofovir Disoproxil Fumarate,11.15,N/A - From RDC,SO-46620,FPQ-12950,09-10-13,ARV,113-ZW-T30,06-May-14,Truck,Adult,30,0.37,SCMS from RDC,N/A - From RDC,See DN-3588 (ID#:83225)
14265,ASN-19193,Generic,Vietnam,24-May-13,24-May-13,10mg/ml,Oral suspension,Yes,5970.85,Direct Drop,"Nevirapine 10mg/ml, oral suspension w/syringe, Bottle, 240 ml",0.6,263,486.55,PMO - US,"Aurobindo Unit III, India",Nevirapine,1.85,02-05-13,SCMS-176190,FPQ-11418,1/29/13,ARV,108-VN-T30,24-May-13,Air,Pediatric,240,0.01,Aurobindo Pharma Limited,EXW,182
6972,ASN-1430,OraQuick,Lesotho,12-Mar-08,12-Mar-08,MIssing,Test kit,Yes,Freight Included in Commodity Cost,Direct Drop,"HIV 1/2, OraQuick Advance HIV Rapid Antibody Kit, 100 Tests",3.92,7,2450.0,PMO - US,"Pacific Biotech, Thailand","HIV 1/2, OraQuick Advance HIV Rapid Antibody Kit",350.0,2/27/08,SCMS-18360,Pre-PQ Process,Pre-PQ Process,HRDT,102-LS-T01,12-Mar-08,Air,HIV test,100,3.5,Orasure Technologies Inc.,DDP,Weight Captured Separately
84544,DN-1755,Generic,Uganda,25-Mar-10,25-Mar-10,150/300/200mg,Tablet - FDC,Yes,16682.66,From RDC,"Lamivudine/Nevirapine/Zidovudine 150/200/300mg, tablets, 60 Tabs",483.81,20000,224400.0,PMO - US,"Aurobindo Unit III, India",Lamivudine/Nevirapine/Zidovudine,11.22,N/A - From RDC,SO-34970,FPQ-4495,10/28/09,ARV,114-UG-T30,01-Apr-10,Truck,Adult,60,0.19,SCMS from RDC,N/A - From RDC,2356
25587,ASN-24416,Generic,Uganda,21-Mar-14,21-Mar-14,30/50/60mg,Chewable/dispersible tablet - FDC,Yes,13983.98,Direct Drop,"Lamivudine/Nevirapine/Zidovudine 30/50/60mg, dispersible tablets, 60 Tabs",61.77,15021,60084.0,PMO - US,"Cipla, Goa, India",Lamivudine/Nevirapine/Zidovudine,4.0,10/30/13,SCMS-212350,FPQ-13116,10/23/13,ARV,114-UG-T30,21-Mar-14,Air,Pediatric,60,0.07,CIPLA LIMITED,EXW,1411
85203,DN-2372,Generic,Zimbabwe,21-Oct-11,21-Oct-11,30/50/60mg,Chewable/dispersible tablet - FDC,Yes,2326.77,From RDC,"Lamivudine/Nevirapine/Zidovudine 30/50/60mg, dispersible tablets, 60 Tabs",228.53,24940,105995.0,PMO - US,Mylan (formerly Matrix) Nashik,Lamivudine/Nevirapine/Zidovudine,4.25,N/A - From RDC,SO-37901,FPQ-6483,10/13/10,ARV,200-ZW-T30,14-Oct-11,Truck,Pediatric,60,0.07,SCMS from RDC,N/A - From RDC,1456
84936,DN-3753,Generic,Zambia,17-Jun-14,17-Jul-14,10mg/ml,Oral suspension,Yes,3150.3,From RDC,"Nevirapine 10mg/ml, oral suspension w/syringe, Bottle, 100 ml",9.06,6778,8811.4,PMO - US,"Aurobindo Unit III, India",Nevirapine,1.3,N/A - From RDC,SO-47790,FPQ-13574,1/16/14,ARV,110-ZM-T30,16-Jun-14,Air,Pediatric,100,0.01,SCMS from RDC,N/A - From RDC,1358
24970,ASN-28034,Generic,South Africa,29-Aug-14,29-Aug-14,600mg,Tablet,No,Freight Included in Commodity Cost,Direct Drop,"Efavirenz 600mg, tablets, 30 Tabs",18.76,915,15162.72,PMO - US,Hetero Unit III Hyderabad IN,Efavirenz,16.57,8/29/14,SCMS-199289,FPQ-12522,07-11-13,ARV,116-ZA-T30,29-Aug-14,Truck,Adult,30,0.55,S. BUYS WHOLESALER,DDP,Weight Captured Separately
10943,DN-593,Generic,Ethiopia,05-Feb-08,05-Feb-08,300mg,Tablet,Yes,3787.32,From RDC,"Zidovudine 300mg, tablets, 60 Tabs",130.4,10000,81500.0,PMO - US,"Aurobindo Unit III, India",Zidovudine,8.15,N/A - From RDC,SO-1719,Pre-PQ Process,Pre-PQ Process,ARV,117-ET-T01,05-Feb-08,Air,Adult,60,0.14,SCMS from RDC,N/A - From RDC,574
9255,ASN-56,Generic,Vietnam,03-Oct-06,03-Oct-06,300mg,Tablet,Yes,7878.06,Direct Drop,"Abacavir 300mg, tablets, 60 Tabs",MIssing,1000,44500.0,PMO - US,"Aurobindo Unit III, India",Abacavir,44.5,Date Not Captured,SCMS-77,Pre-PQ Process,Pre-PQ Process,ARV,108-VN-T01,03-Oct-06,Air,Adult,60,0.74,Aurobindo Pharma Limited,EXW,91
11953,DN-927,Generic,Zambia,06-Oct-08,06-Oct-08,600mg,Tablet,Yes,8539.26,From RDC,"Efavirenz 600mg, tablets, 30 Tabs",401.23,20880,250768.8,PMO - US,Mylan (formerly Matrix) Nashik,Efavirenz,12.01,N/A - From RDC,SO-1897,Pre-PQ Process,Pre-PQ Process,ARV,110-ZM-T01,06-Oct-08,MIssing,Adult,30,0.4,SCMS from RDC,N/A - From RDC,1603
84328,DN-3511,Generic,CÃte dIvoire,18-Feb-14,04-Mar-14,60/30mg,Tablet - FDC,Yes,3051.95,From RDC,"Abacavir/Lamivudine 60/30mg, tablets, 60 Tabs",47.01,9500,38000.0,PMO - US,"Aurobindo Unit III, India",Abacavir/Lamivudine,4.0,N/A - From RDC,SO-46351,FPQ-12800,08-09-13,ARV,104-CI-T30,31-Jan-14,Air,Pediatric,60,0.07,SCMS from RDC,N/A - From RDC,449
11312,DN-1193,Stocrin/Sustiva,Kenya,23-Apr-09,23-Apr-09,30mg/ml,Oral solution,Yes,Invoiced Separately,From RDC,"Efavirenz 30mg/ml [Stocrin/Sustiva], oral solution, Bottle, 180 ml",0.08,3930,39.3,PMO - US,"MSD, Haarlem, NL",Efavirenz,0.01,N/A - From RDC,SO-29010,Pre-PQ Process,Pre-PQ Process,ARV,127-KE-T01,23-Apr-09,Truck,Pediatric,180,0.0,SCMS from RDC,N/A - From RDC,Weight Captured Separately
84031,DN-1981,Generic,Ethiopia,09-Aug-10,09-Aug-10,300mg,Tablet,Yes,1229.52,From RDC,"Zidovudine 300mg, tablets, 60 Tabs",77.72,5000,36050.0,PMO - US,"Aurobindo Unit III, India",Zidovudine,7.21,N/A - From RDC,SO-37190,FPQ-6142,7/26/10,ARV,117-ET-T30,17-Aug-10,Air,Adult,60,0.12,SCMS from RDC,N/A - From RDC,196
11485,DN-447,Truvada,Zambia,26-Nov-07,26-Nov-07,300/200mg,Tablet - FDC,Yes,6785.1,From RDC,"Emtricitabine/Tenofovir Disoproxil Fumarate 200/300mg [Truvada], tablets, 30 Tabs",755.75,17994,472342.5,PMO - US,"Aspen-OSD, Port Elizabeth, SA",Emtricitabine/Tenofovir Disoproxil Fumarate,26.25,N/A - From RDC,SO-1186,Pre-PQ Process,Pre-PQ Process,ARV,110-ZM-T01,26-Nov-07,MIssing,Adult,30,0.88,SCMS from RDC,N/A - From RDC,1620
15499,ASN-18422,Uni-Gold,Tanzania,30-Apr-13,30-Apr-13,MIssing,Test kit,Yes,25485.81,Direct Drop,"HIV 1/2, Uni-Gold HIV Kit, 20 Tests",334.88,8460,270720.0,PMO - US,"Trinity Biotech, Plc","HIV 1/2, Uni-Gold HIV Kit",32.0,12-12-12,SCMS-169330,FPQ-10994,11/13/12,HRDT,109-TZ-T30,30-Apr-13,Air,HIV test,20,1.6,"Trinity Biotech, Plc",EXW,2753
75703,ASN-29855,Uni-Gold,Tanzania,23-Feb-15,24-Feb-15,MIssing,Test kit,Yes,1112.11,Direct Drop,"HIV 1/2, Uni-Gold HIV Kit, 20 Tests",5.53,168,5376.0,PMO - US,"Trinity Biotech, Plc","HIV 1/2, Uni-Gold HIV Kit",32.0,05-06-14,SCMS-235390,FPQ-13945,3/27/14,HRDT,109-TZ-T30,23-Feb-15,Air,HIV test,20,1.6,"Trinity Biotech, Plc",EXW,55
83679,DN-3125,Generic,South Sudan,24-Apr-13,24-Apr-13,200mg,Tablet,No,See DN-3125 (ID#:82571),From RDC,"Nevirapine 200mg, tablets, 60 Tabs",1.06,378,854.28,PMO - US,Hetero Unit III Hyderabad IN,Nevirapine,2.26,N/A - From RDC,SO-44630,FPQ-11489,1/16/13,ARV,103-SS-T30,30-Apr-13,Air,Adult,60,0.04,SCMS from RDC,N/A - From RDC,See DN-3125 (ID#:82571)
56520,ASN-10899,Bioline,Sudan,24-Jun-11,24-Jun-11,MIssing,Test kit,Yes,4500.71,Direct Drop,"HIV 1/2, Bioline 3.0 Kit, Lancets, Capillary pipets, Alcohol swabs included, 25 Tests",0.99,30,600.0,PMO - US,"Standard Diagnostics, Korea","HIV 1/2, Bioline 3.0 Kit, Lancets, Capillary pipets, Alcohol swabs included",20.0,05-02-11,SCMS-107760,FPQ-7321,3/29/11,HRDT,102-SD-T30,24-Jun-11,Air,HIV test,25,0.8,"Standard Diagnostics, Inc.",EXW,430
82979,DN-2348,Generic,Guyana,03-Oct-11,03-Oct-11,300mg,Tablet,No,See DN-2348 (ID#:82402),From RDC,"Abacavir 300mg, tablets, 60 Tabs",2.15,89,1302.07,PMO - US,Mylan (formerly Matrix) Nashik,Abacavir,14.63,N/A - From RDC,SO-40440,FPQ-8023,8/19/11,ARV,105-GY-T30,18-Oct-11,Air,Adult,60,0.24,SCMS from RDC,N/A - From RDC,See DN-2348 (ID#:82402)
11280,DN-1004,Uni-Gold,Pakistan,17-Nov-08,17-Nov-08,MIssing,Test kit,Yes,851.24,From RDC,"HIV 1/2, Uni-Gold HIV Kit, 20 Tests",1.57,25,800.0,PMO - US,"Trinity Biotech, Plc","HIV 1/2, Uni-Gold HIV Kit",32.0,N/A - From RDC,SO-14930,Pre-PQ Process,Pre-PQ Process,HRDT,100-PK-T01,17-Nov-08,Air,HIV test,20,1.6,SCMS from RDC,N/A - From RDC,19
82327,DN-1867,Generic,CÃte dIvoire,21-Jun-10,21-Jun-10,20mg,Capsule,No,See DN-1867 (ID#:82326),From RDC,"Stavudine 20mg, capsules, 60 Caps",4.99,1620,2316.6,PMO - US,"Aurobindo Unit III, India",Stavudine,1.43,N/A - From RDC,SO-35580,FPQ-4659,12-08-09,ARV,104-CI-T30,28-Jun-10,Air,Adult,60,0.02,SCMS from RDC,N/A - From RDC,See DN-1867 (ID#:82326)
85081,DN-1614,Generic,Nigeria,22-Jan-10,22-Jan-10,150/300/200mg,Tablet - FDC,Yes,19480.97,From RDC,"Lamivudine/Nevirapine/Zidovudine 150/200/300mg, tablets, 60 Tabs",891.62,40080,454908.0,PMO - US,"Aurobindo Unit III, India",Lamivudine/Nevirapine/Zidovudine,11.35,N/A - From RDC,SO-33145,FPQ-4105,8/13/09,ARV,151-NG-T30,29-Jan-10,Air,Adult,60,0.19,SCMS from RDC,N/A - From RDC,4498
85126,DN-1902,Generic,Nigeria,28-Jun-10,28-Jun-10,600mg,Tablet,Yes,Freight Included in Commodity Cost,From RDC,"Efavirenz 600mg, tablets, 30 Tabs",49.59,5000,23000.0,PMO - US,"Aurobindo Unit III, India",Efavirenz,4.6,N/A - From RDC,SO-36444,FPQ-5023,02-10-10,ARV,151-NG-T30,15-Jul-10,Air,Adult,30,0.15,SCMS from RDC,N/A - From RDC,428
24604,ASN-31866,Kaletra,Haiti,05-Jun-15,08-Jun-15,80/20mg/ml,Oral solution,Yes,2737.95,Direct Drop,"Lopinavir/Ritonavir 80/20mg/ml [Kaletra], oral solution, cool, Bottle 5 x 60 ml",13.31,420,12944.4,PMO - US,ABBVIE (Abbott) Logis. UK,Lopinavir/Ritonavir,30.82,12/24/14,SCMS-262900,FPQ-15038,10/22/14,ARV,106-HT-T30,05-Jun-15,Air,Pediatric,300,0.1,ABBVIE LOGISTICS (FORMERLY ABBOTT LOGISTICS BV),FCA,494
85967,DN-3156,Generic,Uganda,30-May-13,30-May-13,300/300mg,Tablet - FDC,Yes,1034.64,From RDC,"Lamivudine/Tenofovir Disoproxil Fumarate 300/300mg, tablets, 30 Tabs",8.02,1380,6486.0,PMO - US,"Aurobindo Unit VII, IN",Lamivudine/Tenofovir Disoproxil Fumarate,4.7,N/A - From RDC,SO-43881,FPQ-11133,12/13/12,ARV,114-UG-T30,31-May-13,Truck,Adult,30,0.16,SCMS from RDC,N/A - From RDC,142
58252,ASN-15985,Determine,South Sudan,20-Sep-12,20-Sep-12,MIssing,Test kit - Ancillary,No,See ASN-15985 (ID#:30320),Direct Drop,"Capillary Tubes, for Determine, EDTA, 50uL,100 Pcs",3.66,326,2608.0,PMO - US,"Alere Medical Co., Ltd.","HIV, Capillary Tubes, for Determine, EDTA, 50uL,100 Pcs",8.0,6/20/12,SCMS-147640,FPQ-9807,5/18/12,HRDT,105-SS-T30,20-Sep-12,Air,HIV test - Ancillary,100,0.08,"Orgenics, Ltd",EXW,See ASN-15985 (ID#:30320)
84844,DN-3289,Generic,Mozambique,13-Nov-13,02-Dec-13,300mg,Tablet,Yes,5950.16,From RDC,"Zidovudine 300mg, tablets, 60 Tabs",353.37,43680,285667.2,PMO - US,"Aurobindo Unit III, India",Zidovudine,6.54,N/A - From RDC,SO-44863,FPQ-11884,3/19/13,ARV,111-MZ-T30,13-Nov-13,Truck,Adult,60,0.11,SCMS from RDC,N/A - From RDC,6535
52795,ASN-13766,Generic,Zambia,05-Mar-12,05-Mar-12,200/300mg,Tablet - FDC,Yes,51294.87,Direct Drop,"Emtricitabine/Tenofovir Disoproxil Fumarate 200/300mg, tablets, 30 Tabs",1030.47,100000,735000.0,PMO - US,"Aurobindo Unit III, India",Emtricitabine/Tenofovir Disoproxil Fumarate,7.35,1/24/12,SCMS-134350,FPQ-9074,12/22/11,ARV,110-ZM-T30,05-Mar-12,Air,Adult,30,0.24,Aurobindo Pharma Limited,EXW,9389
86534,DN-2958,Generic,CÃte dIvoire,14-Jan-13,14-Jan-13,150/300mg,Tablet - FDC,No,See DN-2958 (ID#:83097),From RDC,"Lamivudine/Zidovudine 150/300mg, tablets, 60 Tabs",278.6,25740,198712.8,PMO - US,Hetero Unit III Hyderabad IN,Lamivudine/Zidovudine,7.72,N/A - From RDC,SO-42980,FPQ-10405,7/24/12,ARV,104-CI-T30,01-Feb-13,Truck,Adult,60,0.13,SCMS from RDC,N/A - From RDC,See DN-2958 (ID#:83097)
8258,ASN-1520,Kaletra,South Africa,04-Jan-08,04-Jan-08,133.3/33.3mg,Capsule,No,Freight Included in Commodity Cost,Direct Drop,"Lopinavir/Ritonavir 133.3/33.3mg [Kaletra], capsules, cool, 2 x 90 Caps",29.54,400,18460.0,PMO - US,ABBVIE (Abbott) Logis. UK,Lopinavir/Ritonavir,46.15,01-04-08,SCMS-16600,Pre-PQ Process,Pre-PQ Process,ARV,116-ZA-T01,21-Jan-08,MIssing,Adult,180,0.26,"JSI R&T INSTITUTE, INC.",DDP,Weight Captured Separately
84558,DN-1719,Generic,Nigeria,18-May-10,18-May-10,150/300mg,Tablet - FDC,Yes,9736.1,From RDC,"Lamivudine/Zidovudine 150/300mg, tablets, 60 Tabs",9.22,488,4274.88,PMO - US,Mylan (formerly Matrix) Nashik,Lamivudine/Zidovudine,8.76,N/A - From RDC,SO-35059,FPQ-4537,11-06-09,ARV,151-NG-T30,31-May-10,Air Charter,Adult,60,0.15,SCMS from RDC,N/A - From RDC,39
85146,DN-2003,Generic,Zambia,01-Sep-10,01-Sep-10,150/200/30mg,Tablet - FDC,Yes,16249.55,From RDC,"Lamivudine/Nevirapine/Stavudine 150/200/30mg, tablets, 60 Tabs",706.99,56054,327915.9,PMO - US,"Strides, Bangalore, India.",Lamivudine/Nevirapine/Stavudine,5.85,N/A - From RDC,SO-36844,FPQ-5702,5/20/10,ARV,110-ZM-T30,22-Sep-10,Air,Adult,60,0.1,SCMS from RDC,N/A - From RDC,15140
82547,DN-3026,Generic,South Sudan,22-Mar-13,22-Mar-13,10mg/ml,Oral suspension,Yes,10754,From RDC,"Nevirapine 10mg/ml, oral suspension w/syringe, Bottle, 240 ml",7.18,2976,5803.2,PMO - US,"Aurobindo Unit III, India",Nevirapine,1.95,N/A - From RDC,SO-44110,FPQ-11272,12/17/12,ARV,900-SS-T30,31-Mar-13,Air,Pediatric,240,0.01,SCMS from RDC,N/A - From RDC,1108
535,ASN-2167,Videx EC,Tanzania,02-Sep-08,02-Sep-08,400mg,Delayed-release capsules - blister,Yes,645.1,Direct Drop,"Didanosine EC 400mg [Videx EC], delayed-release capsules, Blister 3 x 10 Caps",98.35,2597,61470.99,PMO - US,"BMS Meymac, France",Didanosine EC,23.67,5/15/08,SCMS-23610,Pre-PQ Process,Pre-PQ Process,ARV,109-TZ-T01,02-Sep-08,Air,Adult,30,0.79,BRISTOL-MYERS SQUIBB,CIP,117
85101,DN-1749,Generic,Uganda,25-Mar-10,25-Mar-10,300/300mg,Tablet - FDC,Yes,3522.52,From RDC,"Lamivudine/Tenofovir Disoproxil Fumarate 300/300mg, tablets, 30 Tabs",79.34,3680,36800.0,PMO - US,Mylan (formerly Matrix) Nashik,Lamivudine/Tenofovir Disoproxil Fumarate,10.0,N/A - From RDC,SO-34990,FPQ-4496,10/28/09,ARV,114-UG-T30,26-Mar-10,Truck,Adult,30,0.33,SCMS from RDC,N/A - From RDC,328
82625,DN-3444,Generic,Nigeria,26-Nov-13,05-Dec-13,30/50/60mg,Chewable/dispersible tablet - FDC,Yes,26340,From RDC,"Lamivudine/Nevirapine/Zidovudine 30/50/60mg, dispersible tablets, 60 Tabs",336.84,70000,272300.0,PMO - US,Mylan (formerly Matrix) Nashik,Lamivudine/Nevirapine/Zidovudine,3.89,N/A - From RDC,SO-47224,FPQ-12248,05-06-13,ARV,151-NG-T30,31-Dec-13,Air Charter,Pediatric,60,0.06,SCMS from RDC,N/A - From RDC,3922
23211,ASN-25567,Generic,Tanzania,27-May-14,12-Jun-14,600/200/300mg,Tablet - FDC,No,See ASN-25567 (ID#:21563),Direct Drop,"Efavirenz/Emtricitabine/Tenofovir Disoproxil Fumarate 600/200/300mg, tablets, 30 Tabs",422.41,35000,410900.0,PMO - US,Mylan (formerly Matrix) Nashik,Efavirenz/Emtricitabine/Tenofovir Disoproxil Fumarate,11.74,3/31/14,SCMS-233190,FPQ-13927,3/21/14,ARV,109-TZ-T30,27-May-14,Ocean,Adult,30,0.39,MYLAN LABORATORIES LTD (FORMERLY MATRIX LABORATORIES),EXW,See ASN-25567 (ID#:21563)
58744,ASN-33145,Generic,Vietnam,07-Sep-15,07-Sep-15,600/300/300mg,Tablet - FDC,Yes,Invoiced Separately,Direct Drop,"Efavirenz/Lamivudine/Tenofovir Disoproxil Fumarate 600/300/300mg, tablets, 30 Tabs",198.58,17760,168720.0,PMO - US,Hetero Unit III Hyderabad IN,Efavirenz/Lamivudine/Tenofovir Disoproxil Fumarate,9.5,5/13/15,SCMS-285490,FPQ-16194,4/14/15,ARV,108-VN-T30,07-Sep-15,Air,Adult,30,0.32,HETERO LABS LIMITED,EXW,Weight Captured Separately
1973,ASN-2747,Stat-Pak,Ethiopia,03-Nov-08,03-Nov-08,MIssing,Test kit,Yes,7303.25,Direct Drop,"HIV 1/2, Stat-Pak HIV, Kit, 20 Tests",210.73,3982,107514.0,PMO - US,Chembio Diagnostics Sys. Inc.,"HIV 1/2, Stat-Pak HIV, Kit",27.0,7/30/08,SCMS-27800,Pre-PQ Process,Pre-PQ Process,HRDT,117-ET-T01,03-Nov-08,Air,HIV test,20,1.35,"CHEMBIO DIAGNOSTIC SYSTEMS, INC.",EXW,1445
61191,ASN-16098,Generic,Haiti,05-Sep-12,05-Sep-12,60/30mg,Chewable/dispersible tablet - FDC,Yes,1312.75,Direct Drop,"Abacavir/Lamivudine 60/30mg, dispersible tablets, 60 Tabs",24.14,2460,17220.0,PMO - US,"Cipla, Patalganga, India",Abacavir/Lamivudine,7.0,2/24/12,SCMS-138590,FPQ-9066,01-06-12,ARV,106-HT-T30,05-Sep-12,Air,Pediatric,60,0.12,CIPLA LIMITED,EXW,173
55765,ASN-27212,Reyataz,South Africa,11-Jul-14,11-Jul-14,150mg,Capsule,Yes,Freight Included in Commodity Cost,Direct Drop,"Atazanavir 150mg [Reyataz], capsules, 60 Caps",0.03,1,25.69,PMO - US,"BMS Evansville, US",Atazanavir,25.69,07-11-14,SCMS-199315,FPQ-12523,07-12-13,ARV,116-ZA-T30,11-Jul-14,Truck,Pediatric,60,0.43,S. BUYS WHOLESALER,DDP,Weight Captured Separately
66207,ASN-6621,Prezista,Uganda,21-Apr-10,21-Apr-10,300mg,Tablet,Yes,845.1,Direct Drop,"Darunavir 300mg [Prezista], tablets, 120 Tabs",17.99,102,9180.0,PMO - US,"Aspen-OSD, Port Elizabeth, SA",Darunavir,90.0,12-02-09,SCMS-58240,FPQ-4373,11/25/09,ARV,114-UG-T30,21-Apr-10,Air,Adult,120,0.75,ASPEN PHARMACARE,EXW,15
86102,DN-3887,Generic,Zambia,02-Oct-14,22-Oct-14,300mg,Tablet,Yes,42.35,From RDC,"Abacavir 300mg, tablets, 60 Tabs",3.73,323,3627.29,PMO - US,"Aurobindo Unit III, India",Abacavir,11.23,N/A - From RDC,SO-48012,FPQ-13679,02-02-14,ARV,100-ZM-T30,18-Sep-14,Truck,Adult,60,0.19,SCMS from RDC,N/A - From RDC,35
82298,DN-1680,Generic,CÃte dIvoire,11-Mar-10,11-Mar-10,200mg,Chewable/dispersible tablet,Yes,1042.58,From RDC,"Didanosine 200mg, chewable/dispersible tablets, 60 Tabs",57.93,1907,29558.5,PMO - US,"Aurobindo Unit III, India",Didanosine,15.5,N/A - From RDC,SO-34450,FPQ-4378,10/15/09,ARV,104-CI-T30,22-Mar-10,Air,Pediatric,60,0.26,SCMS from RDC,N/A - From RDC,395
56022,ASN-28627,Generic,South Africa,03-Oct-14,03-Oct-14,300mg,Tablet,No,Freight Included in Commodity Cost,Direct Drop,"Zidovudine 300mg, tablets, 60 Tabs",0.13,5,124.77,PMO - US,"Aurobindo Unit III, India",Zidovudine,24.95,10-03-14,SCMS-238554,FPQ-13973,4/30/14,ARV,116-ZA-T30,03-Oct-14,Truck,Adult,60,0.42,PHARMACY DIRECT,DDP,Weight Captured Separately
85314,DN-2904,Generic,Nigeria,07-Nov-12,07-Nov-12,200/50mg,Tablet,Yes,15459.09,From RDC,"Lopinavir/Ritonavir 200/50mg, tablets, 120 Tabs",1941.33,51861,1384688.7,PMO - US,"Aurobindo Unit III, India",Lopinavir/Ritonavir,26.7,N/A - From RDC,SO-42685,FPQ-9968,5/23/12,ARV,151-NG-T30,07-Nov-12,Air,Adult,120,0.22,SCMS from RDC,N/A - From RDC,14647
86341,DN-2025,Generic,Nigeria,10-Nov-10,10-Nov-10,600mg,Tablet,No,See DN-2025 (ID#:83460),From RDC,"Efavirenz 600mg, tablets, 30 Tabs",457.18,48860,212052.4,PMO - US,"Aurobindo Unit III, India",Efavirenz,4.34,N/A - From RDC,SO-37500,FPQ-5688,5/27/10,ARV,151-NG-T30,22-Oct-10,Air,Adult,30,0.14,SCMS from RDC,N/A - From RDC,See DN-2025 (ID#:83460)
11891,DN-698,Generic,Mozambique,23-Jun-08,23-Jun-08,150/300/200mg,Tablet - FDC,No,See DN-698 (ID#:10970),From RDC,"Lamivudine/Nevirapine/Zidovudine 150/200/300mg, tablets, 60 Tabs",410.4,19000,256500.0,PMO - US,"Aurobindo Unit III, India",Lamivudine/Nevirapine/Zidovudine,13.5,N/A - From RDC,SO-1615,Pre-PQ Process,Pre-PQ Process,ARV,111-MZ-T01,23-Jun-08,Air,Adult,60,0.22,SCMS from RDC,N/A - From RDC,See DN-698 (ID#:10970)
41474,ASN-16123,Generic,Vietnam,09-Oct-12,09-Oct-12,300mg,Tablet,No,See ASN-16123 (ID#:20371),Direct Drop,"Abacavir 300mg, tablets, 60 Tabs",3.02,169,2154.75,PMO - US,Mylan (formerly Matrix) Nashik,Abacavir,12.75,06-12-12,SCMS-145530,FPQ-9577,04-11-12,ARV,108-VN-T30,09-Oct-12,Air,Adult,60,0.21,MYLAN LABORATORIES LTD (FORMERLY MATRIX LABORATORIES),EXW,See ASN-16123 (ID#:20371)
84634,DN-2151,Generic,Tanzania,31-Mar-11,31-Mar-11,600mg,Tablet,No,See DN-2151 (ID#:84068),From RDC,"Efavirenz 600mg, tablets, 30 Tabs",32.99,4738,19994.36,PMO - US,Mylan (formerly Matrix) Nashik,Efavirenz,4.22,N/A - From RDC,SO-39010,FPQ-7347,03-07-11,ARV,109-TZ-T30,07-Apr-11,Air,Adult,30,0.14,SCMS from RDC,N/A - From RDC,See DN-2151 (ID#:84068)
10366,ASN-4386,Generic,South Africa,21-Apr-09,21-Apr-09,150mg,Tablet,No,Freight Included in Commodity Cost,Direct Drop,"Lamivudine 150mg, tablets, 60 Tabs",46.4,3344,23675.52,PMO - US,"Aurobindo Unit III, India",Lamivudine,7.08,3/27/09,SCMS-41585,Pre-PQ Process,Pre-PQ Process,ARV,116-ZA-T01,25-Jun-09,Air,Adult,60,0.12,S. BUYS WHOLESALER,DDP,Weight Captured Separately
83159,DN-3315,Generic,Cameroon,02-Oct-13,11-Oct-13,150/300mg,Tablet - FDC,Yes,13924.23,From RDC,"Lamivudine/Zidovudine 150/300mg, tablets, 60 Tabs",145.79,16837,117859.0,PMO - US,Mylan (formerly Matrix) Nashik,Lamivudine/Zidovudine,7.0,N/A - From RDC,SO-46200,FPQ-12832,8/19/13,ARV,901-CM-T30,02-Oct-13,Air,Adult,60,0.12,SCMS from RDC,N/A - From RDC,1353
35637,ASN-27606,Generic,South Africa,05-Aug-14,05-Aug-14,400mg,Delayed-release capsules,No,Freight Included in Commodity Cost,Direct Drop,"Didanosine 400mg, delayed-release capsules, 30 Caps",0.02,1,19.68,PMO - US,"Aurobindo Unit III, India",Didanosine,19.68,08-05-14,SCMS-238552,FPQ-13973,4/30/14,ARV,116-ZA-T30,05-Aug-14,Truck,Adult,30,0.66,PHARMACY DIRECT,DDP,Weight Captured Separately
63555,ASN-18558,Generic,CÃte dIvoire,21-Mar-13,21-Mar-13,300/100mg,Tablet,No,See ASN-18558 (ID#:27015),Direct Drop,"Atazanavir/Ritonavir 300/100mg, tablets, 30 Tabs",40.06,1270,28575.0,PMO - US,Mylan (formerly Matrix) Nashik,Atazanavir/Ritonavir,22.5,10-12-12,SCMS-162550,FPQ-10636,9/19/12,ARV,104-CI-T30,21-Mar-13,Air,Adult,30,0.75,MYLAN LABORATORIES LTD (FORMERLY MATRIX LABORATORIES),EXW,See ASN-18558 (ID#:27015)
72918,ASN-28627,Generic,South Africa,03-Oct-14,03-Oct-14,150/300mg,Tablet - FDC,No,Freight Included in Commodity Cost,Direct Drop,"Lamivudine/Zidovudine 150/300mg, tablets, 60 Tabs",0.29,9,280.73,PMO - US,"Aurobindo Unit III, India",Lamivudine/Zidovudine,31.19,10-03-14,SCMS-238554,FPQ-13973,4/30/14,ARV,116-ZA-T30,03-Oct-14,Truck,Adult,60,0.52,PHARMACY DIRECT,DDP,Weight Captured Separately
1928,ASN-2488,Videx EC,South Africa,08-Jul-08,08-Jul-08,250mg,Delayed-release capsules - blister,No,Freight Included in Commodity Cost,Direct Drop,"Didanosine EC 250mg [Videx EC], delayed-release capsules, Blister 3 x 10 Caps",1.75,60,1096.2,PMO - US,"BMS Meymac, France",Didanosine EC,18.27,Date Not Captured,SCMS-26820,Pre-PQ Process,Pre-PQ Process,ARV,116-ZA-T01,10-Jul-08,Truck,Adult,30,0.61,S. BUYS WHOLESALER,DDP,Weight Captured Separately
85695,DN-1964,Generic,Haiti,23-Aug-10,23-Aug-10,10mg/ml,Oral solution,No,See DN-1964 (ID#:82908),From RDC,"Lamivudine 10mg/ml, oral solution, Bottle, 240 ml",14.91,3584,6917.12,PMO - US,"Cipla, Goa, India",Lamivudine,1.93,N/A - From RDC,SO-36760,FPQ-5523,4/19/10,ARV,106-HT-T30,10-Aug-10,Air,Pediatric,240,0.01,SCMS from RDC,N/A - From RDC,See DN-1964 (ID#:82908)
82515,DN-2873,Generic,Uganda,22-Oct-12,22-Oct-12,150mg,Tablet,Yes,7659.33,From RDC,"Lamivudine 150mg, tablets, 60 Tabs",5.16,1659,3682.98,PMO - US,Hetero Unit III Hyderabad IN,Lamivudine,2.22,N/A - From RDC,SO-43090,FPQ-10503,8/15/12,ARV,114-UG-T30,25-Oct-12,Air,Adult,60,0.04,SCMS from RDC,N/A - From RDC,958
85148,DN-2011,Generic,CÃte dIvoire,25-Sep-10,25-Sep-10,200/50mg,Tablet,No,See DN-2011 (ID#:82350),From RDC,"Lopinavir/Ritonavir 200/50mg, tablets, 120 Tabs",364.26,4360,168950.0,PMO - US,"Aurobindo Unit III, India",Lopinavir/Ritonavir,38.75,N/A - From RDC,SO-36880,FPQ-5623,05-07-10,ARV,104-CI-T30,30-Sep-10,Air,Adult,120,0.32,SCMS from RDC,N/A - From RDC,See DN-2011 (ID#:82350)
54243,ASN-27961,Generic,Namibia,29-Sep-14,30-Sep-14,600/200/300mg,Tablet - FDC,Yes,20371.77,Direct Drop,"Efavirenz/Emtricitabine/Tenofovir Disoproxil Fumarate 600/200/300mg, tablets, 30 Tabs",388.58,36000,378000.0,PMO - US,"Mylan,  H-12 & H-13, India",Efavirenz/Emtricitabine/Tenofovir Disoproxil Fumarate,10.5,8/19/14,SCMS-252620,FPQ-14728,7/30/14,ARV,901-NA-T30,29-Sep-14,Air,Adult,30,0.35,MYLAN LABORATORIES LTD (FORMERLY MATRIX LABORATORIES),EXW,4171
84390,DN-3822,Generic,Zambia,03-Sep-14,06-Oct-14,60/30mg,Tablet - FDC,Yes,1765.18,From RDC,"Abacavir/Lamivudine 60/30mg, tablets, 60 Tabs",75.79,18027,73730.43,PMO - US,"Aurobindo Unit III, India",Abacavir/Lamivudine,4.09,N/A - From RDC,SO-47991,FPQ-13692,02-06-14,ARV,110-ZM-T30,14-Jul-14,Truck,Pediatric,60,0.07,SCMS from RDC,N/A - From RDC,1228
62853,ASN-24415,Generic,South Africa,06-Feb-14,06-Feb-14,250mg,Delayed-release capsules,No,Freight Included in Commodity Cost,Direct Drop,"Didanosine 250mg, delayed-release capsules, 30 Caps",0.3,17,242.61,PMO - US,"Aurobindo Unit III, India",Didanosine,14.27,12-02-13,SCMS-215370,FPQ-13035,10-08-13,ARV,116-ZA-T30,06-Feb-14,Truck,Adult,30,0.48,S. BUYS WHOLESALER,DDP,Weight Captured Separately
50802,ASN-22844,Generic,Tanzania,31-Dec-13,03-Jan-14,300mg,Tablet,Yes,4168.19,Direct Drop,"Zidovudine 300mg, tablets, 60 Tabs",77.24,11500,62445.0,PMO - US,"Aurobindo Unit III, India",Zidovudine,5.43,10/28/13,SCMS-212160,FPQ-13048,10-03-13,ARV,109-TZ-T30,31-Dec-13,Air,Adult,60,0.09,Aurobindo Pharma Limited,EXW,632
84372,DN-3739,Generic,Burundi,04-Jun-14,09-Jul-14,200/50mg,Tablet,No,See DN-3739 (ID#:83804),From RDC,"Lopinavir/Ritonavir 200/50mg, tablets, 120 Tabs",2.73,112,2207.52,PMO - US,Mylan (formerly Matrix) Nashik,Lopinavir/Ritonavir,19.71,N/A - From RDC,SO-46023,FPQ-12602,07-09-13,ARV,102-BI-T30,16-Jun-14,Air,Adult,120,0.16,SCMS from RDC,N/A - From RDC,See DN-3739 (ID#:83804)
31041,ASN-5006,Viread,South Africa,03-Sep-09,03-Sep-09,300mg,Tablet,No,Freight Included in Commodity Cost,Direct Drop,"Tenofovir Disoproxil Fumarate 300mg [Viread], tablets, 30 Tabs",193.93,3700,98942.55,PMO - US,"Aspen-OSD, Port Elizabeth, SA",Tenofovir Disoproxil Fumarate,26.74,08-03-09,SCMS-50950,FPQ-3560,05-07-09,ARV,116-ZA-T30,03-Sep-09,Truck,Adult,30,0.89,S. BUYS WHOLESALER,DDP,Weight Captured Separately
1940,ASN-2638,Determine,Guyana,29-Oct-08,29-Oct-08,MIssing,Test kit,Yes,1047.39,Direct Drop,"HIV 1/2, Determine HIV Kit, without Lancets, 100 Tests",30.05,213,15333.87,PMO - US,Inverness Japan,"HIV 1/2, Determine HIV Kit, without Lancets",71.99,8/21/08,SCMS-27030,Pre-PQ Process,Pre-PQ Process,HRDT,102-GY-T01,29-Oct-08,Air,HIV test,100,0.72,"Orgenics, Ltd",EXW,49
68752,ASN-24721,Uni-Gold,"Congo, DRC",04-Apr-14,28-Apr-14,MIssing,Test kit,No,See ASN-24721 (ID#:13708),Direct Drop,"HIV 1/2, Uni-Gold HIV Kit, 20 Tests",0.23,7,224.0,PMO - US,"Trinity Biotech, Plc","HIV 1/2, Uni-Gold HIV Kit",32.0,1/28/14,SCMS-224840,FPQ-13548,1/22/14,HRDT,101-CD-T30,04-Apr-14,Air,HIV test,20,1.6,"Trinity Biotech, Plc",EXW,See ASN-24721 (ID#:13708)
14970,ASN-7683,Videx,Haiti,05-Aug-10,05-Aug-10,2g,Powder for oral solution,Yes,Freight Included in Commodity Cost,Direct Drop,"Didanosine 2g [Videx], powder for oral solution 10mg/ml, reconstitute to 200 ml",5.21,192,2417.28,PMO - US,"BMS Meymac, France",Didanosine,12.59,5/25/10,SCMS-74010,FPQ-5526,05-04-10,ARV,106-HT-T30,05-Aug-10,Air,Pediatric,200,0.06,BRISTOL-MYERS SQUIBB,CIP,Weight Captured Separately
85970,DN-3173,Generic,Nigeria,10-May-13,10-May-13,600mg,Tablet,No,See DN-3173 (ID#:83687),From RDC,"Efavirenz 600mg, tablets, 30 Tabs",494.31,120000,399600.0,PMO - US,"Hetero, Jadcherla, unit 5, IN",Efavirenz,3.33,N/A - From RDC,SO-43852,FPQ-11022,11/15/12,ARV,151-NG-T30,04-Jun-13,Air Charter,Adult,30,0.11,SCMS from RDC,N/A - From RDC,See DN-3173 (ID#:83687)
83098,DN-2961,Generic,Rwanda,06-Feb-13,06-Feb-13,300/300mg,Tablet - FDC,Yes,20994.85,From RDC,"Lamivudine/Tenofovir Disoproxil Fumarate 300/300mg, tablets, 30 Tabs",262.99,34997,187583.92,PMO - US,"Aurobindo Unit VII, IN",Lamivudine/Tenofovir Disoproxil Fumarate,5.36,N/A - From RDC,SO-42710,FPQ-10119,6/18/12,ARV,107-RW-T30,06-Feb-13,Air,Adult,30,0.18,SCMS from RDC,N/A - From RDC,10698
61281,ASN-9370,Generic,Rwanda,01-Mar-11,01-Mar-11,300/300mg,Tablet - FDC,No,See ASN-9370 (ID#:48500),Direct Drop,"Lamivudine/Tenofovir Disoproxil Fumarate 300/300mg, tablets, 30 Tabs",3487.13,172800,1617408.0,PMO - US,Hetero Unit III Hyderabad IN,Lamivudine/Tenofovir Disoproxil Fumarate,9.36,9/28/10,SCMS-84980,FPQ-6341,09-03-10,ARV,107-RW-T30,01-Mar-11,Ocean,Adult,30,0.31,HETERO LABS LIMITED,EXW,See ASN-9370 (ID#:48500)
83590,DN-2652,Generic,CÃte dIvoire,30-May-12,30-May-12,300mg,Tablet,No,See DN-2652 (ID#:82477),From RDC,"Abacavir 300mg, tablets, 60 Tabs",184.27,9995,131434.25,PMO - US,"Aurobindo Unit III, India",Abacavir,13.15,N/A - From RDC,SO-41200,FPQ-8790,11-11-11,ARV,104-CI-T30,30-May-12,Air,Adult,60,0.22,SCMS from RDC,N/A - From RDC,See DN-2652 (ID#:82477)
75879,ASN-12025,Bioline,Tanzania,30-Sep-11,30-Sep-11,MIssing,Test kit,Yes,45032.55,Direct Drop,"HIV 1/2, Bioline 3.0 Kit, Lancets, Capillary pipets, Alcohol swabs included, 25 Tests",330,10000,200000.0,PMO - US,"Standard Diagnostics, Korea","HIV 1/2, Bioline 3.0 Kit, Lancets, Capillary pipets, Alcohol swabs included",20.0,7/18/11,SCMS-114980,FPQ-7909,6/24/11,HRDT,109-TZ-T30,29-Sep-11,Air,HIV test,25,0.8,"Standard Diagnostics, Inc.",EXW,3334
37177,ASN-10839,Generic,South Africa,02-Sep-11,02-Sep-11,300mg,Tablet,Yes,3787.72,Direct Drop,"Zidovudine 300mg, tablets, 60 Tabs",804.52,66793,487588.9,PMO - US,"Aurobindo Unit III, India",Zidovudine,7.3,3/24/11,SCMS-103460,FPQ-7175,03-10-11,ARV,161-ZA-T30,02-Sep-11,Ocean,Adult,60,0.12,Aurobindo Pharma Limited,DDP,3458
78714,ASN-18662,Generic,Vietnam,03-Apr-13,03-Apr-13,300mg,Tablet,No,See ASN-18662 (ID#:38299),Direct Drop,"Abacavir 300mg, tablets, 60 Tabs",5.22,327,4218.3,PMO - US,Hetero Unit III Hyderabad IN,Abacavir,12.9,11-07-12,SCMS-164580,FPQ-10811,10/15/12,ARV,108-VN-T30,03-Apr-13,Air,Adult,60,0.22,HETERO LABS LIMITED,EXW,See ASN-18662 (ID#:38299)
64709,ASN-13616,Crixivan,Haiti,13-Feb-12,13-Feb-12,400mg,Capsule,Yes,290,Direct Drop,"Indinavir 400mg [Crixivan], capsules, 180 Caps",2.31,28,1400.0,PMO - US,"MSD, Haarlem, NL",Indinavir,50.0,5/30/11,SCMS-108910,FPQ-7649,4/27/11,ARV,106-HT-T30,13-Feb-12,Air,Adult,180,0.28,MERCK SHARP & DOHME IDEA GMBH (FORMALLY MERCK SHARP & DOHME B.V.),CIP,7
84690,DN-2484,Generic,Tanzania,12-Mar-12,12-Mar-12,300mg,Tablet,Yes,1698.83,From RDC,"Abacavir 300mg, tablets, 60 Tabs",577.9,23940,350242.2,PMO - US,Mylan (formerly Matrix) Nashik,Abacavir,14.63,N/A - From RDC,SO-40641,FPQ-8297,8/22/11,ARV,109-TZ-T30,12-Mar-12,Truck,Adult,60,0.24,SCMS from RDC,N/A - From RDC,1500
58197,ASN-22356,Determine,Nigeria,11-Nov-13,17-Nov-13,MIssing,Test kit,Yes,19458.84,Direct Drop,"HIV 1/2, Determine Complete HIV Kit, 100 Tests",324.66,2949,262461.0,PMO - US,"Alere Medical Co., Ltd.","HIV 1/2, Determine Complete HIV Kit",89.0,07-10-13,SCMS-196561,FPQ-12456,06-10-13,HRDT,133-NG-T30,07-Nov-13,Air,HIV test,100,0.89,"Orgenics, Ltd",EXW,1192
82125,ASN-27582,Generic,Zimbabwe,17-Sep-14,19-Sep-14,300/300mg,Tablet - FDC,No,See ASN-27582 (ID#:79885),Direct Drop,"Lamivudine/Tenofovir Disoproxil Fumarate 300/300mg, tablets, 30 Tabs",72.13,15187,70163.94,PMO - US,Hetero Unit III Hyderabad IN,Lamivudine/Tenofovir Disoproxil Fumarate,4.62,5/27/14,SCMS-240570,FPQ-13939,04-01-14,ARV,113-ZW-T30,17-Sep-14,Air Charter,Adult,30,0.15,HETERO LABS LIMITED,EXW,See ASN-27582 (ID#:79885)
82912,DN-1988,Generic,Uganda,23-Aug-10,23-Aug-10,150/300/200mg,Tablet - FDC,Yes,10620,From RDC,"Lamivudine/Nevirapine/Zidovudine 150/200/300mg, tablets, 60 Tabs",395.44,16347,183413.34,PMO - US,Mylan (formerly Matrix) Nashik,Lamivudine/Nevirapine/Zidovudine,11.22,N/A - From RDC,SO-36831,FPQ-5451,05-07-10,ARV,114-UG-T30,30-Aug-10,Air,Adult,60,0.19,SCMS from RDC,N/A - From RDC,2098
78087,ASN-12401,OraQuick,Cameroon,28-Oct-11,28-Oct-11,MIssing,Test kit,Yes,1222.56,Direct Drop,"HIV 1/2, OraQuick Advance HIV Rapid Antibody Kit, 100 Tests",11.55,20,7000.0,PMO - US,"Pacific Biotech, Thailand","HIV 1/2, OraQuick Advance HIV Rapid Antibody Kit",350.0,9/21/11,SCMS-122250,FPQ-8396,9/13/11,HRDT,103-CM-T30,28-Oct-11,Air,HIV test,100,3.5,Orasure Technologies Inc.,EXW,48
82411,DN-2382,Generic,Uganda,01-Nov-11,01-Nov-11,10mg/ml,Oral suspension,Yes,27823.07,From RDC,"Nevirapine 10mg/ml, oral suspension w/syringe, Bottle, 240 ml",45.02,13993,27286.35,PMO - US,"Aurobindo Unit III, India",Nevirapine,1.95,N/A - From RDC,SO-38872,FPQ-7166,02-11-11,ARV,114-UG-T30,30-Oct-11,Air,Pediatric,240,0.01,SCMS from RDC,N/A - From RDC,5262
11989,DN-1289,Generic,Zimbabwe,22-Jun-09,22-Jun-09,600mg,Tablet,No,See DN-1289 (ID#:11332),From RDC,"Efavirenz 600mg, tablets, 30 Tabs",83.26,4000,42480.0,PMO - US,"Aurobindo Unit III, India",Efavirenz,10.62,N/A - From RDC,SO-21010,Pre-PQ Process,Pre-PQ Process,ARV,113-ZW-T01,22-Jun-09,Truck,Adult,30,0.35,SCMS from RDC,N/A - From RDC,See DN-1289 (ID#:11332)
84874,DN-3458,Generic,Tanzania,25-Feb-14,13-Mar-14,30/50/6mg,Chewable/dispersible tablet - FDC,No,See DN-3458 (ID#:83196),From RDC,"Lamivudine/Nevirapine/Stavudine 30/50/6mg, dispersible tablets, 60 Tabs",26.46,9301,21392.3,PMO - US,"Cipla, Goa, India",Lamivudine/Nevirapine/Stavudine,2.3,N/A - From RDC,SO-45995,FPQ-12587,07-04-13,ARV,109-TZ-T30,31-Dec-13,Truck,Pediatric,60,0.04,SCMS from RDC,N/A - From RDC,See DN-3458 (ID#:83196)
86309,DN-1865,Generic,Zambia,29-Jun-10,29-Jun-10,150/300mg,Tablet - FDC,Yes,11054.56,From RDC,"Lamivudine/Zidovudine 150/300mg, tablets, 60 Tabs",1716.96,100000,876000.0,PMO - US,Hetero Unit III Hyderabad IN,Lamivudine/Zidovudine,8.76,N/A - From RDC,SO-34130,FPQ-4356,9/25/09,ARV,110-ZM-T30,30-Jun-10,Truck,Adult,60,0.15,SCMS from RDC,N/A - From RDC,8544
361,ASN-1318,Capillus,Haiti,18-Feb-08,18-Feb-08,MIssing,Test kit,Yes,Invoiced Separately,Direct Drop,"HIV 1/2, Capillus HIV Kit, 100 Tests",0.44,2,278.0,PMO - US,"Trinity Biotech, Plc","HIV 1/2, Capillus HIV Kit",139.0,Date Not Captured,SCMS-14080,Pre-PQ Process,Pre-PQ Process,HRDT,125-HT-T01,18-Feb-08,Air,HIV test,100,1.39,"Trinity Biotech, Plc",EXW,Weight Captured Separately
84136,DN-2499,Generic,"Congo, DRC",14-Feb-12,14-Feb-12,150/300mg,Tablet - FDC,No,See DN-2499 (ID#:83004),From RDC,"Lamivudine/Zidovudine 150/300mg, tablets, 60 Tabs",5.21,450,3717.0,PMO - US,"Aurobindo Unit III, India",Lamivudine/Zidovudine,8.26,N/A - From RDC,SO-41137,FPQ-8840,11/21/11,ARV,101-CD-T30,16-Mar-12,Air,Adult,60,0.14,SCMS from RDC,N/A - From RDC,See DN-2499 (ID#:83004)
84116,DN-2391,Generic,Swaziland,18-Oct-11,18-Oct-11,150/300/200mg,Tablet - FDC,Yes,20144.99,From RDC,"Lamivudine/Nevirapine/Zidovudine 150/200/300mg, tablets, 60 Tabs",833.08,45000,504900.0,PMO - US,"Aurobindo Unit III, India",Lamivudine/Nevirapine/Zidovudine,11.22,N/A - From RDC,SO-40701,FPQ-8417,9/14/11,ARV,900-SZ-T30,17-Nov-11,Air,Adult,60,0.19,SCMS from RDC,N/A - From RDC,5961
10674,DN-826,Generic,Tanzania,29-Jul-08,29-Jul-08,200mg,Tablet,Yes,15210,From RDC,"Nevirapine 200mg, tablets, 60 Tabs",7.07,1300,4420.0,PMO - US,"Ranbaxy, Paonta Shahib, India",Nevirapine,3.4,N/A - From RDC,SO-2560,Pre-PQ Process,Pre-PQ Process,ARV,109-TZ-T01,29-Jul-08,Air,Adult,60,0.06,SCMS from RDC,N/A - From RDC,16709
11692,DN-1483,Generic,Nigeria,18-Dec-09,18-Dec-09,150/300/200mg,Tablet - FDC,Yes,33279.39,From RDC,"Lamivudine/Nevirapine/Zidovudine 150/200/300mg, tablets, 60 Tabs",1495.35,60840,693576.0,PMO - US,Mylan (formerly Matrix) Nashik,Lamivudine/Nevirapine/Zidovudine,11.4,N/A - From RDC,SO-33333,Pre-PQ Process,Date Not Captured,ARV,151-NG-T01,18-Dec-09,Air,Adult,60,0.19,SCMS from RDC,N/A - From RDC,7663
60816,ASN-32138,Prezista,South Africa,12-May-15,12-May-15,600mg,Tablet,No,Freight Included in Commodity Cost,Direct Drop,"Darunavir 600mg [Prezista], tablets, 60 Tabs",0.15,3,141.39,PMO - US,"Janssen-Cilag, Latina, IT",Darunavir,47.13,05-11-15,SCMS-259075,FPQ-14942,09-11-14,ARV,116-ZA-T30,12-May-15,Truck,Adult,60,0.79,PHARMACY DIRECT,DDP,Weight Captured Separately
83961,DN-1523,Generic,CÃte dIvoire,02-Dec-09,02-Dec-09,100mg,Capsule,Yes,1211.48,From RDC,"Zidovudine 100mg, capsules, 100 Caps",23.05,2352,11760.0,PMO - US,"Aurobindo Unit III, India",Zidovudine,5.0,N/A - From RDC,SO-34500,FPQ-3964,7/24/09,ARV,104-CI-T30,01-Dec-09,Air,Pediatric,100,0.05,SCMS from RDC,N/A - From RDC,3189
12821,DN-860,Generic,Haiti,11-Aug-08,11-Aug-08,50mg,Capsule,No,See DN-860 (ID#:12820),From RDC,"Efavirenz 50mg, capsule, 30 Caps",5.38,1500,3360.0,PMO - US,"Aurobindo Unit III, India",Efavirenz,2.24,N/A - From RDC,SO-12140,Pre-PQ Process,Pre-PQ Process,ARV,106-HT-T01,11-Aug-08,Air,Pediatric,30,0.07,SCMS from RDC,N/A - From RDC,See DN-860 (ID#:12820)
86639,DN-3493,Generic,South Sudan,11-Feb-14,13-Feb-14,150/300/200mg,Tablet - FDC,No,See DN-3493 (ID#:84322),From RDC,"Lamivudine/Nevirapine/Zidovudine 150/200/300mg, tablets, 60 Tabs",31.81,3746,30941.96,PMO - US,"Aurobindo Unit III, India",Lamivudine/Nevirapine/Zidovudine,8.26,N/A - From RDC,SO-47110,FPQ-13173,10/28/13,ARV,103-SS-T30,22-Jan-14,Air,Adult,60,0.14,SCMS from RDC,N/A - From RDC,See DN-3493 (ID#:84322)
7398,ASN-2712,Genie,CÃte dIvoire,24-Nov-08,24-Nov-08,MIssing,Test kit,Yes,9698.22,Direct Drop,"#108853** HIV, Genie II HIV-1/HIV-2 Kit, 40 Tests",89.82,603,45828.0,PMO - US,Bio-Rad Laboratories,"HIV, Genie II HIV-1/HIV-2 Kit",76.0,9/18/08,SCMS-30410,Pre-PQ Process,Pre-PQ Process,HRDT,104-CI-T01,24-Nov-08,Air,HIV test,40,1.9,BIO-RAD LABORATORIES (FRANCE),EXW,679
40100,ASN-27980,Generic,South Africa,27-Aug-14,27-Aug-14,150/300mg,Tablet - FDC,No,Freight Included in Commodity Cost,Direct Drop,"Lamivudine/Zidovudine 150/300mg, tablets, 60 Tabs",0.78,19,626.77,PMO - US,Hetero Unit III Hyderabad IN,Lamivudine/Zidovudine,32.99,8/27/14,SCMS-199283,FPQ-12522,07-11-13,ARV,116-ZA-T30,27-Aug-14,Truck,Adult,60,0.55,S. BUYS WHOLESALER,DDP,Weight Captured Separately
12212,DN-1015,Generic,Zimbabwe,19-Nov-08,19-Nov-08,600mg,Tablet,No,See DN-1015 (ID#:11561),From RDC,"Efavirenz 600mg, tablets, 30 Tabs",94.16,4000,48040.0,PMO - US,"Aurobindo Unit III, India",Efavirenz,12.01,N/A - From RDC,SO-13991,Pre-PQ Process,Pre-PQ Process,ARV,113-ZW-T01,19-Nov-08,Truck,Adult,30,0.4,SCMS from RDC,N/A - From RDC,See DN-1015 (ID#:11561)
83234,DN-3628,Generic,Mozambique,24-Jun-14,14-Jul-14,600/300/300mg,Tablet - FDC,Yes,55287.91,From RDC,"Efavirenz/Lamivudine/Tenofovir Disoproxil Fumarate 600/300/300mg, tablets, 30 Tabs",2039.74,177954,1984187.1,PMO - US,Mylan (formerly Matrix) Nashik,Efavirenz/Lamivudine/Tenofovir Disoproxil Fumarate,11.15,N/A - From RDC,SO-47041,FPQ-13124,10/21/13,ARV,111-MZ-T30,14-Jun-14,Truck,Adult,30,0.37,SCMS from RDC,N/A - From RDC,88761
11712,DN-112,OraQuick,Haiti,08-May-07,08-May-07,MIssing,Test kit,Yes,977.64,From RDC,"HIV 1/2, OraQuick Advance HIV Rapid Antibody Kit, 100 Tests",MIssing,15,6000.0,PMO - US,"Pacific Biotech, Thailand","HIV 1/2, OraQuick Advance HIV Rapid Antibody Kit",400.0,N/A - From RDC,SO-504,Pre-PQ Process,Pre-PQ Process,HRDT,100-HT-T01,08-May-07,Air,HIV test,100,4.0,SCMS from RDC,N/A - From RDC,Weight Captured Separately
12369,DN-163,Generic,CÃte dIvoire,15-Jun-07,15-Jun-07,300mg,Tablet,Yes,1432,From RDC,"Zidovudine 300mg, tablets, 60 Tabs",MIssing,4374,37266.48,PMO - US,"Aurobindo Unit III, India",Zidovudine,8.52,N/A - From RDC,SO-617,Pre-PQ Process,Pre-PQ Process,ARV,104-CI-T01,15-Jun-07,Air,Adult,60,0.14,SCMS from RDC,N/A - From RDC,230
83531,DN-2345,Generic,Tanzania,16-Sep-11,16-Sep-11,600/200/300mg,Tablet - FDC,Yes,Invoiced Separately,From RDC,"Efavirenz/Emtricitabine/Tenofovir Disoproxil Fumarate 600/200/300mg, tablets, 30 Tabs",2242.75,68235,1359241.2,PMO - US,Mylan (formerly Matrix) Nashik,Efavirenz/Emtricitabine/Tenofovir Disoproxil Fumarate,19.92,N/A - From RDC,SO-38171,FPQ-6713,12-02-10,ARV,109-TZ-T30,03-Oct-11,Truck,Adult,30,0.66,SCMS from RDC,N/A - From RDC,Weight Captured Separately
43786,ASN-19788,Uni-Gold,Uganda,18-Jun-13,18-Jun-13,MIssing,Test kit,Yes,2473.96,Direct Drop,"HIV 1/2, Uni-Gold HIV Kit, 20 Tests",16.9,427,13664.0,PMO - US,"Trinity Biotech, Plc","HIV 1/2, Uni-Gold HIV Kit",32.0,05-09-13,SCMS-188340,FPQ-12156,4/23/13,HRDT,114-UG-T30,18-Jun-13,Air,HIV test,20,1.6,"Trinity Biotech, Plc",EXW,139
67868,ASN-10179,Norvir,CÃte dIvoire,29-Apr-11,29-Apr-11,100mg,Tablet,Yes,4588.02,Direct Drop,"Ritonavir 100mg [Norvir], film coated tablets, 60 Tabs",46.32,3450,23632.5,PMO - US,ABBVIE Ludwigshafen Germany,Ritonavir,6.85,11/23/09,SCMS-57601,FPQ-4381,11-05-09,ARV,104-CI-T30,29-Apr-11,Air,Adult,60,0.11,ABBVIE LOGISTICS (FORMERLY ABBOTT LOGISTICS BV),FCA,440
74385,ASN-22955,Uni-Gold,South Sudan,11-Feb-14,11-Feb-14,MIssing,Test kit,No,See ASN-22955 (ID#:19019),Direct Drop,"HIV 1/2, Uni-Gold HIV Kit, 20 Tests",1.39,35,1120.0,PMO - US,"Trinity Biotech, Plc","HIV 1/2, Uni-Gold HIV Kit",32.0,08-06-13,SCMS-200921,FPQ-12623,7/18/13,HRDT,105-SS-T30,11-Feb-14,Air,HIV test,20,1.6,"Trinity Biotech, Plc",EXW,See ASN-22955 (ID#:19019)
40365,ASN-31821,Generic,Haiti,03-Jul-15,13-Jul-15,30/60mg,Tablet - FDC,Yes,Invoiced Separately,Direct Drop,"Lamivudine/Zidovudine 30/60mg, tablets, 60 Tabs",12.27,6000,11940.0,PMO - US,Mylan (formerly Matrix) Nashik,Lamivudine/Zidovudine,1.99,12/24/14,SCMS-262840,FPQ-15038,10/22/14,ARV,106-HT-T30,03-Jul-15,Ocean,Pediatric,60,0.03,MYLAN LABORATORIES LTD (FORMERLY MATRIX LABORATORIES),EXW,Weight Captured Separately
86458,DN-2590,Generic,Mozambique,24-May-12,24-May-12,150/200/30mg,Tablet - FDC,No,See DN-2590 (ID#:83019),From RDC,"Lamivudine/Nevirapine/Stavudine 150/200/30mg, tablets, 60 Tabs",225.42,25394,136619.72,PMO - US,"Strides, Bangalore, India.",Lamivudine/Nevirapine/Stavudine,5.38,N/A - From RDC,SO-40381,FPQ-8157,08-04-11,ARV,111-MZ-T30,07-May-12,Truck,Adult,60,0.09,SCMS from RDC,N/A - From RDC,See DN-2590 (ID#:83019)
86210,DN-4316,Generic,Zambia,25-Aug-15,03-Sep-15,60/30mg,Chewable/dispersible tablet - FDC,No,Freight Included in Commodity Cost,From RDC,"Abacavir/Lamivudine 60/30mg, dispersible tablets, 60 Tabs",230.35,44022,224071.98,PMO - US,"Cipla, Patalganga, India",Abacavir/Lamivudine,5.09,N/A - From RDC,SO-49600,FPQ-14784,08-12-14,ARV,110-ZM-T30,31-Aug-15,Truck,Pediatric,60,0.08,SCMS from RDC,N/A - From RDC,Weight Captured Separately
1513,ASN-1251,Videx EC,South Africa,29-Jan-08,29-Jan-08,400mg,Delayed-release capsules - blister,No,Freight Included in Commodity Cost,Direct Drop,"Didanosine EC 400mg [Videx EC], delayed-release capsules, Blister 3 x 10 Caps",4.56,100,2850.0,PMO - US,"BMS Meymac, France",Didanosine EC,28.5,11-12-07,SCMS-14050,Pre-PQ Process,Pre-PQ Process,ARV,116-ZA-T01,29-Jan-08,MIssing,Adult,30,0.95,"JSI R&T INSTITUTE, INC.",DDP,Weight Captured Separately
37752,ASN-31750,Uni-Gold,"Congo, DRC",02-Jul-15,30-Jul-15,MIssing,Test kit,No,See ASN-31750 (ID#:19272),Direct Drop,"HIV 1/2, Uni-Gold HIV Kit, 20 Tests",2.45,65,2080.0,PMO - US,"Trinity Biotech, Plc","HIV 1/2, Uni-Gold HIV Kit",32.0,3/16/15,SCMS-280210,FPQ-16001,03-10-15,HRDT,101-CD-T30,02-Jul-15,Air,HIV test,20,1.6,"Trinity Biotech, Plc",EXW,See ASN-31750 (ID#:19272)
12330,DN-1584,Generic,Ethiopia,02-Dec-09,02-Dec-09,200mg,Tablet,Yes,1366.22,From RDC,"Nevirapine 200mg, tablets, 60 Tabs",27.89,4460,12934.0,PMO - US,Hetero Unit III Hyderabad IN,Nevirapine,2.9,N/A - From RDC,SO-34581,Pre-PQ Process,Date Not Captured,ARV,117-ET-T01,02-Dec-09,Air,Adult,60,0.05,SCMS from RDC,N/A - From RDC,250
70211,ASN-28021,Generic,South Africa,28-Aug-14,28-Aug-14,10mg/ml,Oral solution,No,Freight Included in Commodity Cost,Direct Drop,"Lamivudine 10mg/ml, oral solution, Bottle, 240 ml",0.15,20,143.05,PMO - US,"Aurobindo Unit III, India",Lamivudine,7.15,8/28/14,SCMS-238553,FPQ-13973,4/30/14,ARV,116-ZA-T30,28-Aug-14,Truck,Pediatric,240,0.03,PHARMACY DIRECT,DDP,Weight Captured Separately
82325,DN-1866,Generic,Zambia,29-Jun-10,29-Jun-10,150/300mg,Tablet - FDC,Yes,11054.56,From RDC,"Lamivudine/Zidovudine 150/300mg, tablets, 60 Tabs",387.35,22560,197625.6,PMO - US,Hetero Unit III Hyderabad IN,Lamivudine/Zidovudine,8.76,N/A - From RDC,SO-33701,FPQ-4273,9/17/09,ARV,110-ZM-T30,30-Jun-10,Truck,Adult,60,0.15,SCMS from RDC,N/A - From RDC,1928
74417,ASN-24433,Generic,South Africa,07-Feb-14,07-Feb-14,600mg,Tablet,No,Freight Included in Commodity Cost,Direct Drop,"Efavirenz 600mg, tablets, 30 Tabs",13.86,676,11202.19,PMO - US,Hetero Unit III Hyderabad IN,Efavirenz,16.57,8/13/13,SCMS-199280,FPQ-12522,07-11-13,ARV,116-ZA-T30,07-Feb-14,Truck,Adult,30,0.55,S. BUYS WHOLESALER,DDP,Weight Captured Separately
60286,ASN-23448,Generic,CÃte dIvoire,03-Jan-14,06-Jan-14,100mg,Capsule,No,See ASN-23448 (ID#:58372),Direct Drop,"Zidovudine 100mg, capsules, 100 Caps",2.23,400,1800.0,PMO - US,"Aurobindo Unit III, India",Zidovudine,4.5,9/17/13,SCMS-206560,FPQ-12806,08-09-13,ARV,104-CI-T30,03-Jan-14,Air,Pediatric,100,0.04,Aurobindo Pharma Limited,EXW,See ASN-23448 (ID#:58372)
2922,ASN-1251,Viread,South Africa,29-Jan-08,29-Jan-08,300mg,Tablet,No,Freight Included in Commodity Cost,Direct Drop,"Tenofovir Disoproxil Fumarate 300mg [Viread], tablets, 30 Tabs",0.86,20,535.2,PMO - US,"Aspen-OSD, Port Elizabeth, SA",Tenofovir Disoproxil Fumarate,26.76,11-12-07,SCMS-14050,Pre-PQ Process,Pre-PQ Process,ARV,116-ZA-T01,29-Jan-08,MIssing,Adult,30,0.89,"JSI R&T INSTITUTE, INC.",DDP,Weight Captured Separately
23280,ASN-7439,Generic,South Africa,24-Aug-10,24-Aug-10,600mg,Tablet,Yes,5886.9,Direct Drop,"Efavirenz 600mg, tablets, 30 Tabs",579.95,57600,268992.0,PMO - US,"Aurobindo Unit III, India",Efavirenz,4.67,3/19/10,SCMS-68910,FPQ-5303,3/18/10,ARV,161-ZA-T30,24-Aug-10,Air,Adult,30,0.16,Aurobindo Pharma Limited,DDP,4872
85297,DN-2812,Generic,"Congo, DRC",14-Feb-13,14-Feb-13,300mg,Tablet,No,See DN-2812 (ID#:83068),From RDC,"Abacavir 300mg, tablets, 60 Tabs",5.41,298,3862.08,PMO - US,Mylan (formerly Matrix) Nashik,Abacavir,12.96,N/A - From RDC,SO-42340,FPQ-9906,5/15/12,ARV,102-CD-T30,14-Feb-13,Air,Adult,60,0.22,SCMS from RDC,N/A - From RDC,See DN-2812 (ID#:83068)
81495,ASN-8600,Colloidal Gold,Haiti,12-Nov-10,12-Nov-10,MIssing,Test kit,Yes,835.01,Direct Drop,"HIV 1/2, SKB Colloidal Gold, Diagnostic Kit, Antibody, 50 Tests",1.98,40,920.0,PMO - US,"KHB Test Kit Facility, Shanghai China","HIV 1/2, Colloidal Gold, Diagnostic Kit, Antibody",23.0,9/24/10,SCMS-85980,FPQ-6194,08-07-10,HRDT,106-HT-T30,12-Nov-10,Air,HIV test,1,23.0,"SHANGHAI KEHUA BIOENGINEERING CO.,LTD.  (KHB)",EXW,30
44247,ASN-27979,Generic,South Africa,27-Aug-14,27-Aug-14,400mg,Delayed-release capsules,No,Freight Included in Commodity Cost,Direct Drop,"Didanosine 400mg, delayed-release capsules, 30 Caps",0.24,9,196.8,PMO - US,"Aurobindo Unit III, India",Didanosine,21.87,8/27/14,SCMS-199283,FPQ-12522,07-11-13,ARV,116-ZA-T30,27-Aug-14,Truck,Adult,30,0.73,S. BUYS WHOLESALER,DDP,Weight Captured Separately
53591,ASN-14558,Uni-Gold,Ethiopia,25-Apr-12,25-Apr-12,MIssing,Test kit,Yes,794.72,Direct Drop,"HIV 1/2, Uni-Gold HIV Kit, 20 Tests",7.4,165,5280.0,PMO - US,"Trinity Biotech, Plc","HIV 1/2, Uni-Gold HIV Kit",32.0,1/23/12,SCMS-133510,FPQ-9098,01-10-12,HRDT,117-ET-T30,25-Apr-12,Air,HIV test,20,1.6,"Trinity Biotech, Plc",EXW,138
74780,ASN-16600,Stat-Pak,CÃte dIvoire,17-Oct-12,17-Oct-12,MIssing,Test kit,Yes,12363.35,Direct Drop,"HIV 1/2, Stat-Pak HIV, Kit, 20 Tests",149.54,3678,106662.0,PMO - US,Chembio Diagnostics Sys. Inc.,"HIV 1/2, Stat-Pak HIV, Kit",29.0,6/13/12,SCMS-147560,FPQ-9823,05-04-12,HRDT,104-CI-T30,17-Oct-12,Air,HIV test,20,1.45,"CHEMBIO DIAGNOSTIC SYSTEMS, INC.",EXW,1056
75494,ASN-18564,Uni-Gold,Rwanda,15-Mar-13,15-Mar-13,MIssing,Test kit,Yes,3478.5,Direct Drop,"HIV 1/2, Uni-Gold HIV Kit, 20 Tests",19.79,500,16000.0,PMO - US,"Trinity Biotech, Plc","HIV 1/2, Uni-Gold HIV Kit",32.0,2/25/13,SCMS-178950,FPQ-11772,2/25/13,HRDT,107-RW-T30,15-Mar-13,Air,HIV test,20,1.6,"Trinity Biotech, Plc",EXW,166
83999,DN-1807,Generic,Nigeria,18-May-10,18-May-10,600/200/300mg,Tablet - FDC,Yes,9736.1,From RDC,"Efavirenz/Emtricitabine/Tenofovir Disoproxil Fumarate 600/200/300mg, tablets, 30 Tabs",68.29,1590,31672.8,PMO - US,Mylan (formerly Matrix) Nashik,Efavirenz/Emtricitabine/Tenofovir Disoproxil Fumarate,19.92,N/A - From RDC,SO-35024,FPQ-4537,11-06-09,ARV,151-NG-T30,31-May-10,Air Charter,Adult,30,0.66,SCMS from RDC,N/A - From RDC,174
76551,ASN-5933,Viramune,South Africa,29-Dec-09,29-Dec-09,10mg/ml,Oral suspension,No,Freight Included in Commodity Cost,Direct Drop,"Nevirapine 10mg/ml [Viramune], oral suspension, Bottle, 240 ml",2,60,927.34,PMO - US,Boehringer Ingelheim Roxane US,Nevirapine,15.46,12/23/09,SCMS-60170,FPQ-4770,12/17/09,ARV,116-ZA-T30,29-Dec-09,Truck,Pediatric,240,0.06,S. BUYS WHOLESALER,DDP,Weight Captured Separately
83996,DN-1783,Generic,Nigeria,18-May-10,18-May-10,600mg,Tablet,Yes,9736.1,From RDC,"Efavirenz 600mg, tablets, 30 Tabs",2.15,210,997.5,PMO - US,"Aurobindo Unit III, India",Efavirenz,4.75,N/A - From RDC,SO-34918,FPQ-4537,11-06-09,ARV,151-NG-T30,31-May-10,Air Charter,Adult,30,0.16,SCMS from RDC,N/A - From RDC,19
85483,DN-3744,Generic,Mozambique,18-Jul-14,07-Aug-14,600/300/300mg,Tablet - FDC,Yes,31113.19,From RDC,"Efavirenz/Lamivudine/Tenofovir Disoproxil Fumarate 600/300/300mg, tablets, 30 Tabs",1838.67,165917,1788585.26,PMO - US,Hetero Unit III Hyderabad IN,Efavirenz/Lamivudine/Tenofovir Disoproxil Fumarate,10.78,N/A - From RDC,SO-47702,FPQ-13575,1/17/14,ARV,111-MZ-T30,31-Aug-14,Truck,Adult,30,0.36,SCMS from RDC,N/A - From RDC,45740
85402,DN-3331,Generic,Guyana,04-Oct-13,22-Oct-13,10mg/ml,Oral solution,No,See DN-3331 (ID#:82603),From RDC,"Zidovudine 10mg/ml, oral solution w/syringe, Bottle, 240 ml",0.42,160,336.0,PMO - US,"Aurobindo Unit III, India",Zidovudine,2.1,N/A - From RDC,SO-45050,FPQ-12047,4/15/13,ARV,105-GY-T30,30-Sep-13,Air,Pediatric,240,0.01,SCMS from RDC,N/A - From RDC,See DN-3331 (ID#:82603)
26917,ASN-9295,Colloidal Gold,Ethiopia,13-Jan-11,13-Jan-11,MIssing,Test kit,Yes,6161.42,Direct Drop,"HIV 1/2, SKB Colloidal Gold, Diagnostic Kit, Antibody, 50 Tests",37.57,990,22770.0,PMO - US,"KHB Test Kit Facility, Shanghai China","HIV 1/2, Colloidal Gold, Diagnostic Kit, Antibody",23.0,11/24/10,SCMS-92100,FPQ-6608,11-09-10,HRDT,117-ET-T30,13-Jan-11,Air,HIV test,1,23.0,"SHANGHAI KEHUA BIOENGINEERING CO.,LTD.  (KHB)",EXW,718
85881,DN-2769,Generic,Nigeria,24-Jul-12,24-Jul-12,300/300mg,Tablet - FDC,No,See DN-2769 (ID#:83607),From RDC,"Lamivudine/Tenofovir Disoproxil Fumarate 300/300mg, tablets, 30 Tabs",223.99,28839,159768.06,PMO - US,Mylan (formerly Matrix) Nashik,Lamivudine/Tenofovir Disoproxil Fumarate,5.54,N/A - From RDC,SO-42803,FPQ-9432,03-01-12,ARV,151-NG-T30,02-Aug-12,Air Charter,Adult,30,0.18,SCMS from RDC,N/A - From RDC,See DN-2769 (ID#:83607)
27820,ASN-11530,Intelence,Uganda,22-Jul-11,22-Jul-11,100mg,Tablet,Yes,140,Direct Drop,"Etravirine 100mg [Intelence], tablets, 120 Tabs",12.94,93,7839.9,PMO - US,"Janssen-Cilag, Latina, IT",Etravirine,84.3,05-12-11,SCMS-109060,FPQ-7617,4/29/11,ARV,114-UG-T30,22-Jul-11,Air,Adult,120,0.7,ASPEN PHARMACARE,DDP,22
80299,ASN-14106,Determine,Namibia,22-Mar-12,22-Mar-12,MIssing,Test kit,Yes,840.46,Direct Drop,"HIV 1/2, Determine HIV Kit, without Lancets, 100 Tests",16.34,150,11655.0,PMO - US,Inverness Japan,"HIV 1/2, Determine HIV Kit, without Lancets",77.7,01-12-12,SCMS-131110,FPQ-8795,12-05-11,HRDT,153-NA-T30,22-Mar-12,Air,HIV test,100,0.78,"Orgenics, Ltd",EXW,35
83404,DN-1671,Generic,CÃte dIvoire,10-Mar-10,10-Mar-10,600mg,Tablet,No,See DN-1671 (ID#:82863),From RDC,"Efavirenz 600mg, tablets, 30 Tabs",352.24,31092,179711.76,PMO - US,"Aurobindo Unit III, India",Efavirenz,5.78,N/A - From RDC,SO-34412,FPQ-4378,10/15/09,ARV,104-CI-T30,09-Mar-10,Air,Adult,30,0.19,SCMS from RDC,N/A - From RDC,See DN-1671 (ID#:82863)
85278,DN-2742,Generic,Zimbabwe,23-Jul-12,23-Jul-12,600mg,Tablet,No,See DN-2742 (ID#:84181),From RDC,"Efavirenz 600mg, tablets, 30 Tabs",109.52,17422,66377.82,PMO - US,"Aurobindo Unit III, India",Efavirenz,3.81,N/A - From RDC,SO-40880,FPQ-8464,10-04-11,ARV,113-ZW-T30,14-Aug-12,Truck,Adult,30,0.13,SCMS from RDC,N/A - From RDC,See DN-2742 (ID#:84181)
2499,ASN-3984,Aluvia,Nigeria,20-May-09,20-May-09,200/50mg,Tablet,Yes,1332.43,Direct Drop,"Lopinavir/Ritonavir 200/50mg [Aluvia], tablets, 120 Tabs",5.88,73,3000.3,PMO - US,ABBVIE Ludwigshafen Germany,Lopinavir/Ritonavir,41.1,04-01-09,SCMS-42830,Pre-PQ Process,Pre-PQ Process,ARV,112-NG-T01,20-May-09,Air,Adult,120,0.34,ABBVIE LOGISTICS (FORMERLY ABBOTT LOGISTICS BV),FCA,69
84105,DN-2322,Generic,Zambia,29-Aug-11,29-Aug-11,200mg,Tablet,No,See DN-2322 (ID#:82973),From RDC,"Nevirapine 200mg, tablets, 60 Tabs",368.75,89037,223482.87,PMO - US,"Aurobindo Unit VII, IN",Nevirapine,2.51,N/A - From RDC,SO-38741,FPQ-7085,02-03-11,ARV,110-ZM-T30,29-Sep-11,Truck,Adult,60,0.04,SCMS from RDC,N/A - From RDC,See DN-2322 (ID#:82973)
83412,DN-1752,Generic,Uganda,25-Mar-10,25-Mar-10,150/300mg,Tablet - FDC,No,See DN-1752 (ID#:82311),From RDC,"Lamivudine/Zidovudine 150/300mg, tablets, 60 Tabs",2.03,118,1033.68,PMO - US,Mylan (formerly Matrix) Nashik,Lamivudine/Zidovudine,8.76,N/A - From RDC,SO-35660,FPQ-4325,9/23/09,ARV,114-UG-T30,01-Apr-10,Truck,Adult,60,0.15,SCMS from RDC,N/A - From RDC,See DN-1752 (ID#:82311)
83012,DN-2537,Generic,Tanzania,12-Mar-12,12-Mar-12,50mg,Capsule,Yes,1698.83,From RDC,"Efavirenz 50mg, capsule, 30 Caps",91.46,24747,55433.28,PMO - US,"Aurobindo Unit III, India",Efavirenz,2.24,N/A - From RDC,SO-40510,FPQ-8303,8/22/11,ARV,109-TZ-T30,30-Mar-12,Truck,Pediatric,30,0.07,SCMS from RDC,N/A - From RDC,1437
47616,ASN-20191,Videx,Zimbabwe,08-Jul-13,08-Jul-13,25mg,Chewable/dispersible tablet,Yes,2365.05,Direct Drop,"Didanosine 25mg [Videx], chewable tablets, 60 Tabs",6.09,703,4921.0,PMO - US,Bristol-Myers Squibb Anagni IT,Didanosine,7.0,02-01-13,SCMS-174670,FPQ-11488,1/17/13,ARV,103-ZW-T30,08-Jul-13,Air,Pediatric,60,0.12,LAWRENCE LABORATORIES (SUBSIDIARY OF BRISTOL MYERS SQUIBB),FCA,162
8316,ASN-3024,Stat-Pak,CÃte dIvoire,18-Feb-09,18-Feb-09,MIssing,Test kit,Yes,1550.95,Direct Drop,"HIV 1/2, Stat-Pak HIV, Kit, 20 Tests",15.29,289,7803.0,PMO - US,Chembio Diagnostics Sys. Inc.,"HIV 1/2, Stat-Pak HIV, Kit",27.0,2/27/08,SCMS-18330,Pre-PQ Process,Pre-PQ Process,HRDT,104-CI-T01,18-Feb-09,Air,HIV test,20,1.35,"CHEMBIO DIAGNOSTIC SYSTEMS, INC.",EXW,84
82745,DN-3974,Generic,Zimbabwe,30-Oct-14,07-Nov-14,600/300/300mg,Tablet - FDC,Yes,24309.72,From RDC,"Efavirenz/Lamivudine/Tenofovir Disoproxil Fumarate 600/300/300mg, tablets, 30 Tabs",1055.46,100167,1026711.75,PMO - US,Mylan (formerly Matrix) Nashik,Efavirenz/Lamivudine/Tenofovir Disoproxil Fumarate,10.25,N/A - From RDC,SO-49171,FPQ-14458,6/13/14,ARV,113-ZW-T30,31-Jan-15,Truck,Adult,30,0.34,SCMS from RDC,N/A - From RDC,21570
85195,DN-2290,Generic,Zimbabwe,04-Aug-11,04-Aug-11,60/12mg,Chewable/dispersible tablet - FDC,Yes,2001.46,From RDC,"Lamivudine/Stavudine 60/12mg, dispersible tablets, 60 Tabs",37.62,5287,17447.1,PMO - US,"Cipla, Goa, India",Lamivudine/Stavudine,3.3,N/A - From RDC,SO-38902,FPQ-6483,10/13/10,ARV,200-ZW-T30,30-Sep-11,Air,Pediatric,60,0.06,SCMS from RDC,N/A - From RDC,357
2960,ASN-2258,Capillus,Haiti,22-Aug-08,22-Aug-08,MIssing,Test kit,Yes,Invoiced Separately,Direct Drop,"HIV 1/2, Capillus HIV Kit, 100 Tests",0.44,2,278.0,PMO - US,"Trinity Biotech, Plc","HIV 1/2, Capillus HIV Kit",139.0,Date Not Captured,SCMS-15460,Pre-PQ Process,Pre-PQ Process,HRDT,100-HT-T01,22-Aug-08,Air,HIV test,100,1.39,"Trinity Biotech, Plc",EXW,Weight Captured Separately
76638,ASN-28036,Aluvia,South Africa,29-Aug-14,29-Aug-14,200/50mg,Tablet,No,Freight Included in Commodity Cost,Direct Drop,"Lopinavir/Ritonavir 200/50mg [Aluvia], tablets, 120 Tabs",3.89,122,3142.69,PMO - US,ABBVIE Ludwigshafen Germany,Lopinavir/Ritonavir,25.76,8/29/14,SCMS-199289,FPQ-12522,07-11-13,ARV,116-ZA-T30,29-Aug-14,Truck,Adult,120,0.21,S. BUYS WHOLESALER,DDP,Weight Captured Separately
12174,DN-833,Generic,Nigeria,16-Jul-08,16-Jul-08,150mg,Tablet,No,See DN-833 (ID#:11243),From RDC,"Lamivudine 150mg, tablets, 60 Tabs",4.44,957,2775.3,PMO - US,"Aurobindo Unit III, India",Lamivudine,2.9,N/A - From RDC,SO-11220,Pre-PQ Process,Pre-PQ Process,ARV,112-NG-T01,16-Jul-08,Air,Adult,60,0.05,SCMS from RDC,N/A - From RDC,See DN-833 (ID#:11243)
82534,DN-2954,Generic,CÃte dIvoire,06-Dec-12,06-Dec-12,600mg,Tablet,Yes,17192.4,From RDC,"Efavirenz 600mg, tablets, 30 Tabs",73.32,14368,52299.52,PMO - US,"Strides, Bangalore, India.",Efavirenz,3.64,N/A - From RDC,SO-42373,FPQ-9749,4/19/12,ARV,104-CI-T30,31-Dec-12,Truck,Adult,30,0.12,SCMS from RDC,N/A - From RDC,4409
84649,DN-2175,Generic,Nigeria,11-May-11,11-May-11,200mg,Tablet,Yes,12601.12,From RDC,"Nevirapine 200mg, tablets, 60 Tabs",170.39,41142,103266.42,PMO - US,"Strides, Bangalore, India.",Nevirapine,2.51,N/A - From RDC,SO-38250,FPQ-6800,12-07-10,ARV,151-NG-T30,21-Jun-11,Air Charter,Adult,60,0.04,SCMS from RDC,N/A - From RDC,2822
86173,DN-4158,Generic,Zimbabwe,17-Mar-15,19-Mar-15,150/300mg,Tablet - FDC,Yes,2042.6,From RDC,"Lamivudine/Zidovudine 150/300mg, tablets, 60 Tabs",153.48,20000,130400.0,PMO - US,"Hetero, Jadcherla, unit 5, IN",Lamivudine/Zidovudine,6.52,N/A - From RDC,SO-50580,FPQ-15621,12/19/14,ARV,102-ZW-T30,16-Mar-15,Truck,Adult,60,0.11,SCMS from RDC,N/A - From RDC,1790
1300,ASN-242,Generic,Rwanda,27-Feb-07,27-Feb-07,300mg,Tablet,No,See ASN-242 (ID#:64),Direct Drop,"Abacavir 300mg, tablets, 60 Tabs",MIssing,5605,202340.5,PMO - US,"Cipla, Patalganga, India",Abacavir,36.1,12/22/06,SCMS-268,Pre-PQ Process,Pre-PQ Process,ARV,107-RW-T01,27-Feb-07,Air,Adult,60,0.6,CIPLA LIMITED,EXW,See ASN-242 (ID#:64)
25676,ASN-33477,Generic,South Africa,24-Jul-15,24-Jul-15,250mg,Delayed-release capsules,Yes,Freight Included in Commodity Cost,Direct Drop,"Didanosine 250mg, delayed-release capsules, 30 Caps",0.06,5,55.08,PMO - US,"Aurobindo Unit III, India",Didanosine,11.02,10-09-14,SCMS-259077,FPQ-14942,09-11-14,ARV,116-ZA-T30,24-Jul-15,Truck,Adult,30,0.37,PHARMACY DIRECT,DDP,Weight Captured Separately
85814,DN-2493,Generic,"Congo, DRC",14-Feb-12,14-Feb-12,150/300/200mg,Tablet - FDC,No,See DN-2493 (ID#:82432),From RDC,"Lamivudine/Nevirapine/Zidovudine 150/200/300mg, tablets, 60 Tabs",2.68,174,1914.0,PMO - US,Mylan (formerly Matrix) Nashik,Lamivudine/Nevirapine/Zidovudine,11.0,N/A - From RDC,SO-41131,FPQ-8840,11/21/11,ARV,101-CD-T30,16-Mar-12,Air,Adult,60,0.18,SCMS from RDC,N/A - From RDC,See DN-2493 (ID#:82432)
38396,ASN-21700,Generic,Cameroon,18-Oct-13,18-Oct-13,200mg,Tablet,Yes,35943.58,Direct Drop,"Nevirapine 200mg, tablets, 60 Tabs",108.48,38976,87696.0,PMO - US,"Aurobindo Unit III, India",Nevirapine,2.25,8/23/13,SCMS-204300,FPQ-12837,8/19/13,ARV,901-CM-T30,18-Oct-13,Air,Adult,60,0.04,Aurobindo Pharma Limited,EXW,4117
50665,ASN-5258,Aluvia,CÃte dIvoire,06-Nov-09,06-Nov-09,200/50mg,Tablet,Yes,15873.33,Direct Drop,"Lopinavir/Ritonavir 200/50mg [Aluvia], tablets, 120 Tabs",748.43,10560,381849.6,PMO - US,ABBVIE Ludwigshafen Germany,Lopinavir/Ritonavir,36.16,09-11-09,SCMS-52640,FPQ-3967,8/21/09,ARV,104-CI-T30,06-Nov-09,Air,Adult,120,0.3,ABBVIE LOGISTICS (FORMERLY ABBOTT LOGISTICS BV),FCA,2598
56310,ASN-23875,Generic,South Africa,13-Jan-14,13-Jan-14,10mg/ml,Oral solution,No,Freight Included in Commodity Cost,Direct Drop,"Lamivudine 10mg/ml, oral solution w/syringe, Bottle, 240 ml",0.03,4,26.78,PMO - US,"Aurobindo Unit III, India",Lamivudine,6.7,12-02-13,SCMS-215410,FPQ-13214,11/14/13,ARV,116-ZA-T30,13-Jan-14,Truck,Pediatric,240,0.03,S. BUYS WHOLESALER,DDP,Weight Captured Separately
77181,ASN-18279,Generic,Uganda,05-Mar-13,05-Mar-13,50mg,Capsule,Yes,917.35,Direct Drop,"Efavirenz 50mg, capsule, 30 Caps",0.54,196,439.04,PMO - US,"Aurobindo Unit III, India",Efavirenz,2.24,01-11-13,SCMS-171920,FPQ-11153,12/13/12,ARV,114-UG-T30,05-Mar-13,Air,Pediatric,30,0.07,Aurobindo Pharma Limited,EXW,12
45793,ASN-32073,Generic,South Africa,07-May-15,07-May-15,600/200/300mg,Tablet - FDC,Yes,Freight Included in Commodity Cost,Direct Drop,"Efavirenz/Emtricitabine/Tenofovir Disoproxil Fumarate 600/200/300mg, tablets, 30 Tabs",208.53,5000,177172.11,PMO - US,Mylan (formerly Matrix) Nashik,Efavirenz/Emtricitabine/Tenofovir Disoproxil Fumarate,35.43,05-07-15,SCMS-278620,FPQ-15869,2/23/15,ARV,116-ZA-T30,07-May-15,Truck,Adult,30,1.18,PHARMACY DIRECT,DDP,Weight Captured Separately
10298,ASN-3761,Determine,CÃte dIvoire,14-May-09,14-May-09,MIssing,Test kit,Yes,9749.73,Direct Drop,"HIV 1/2, Determine HIV Kit, without Lancets, 100 Tests",205.8,1500,105000.0,PMO - US,Inverness Japan,"HIV 1/2, Determine HIV Kit, without Lancets",70.0,2/24/09,SCMS-39430,Pre-PQ Process,Pre-PQ Process,HRDT,104-CI-T01,14-May-09,Air,HIV test,100,0.7,"Orgenics, Ltd",EXW,341
34456,ASN-26109,Generic,Ghana,12-Jun-14,12-Jun-14,600mg,Tablet,Yes,9507.26,Direct Drop,"Efavirenz 600mg, tablets, 30 Tabs",108.69,33144,105729.36,PMO - US,"Strides, Bangalore, India.",Efavirenz,3.19,4/14/14,SCMS-234070,FPQ-13809,03-07-14,ARV,105-GH-T30,12-Jun-14,Air,Adult,30,0.11,STRIDES ARCOLAB LIMITED,EXW,1874
69667,ASN-24415,Generic,South Africa,06-Feb-14,06-Feb-14,300mg,Tablet,No,Freight Included in Commodity Cost,Direct Drop,"Tenofovir Disoproxil Fumarate 300mg, tablets, 30 Tabs",3.32,141,2682.45,PMO - US,"Aurobindo Unit III, India",Tenofovir Disoproxil Fumarate,19.02,12-02-13,SCMS-215370,FPQ-13035,10-08-13,ARV,116-ZA-T30,06-Feb-14,Truck,Adult,30,0.63,S. BUYS WHOLESALER,DDP,Weight Captured Separately
36913,ASN-7378,Uni-Gold,Guyana,27-Jul-10,27-Jul-10,MIssing,Test kit,Yes,5255.14,Direct Drop,"HIV 1/2, Uni-Gold HIV Kit, 20 Tests",101.42,1470,47040.0,PMO - US,"Trinity Biotech, Plc","HIV 1/2, Uni-Gold HIV Kit",32.0,6/21/10,SCMS-71600,FPQ-5496,4/15/10,HRDT,102-GY-T30,27-Jul-10,Air,HIV test,20,1.6,"Trinity Biotech, Plc",EXW,500
83047,DN-2704,Generic,Mozambique,28-Jun-12,28-Jun-12,10mg/ml,Oral suspension,Yes,Invoiced Separately,From RDC,"Nevirapine 10mg/ml, oral suspension w/syringe, Bottle, 240 ml",166.68,60968,118887.6,PMO - US,"Aurobindo Unit III, India",Nevirapine,1.95,N/A - From RDC,SO-41761,FPQ-9506,3/16/12,ARV,111-MZ-T30,31-Jul-12,Truck,Pediatric,240,0.01,SCMS from RDC,N/A - From RDC,Weight Captured Separately
11892,DN-696,Generic,Tanzania,23-Apr-08,23-Apr-08,600mg,Tablet,Yes,6195.24,From RDC,"Efavirenz 600mg, tablets, 30 Tabs",366.66,18451,229161.42,PMO - US,"Aurobindo Unit III, India",Efavirenz,12.42,N/A - From RDC,SO-1999,Pre-PQ Process,Pre-PQ Process,ARV,109-TZ-T01,23-Apr-08,Air,Adult,30,0.41,SCMS from RDC,N/A - From RDC,1636
47089,ASN-19166,Generic,South Africa,16-Apr-13,16-Apr-13,10mg/ml,Oral solution,No,Freight Included in Commodity Cost,Direct Drop,"Lamivudine 10mg/ml, oral solution, Bottle, 240 ml",3.48,517,2812.74,South Africa Field Office,"Cipla, Goa, India",Lamivudine,5.44,Date Not Captured,SCMS-183950,FPQ-11828,3/18/13,ARV,116-ZA-T30,16-Apr-13,Truck,Pediatric,240,0.02,S. BUYS WHOLESALER,DDP,Weight Captured Separately
12973,ASN-14950,Generic,Haiti,12-Jun-12,12-Jun-12,30/50/6mg,Chewable/dispersible tablet - FDC,Yes,304.62,Direct Drop,"Lamivudine/Nevirapine/Stavudine 30/50/6mg, dispersible tablets, 60 Tabs",0.96,298,685.4,PMO - US,"Cipla, Goa, India",Lamivudine/Nevirapine/Stavudine,2.3,2/24/12,SCMS-138620,FPQ-9066,01-06-12,ARV,106-HT-T30,12-Jun-12,Air,Pediatric,60,0.04,CIPLA LIMITED,EXW,21
30475,ASN-7750,Determine,Botswana,06-Sep-10,06-Sep-10,MIssing,Test kit,Yes,760.22,Direct Drop,"HIV 1/2, Determine Complete HIV Kit, 100 Tests",1.72,10,800.0,PMO - US,Inverness Japan,"HIV 1/2, Determine Complete HIV Kit",80.0,06-08-10,SCMS-75630,FPQ-5352,3/30/10,HRDT,102-BW-T30,06-Sep-10,Air,HIV test,100,0.8,"Orgenics, Ltd",EXW,5
9145,ASN-3897,Uni-Gold,Namibia,05-Jun-09,05-Jun-09,MIssing,Test kit,Yes,6148.29,Direct Drop,"HIV 1/2, Uni-Gold HIV Kit, 20 Tests",37.63,600,19200.0,PMO - US,"Trinity Biotech, Plc","HIV 1/2, Uni-Gold HIV Kit",32.0,4/20/09,SCMS-44710,Pre-PQ Process,Pre-PQ Process,HRDT,139-NA-T01,05-Jun-09,Air,HIV test,20,1.6,"Trinity Biotech, Plc",EXW,205
83532,DN-2352,Generic,Nigeria,28-Sep-11,28-Sep-11,30mg,Capsule,Yes,18495.9,From RDC,"Stavudine 30mg, capsules, 60 Caps",2.31,1000,1400.0,PMO - US,"Aurobindo Unit III, India",Stavudine,1.4,N/A - From RDC,SO-39993,FPQ-7812,06-06-11,ARV,151-NG-T30,03-Nov-11,Air Charter,Adult,60,0.02,SCMS from RDC,N/A - From RDC,108
83592,DN-2676,Generic,Uganda,08-Jun-12,08-Jun-12,200mg,Tablet,Yes,4358.72,From RDC,"Nevirapine 200mg, tablets, 60 Tabs",28.51,8333,20332.52,PMO - US,"Strides, Bangalore, India.",Nevirapine,2.44,N/A - From RDC,SO-42070,FPQ-9875,05-09-12,ARV,114-UG-T30,04-Jul-12,Truck,Adult,60,0.04,SCMS from RDC,N/A - From RDC,479
11971,DN-1238,Generic,Swaziland,21-May-09,21-May-09,200mg,Capsule,No,See DN-1238 (ID#:11046),From RDC,"Efavirenz 200mg, capsule, 90 Caps",35.36,1417,18038.41,PMO - US,"Aurobindo Unit III, India",Efavirenz,12.73,N/A - From RDC,SO-30790,Pre-PQ Process,Pre-PQ Process,ARV,100-SZ-T01,21-May-09,Air,Pediatric,90,0.14,SCMS from RDC,N/A - From RDC,See DN-1238 (ID#:11046)
24884,ASN-13651,Generic,Zambia,29-Feb-12,29-Feb-12,200/300mg,Tablet - FDC,Yes,50030.37,Direct Drop,"Emtricitabine/Tenofovir Disoproxil Fumarate 200/300mg, tablets, 30 Tabs",1030.47,100000,735000.0,PMO - US,"Aurobindo Unit III, India",Emtricitabine/Tenofovir Disoproxil Fumarate,7.35,1/24/12,SCMS-134290,FPQ-9074,12/22/11,ARV,110-ZM-T30,29-Feb-12,Air,Adult,30,0.24,Aurobindo Pharma Limited,EXW,9369
85011,DN-4104,Generic,Tanzania,12-Mar-15,16-Mar-15,30/60mg,Chewable/dispersible tablet - FDC,Yes,4916,From RDC,"Lamivudine/Zidovudine 30/60mg, dispersible tablets, 60 Tabs",39.86,19389,38778.0,PMO - US,"Cipla, Goa, India",Lamivudine/Zidovudine,2.0,N/A - From RDC,SO-48920,FPQ-14135,4/24/14,ARV,109-TZ-T30,16-Feb-15,Truck,Pediatric,60,0.03,SCMS from RDC,N/A - From RDC,1293
65120,ASN-20330,Determine,Guyana,29-Jul-13,29-Jul-13,MIssing,Test kit,Yes,5110.28,Direct Drop,"HIV 1/2, Determine Complete HIV Kit, 100 Tests",81.02,655,65500.0,PMO - US,"Alere Medical Co., Ltd.","HIV 1/2, Determine Complete HIV Kit",100.0,06-04-13,SCMS-190770,FPQ-12235,05-06-13,HRDT,105-GY-T30,29-Jul-13,Air,HIV test,100,1.0,"Orgenics, Ltd",EXW,2
85044,DN-4315,Generic,Zambia,25-Aug-15,03-Sep-15,200mg,Tablet,No,Freight Included in Commodity Cost,From RDC,"Nevirapine 200mg, tablets, 60 Tabs",495.27,221000,481780.0,PMO - US,Hetero Unit III Hyderabad IN,Nevirapine,2.18,N/A - From RDC,SO-49620,FPQ-14784,08-12-14,ARV,110-ZM-T30,15-Aug-15,Truck,Adult,60,0.04,SCMS from RDC,N/A - From RDC,Weight Captured Separately
82555,DN-3015,Generic,Haiti,14-Mar-13,14-Mar-13,300mg,Tablet,No,See DN-3015 (ID#:82554),From RDC,"Tenofovir Disoproxil Fumarate 300mg, tablets, 30 Tabs",0.96,192,775.68,PMO - US,Mylan (formerly Matrix) Nashik,Tenofovir Disoproxil Fumarate,4.04,N/A - From RDC,SO-44400,FPQ-11281,1/16/13,ARV,106-HT-T30,09-Apr-13,Air,Adult,30,0.13,SCMS from RDC,N/A - From RDC,See DN-3015 (ID#:82554)
23756,ASN-29096,Generic,Namibia,19-Nov-14,03-Dec-14,150/300/200mg,Tablet - FDC,Yes,6786.64,Direct Drop,"Lamivudine/Nevirapine/Zidovudine 150/200/300mg, tablets, 60 Tabs",285.63,33516,277847.64,PMO - US,"Hetero, Jadcherla, unit 5, IN",Lamivudine/Nevirapine/Zidovudine,8.29,8/29/14,SCMS-253440,FPQ-14689,7/30/14,ARV,901-NA-T30,19-Nov-14,Air,Adult,60,0.14,HETERO LABS LIMITED,EXW,4237
79791,ASN-33470,Generic,South Africa,24-Jul-15,24-Jul-15,300mg,Tablet,No,Freight Included in Commodity Cost,Direct Drop,"Zidovudine 300mg, tablets, 60 Tabs",0.28,14,270.58,PMO - US,"Aurobindo Unit III, India",Zidovudine,19.33,10-09-14,SCMS-259078,FPQ-14942,09-11-14,ARV,116-ZA-T30,24-Jul-15,Truck,Adult,60,0.32,PHARMACY DIRECT,DDP,Weight Captured Separately
24324,ASN-6911,Generic,South Africa,07-Jul-10,07-Jul-10,150mg,Tablet,Yes,20134.62,Direct Drop,"Lamivudine 150mg, tablets, 60 Tabs",1679.59,303125,779031.25,PMO - US,"Strides, Bangalore, India.",Lamivudine,2.57,3/19/10,SCMS-68790,FPQ-5303,3/18/10,ARV,161-ZA-T30,07-Jul-10,Air,Adult,60,0.04,STRIDES ARCOLAB LIMITED,DDP,15006
31486,ASN-19391,Uni-Gold,South Sudan,07-Jun-13,07-Jun-13,MIssing,Test kit,Yes,2478.87,Direct Drop,"HIV 1/2, Uni-Gold HIV Kit, 20 Tests",17.81,450,14400.0,PMO - US,"Trinity Biotech, Plc","HIV 1/2, Uni-Gold HIV Kit",32.0,04-01-13,SCMS-181380,FPQ-11754,2/22/13,HRDT,105-SS-T30,07-Jun-13,Air,HIV test,20,1.6,"Trinity Biotech, Plc",EXW,146
12919,DN-1448,Generic,Zambia,13-Oct-09,13-Oct-09,600mg,Tablet,No,See DN-1448 (ID#:12012),From RDC,"Efavirenz 600mg, tablets, 30 Tabs",268.93,22059,137206.98,PMO - US,"Emcure Plot No.P-2, I.T-B.T. Park, Phase II, MIDC, Hinjwadi, Pune, India",Efavirenz,6.22,N/A - From RDC,SO-33021,Pre-PQ Process,Date Not Captured,ARV,110-ZM-T01,13-Oct-09,Truck,Adult,30,0.21,SCMS from RDC,N/A - From RDC,See DN-1448 (ID#:12012)
11299,DN-944,Generic,Haiti,04-Nov-08,04-Nov-08,10mg/ml,Oral solution,No,See DN-944 (ID#:11012),From RDC,"Lamivudine 10mg/ml, oral solution, Bottle, 240 ml",53.64,14405,27369.5,PMO - US,"Aurobindo Unit III, India",Lamivudine,1.9,N/A - From RDC,SO-15930,Pre-PQ Process,Pre-PQ Process,ARV,106-HT-T01,04-Nov-08,Air,Pediatric,240,0.01,SCMS from RDC,N/A - From RDC,See DN-944 (ID#:11012)
20631,ASN-30569,Prezista,Mozambique,16-Feb-15,12-Mar-15,600mg,Tablet,Yes,Freight Included in Commodity Cost,Direct Drop,"Darunavir 600mg [Prezista], tablets, 60 Tabs",15.32,276,14904.0,PMO - US,"Janssen-Cilag, Latina, IT",Darunavir,54.0,10/30/14,SCMS-260210,FPQ-14844,8/27/14,ARV,111-MZ-T30,16-Feb-15,Air,Adult,60,0.9,JANSSEN SCIENCES IRELAND UC (FORMERLY JANSSEN R&D IRELAND),CIP,Weight Captured Separately
85680,DN-1890,Generic,Tanzania,08-Jul-10,08-Jul-10,200mg,Tablet,Yes,10536.12,From RDC,"Nevirapine 200mg, tablets, 60 Tabs",118.45,20124,54938.52,PMO - US,"Cipla, Goa, India",Nevirapine,2.73,N/A - From RDC,SO-36041,FPQ-5237,03-01-10,ARV,109-TZ-T30,21-Jul-10,Air,Adult,60,0.05,SCMS from RDC,N/A - From RDC,2262
66175,ASN-7237,Generic,Vietnam,02-Jul-10,02-Jul-10,300mg,Tablet,No,See ASN-7237 (ID#:50231),Direct Drop,"Tenofovir Disoproxil Fumarate 300mg, tablets, 30 Tabs",182.37,12084,84588.0,PMO - US,Mylan (formerly Matrix) Nashik,Tenofovir Disoproxil Fumarate,7.0,3/29/10,SCMS-69720,FPQ-5317,3/22/10,ARV,108-VN-T30,02-Jul-10,Air,Adult,30,0.23,MYLAN LABORATORIES LTD (FORMERLY MATRIX LABORATORIES),EXW,See ASN-7237 (ID#:50231)
8271,ASN-1355,Bioline,Benin,04-Mar-08,04-Mar-08,MIssing,Test kit,Yes,1136.37,Direct Drop,"HIV 1/2, Bioline 3.0 Kit, Lancets, Capillary pipets, Alcohol swabs included, 25 Tests",7.42,232,4640.0,PMO - US,"Standard Diagnostics, Korea","HIV 1/2, Bioline 3.0 Kit, Lancets, Capillary pipets, Alcohol swabs included",20.0,02-06-08,SCMS-17290,Pre-PQ Process,Pre-PQ Process,HRDT,128-BJ-T01,04-Mar-08,Air,HIV test,25,0.8,"Standard Diagnostics, Inc.",EXW,70
84685,DN-2435,Generic,Uganda,01-Dec-11,01-Dec-11,150/300mg,Tablet - FDC,No,See DN-2435 (ID#:84121),From RDC,"Lamivudine/Zidovudine 150/300mg, tablets, 60 Tabs",20.84,1529,12629.54,PMO - US,"Aurobindo Unit III, India",Lamivudine/Zidovudine,8.26,N/A - From RDC,SO-40911,FPQ-8520,10-05-11,ARV,114-UG-T30,09-Jan-12,Truck,Adult,60,0.14,SCMS from RDC,N/A - From RDC,See DN-2435 (ID#:84121)
85069,DN-1479,Generic,Haiti,18-Oct-09,18-Oct-09,150mg,Tablet,No,See DN-1479 (ID#:82842),From RDC,"Lamivudine 150mg, tablets, 60 Tabs",1.9,398,971.12,PMO - US,"Aurobindo Unit III, India",Lamivudine,2.44,N/A - From RDC,SO-33730,FPQ-4277,9/22/09,ARV,106-HT-T30,18-Nov-09,Air,Adult,60,0.04,SCMS from RDC,N/A - From RDC,See DN-1479 (ID#:82842)
11638,DN-1228,Generic,Zambia,08-Jun-09,08-Jun-09,600mg,Tablet,Yes,8288.78,From RDC,"Efavirenz 600mg, tablets, 30 Tabs",613.47,28454,312994.0,PMO - US,"Aurobindo Unit III, India",Efavirenz,11.0,N/A - From RDC,SO-17611,Pre-PQ Process,Pre-PQ Process,ARV,110-ZM-T01,08-Jun-09,Truck,Adult,30,0.37,SCMS from RDC,N/A - From RDC,3279
49760,ASN-29257,Generic,South Africa,05-Nov-14,05-Nov-14,250mg,Delayed-release capsules,No,Freight Included in Commodity Cost,Direct Drop,"Didanosine 250mg, delayed-release capsules, 30 Caps",0.09,6,91.48,PMO - US,"Aurobindo Unit III, India",Didanosine,15.25,11-04-14,SCMS-238555,FPQ-13973,4/30/14,ARV,116-ZA-T30,05-Nov-14,Truck,Adult,30,0.51,PHARMACY DIRECT,DDP,Weight Captured Separately
62077,ASN-30463,Generic,Haiti,09-Apr-15,13-Apr-15,600/300/300mg,Tablet - FDC,No,See ASN-30463 (ID#:15460),Direct Drop,"Efavirenz/Lamivudine/Tenofovir Disoproxil Fumarate 600/300/300mg, tablets, 30 Tabs",411.1,39015,399903.75,PMO - US,Hetero Unit III Hyderabad IN,Efavirenz/Lamivudine/Tenofovir Disoproxil Fumarate,10.25,01-07-15,SCMS-262980,FPQ-15038,10/22/14,ARV,106-HT-T30,09-Apr-15,Ocean,Adult,30,0.34,HETERO LABS LIMITED,EXW,See ASN-30463 (ID#:15460)
85815,DN-2493,Generic,"Congo, DRC",14-Feb-12,14-Feb-12,200/50mg,Tablet,No,See DN-2493 (ID#:82432),From RDC,"Lopinavir/Ritonavir 200/50mg, tablets, 120 Tabs",1.09,23,776.02,PMO - US,"Aurobindo Unit III, India",Lopinavir/Ritonavir,33.74,N/A - From RDC,SO-41131,FPQ-8840,11/21/11,ARV,101-CD-T30,16-Mar-12,Air,Adult,120,0.28,SCMS from RDC,N/A - From RDC,See DN-2493 (ID#:82432)
85820,DN-2507,Generic,"Congo, DRC",11-Apr-12,11-Apr-12,300/300mg,Tablet - FDC,No,See DN-2507 (ID#:82440),From RDC,"Lamivudine/Tenofovir Disoproxil Fumarate 300/300mg, tablets, 30 Tabs",0.13,15,91.2,PMO - US,Mylan (formerly Matrix) Nashik,Lamivudine/Tenofovir Disoproxil Fumarate,6.08,N/A - From RDC,SO-41143,FPQ-8840,11/21/11,ARV,101-CD-T30,16-Mar-12,Air,Adult,30,0.2,SCMS from RDC,N/A - From RDC,See DN-2507 (ID#:82440)
5279,ASN-270,Generic,Vietnam,14-Mar-07,14-Mar-07,150mg,Tablet,Yes,27923.26,Direct Drop,"Lamivudine 150mg, tablets, 60 Tabs",MIssing,98400,329640.0,PMO - US,"Ranbaxy, Paonta Shahib, India",Lamivudine,3.35,11/14/06,SCMS-167,Pre-PQ Process,Pre-PQ Process,ARV,108-VN-T01,14-Mar-07,Air,Adult,60,0.06,SUN PHARMACEUTICAL INDUSTRIES LTD (RANBAXY LABORATORIES LIMITED),EXW,4300
12920,DN-1455,Generic,Mozambique,17-Sep-09,17-Sep-09,150/200/30mg,Tablet - FDC,Yes,1799.88,From RDC,"Lamivudine/Nevirapine/Stavudine 150/200/30mg, tablets, 60 Tabs",22.38,1604,11420.48,PMO - US,"Strides, Bangalore, India.",Lamivudine/Nevirapine/Stavudine,7.12,N/A - From RDC,SO-26425,Pre-PQ Process,Date Not Captured,ARV,111-MZ-T01,17-Sep-09,Truck,Adult,60,0.12,SCMS from RDC,N/A - From RDC,120
11617,DN-986,Generic,Uganda,09-Jan-09,09-Jan-09,600mg,Tablet,No,See DN-986 (ID#:10748),From RDC,"Efavirenz 600mg, tablets, 30 Tabs",31.13,1444,15884.0,PMO - US,"Aurobindo Unit III, India",Efavirenz,11.0,N/A - From RDC,SO-17870,Pre-PQ Process,Pre-PQ Process,ARV,114-UG-T01,09-Jan-09,Air,Adult,30,0.37,SCMS from RDC,N/A - From RDC,See DN-986 (ID#:10748)
83401,DN-1658,Generic,Zimbabwe,12-Mar-10,12-Mar-10,150/200/30mg,Tablet - FDC,Yes,13208.56,From RDC,"Lamivudine/Nevirapine/Stavudine 150/200/30mg, tablets, 60 Tabs",475.55,36100,220571.0,PMO - US,"Cipla, Goa, India",Lamivudine/Nevirapine/Stavudine,6.11,N/A - From RDC,SO-35360,FPQ-4694,12-08-09,ARV,113-ZW-T30,30-Mar-10,Truck,Adult,60,0.1,SCMS from RDC,N/A - From RDC,3955
11685,DN-1444,Generic,Nigeria,20-Oct-09,20-Oct-09,200/300mg,Tablet - FDC,Yes,9341.49,From RDC,"Emtricitabine/Tenofovir Disoproxil Fumarate 200/300mg, tablets, 30 Tabs",5.6,243,2855.25,PMO - US,Mylan (formerly Matrix) Nashik,Emtricitabine/Tenofovir Disoproxil Fumarate,11.75,N/A - From RDC,SO-27825,Pre-PQ Process,Date Not Captured,ARV,151-NG-T01,20-Oct-09,Air Charter,Adult,30,0.39,SCMS from RDC,N/A - From RDC,22
83600,DN-2729,Generic,Nigeria,09-Jul-12,09-Jul-12,600mg,Tablet,No,See DN-2729 (ID#:82487),From RDC,"Efavirenz 600mg, tablets, 30 Tabs",4.49,840,3200.4,PMO - US,"Strides, Bangalore, India.",Efavirenz,3.81,N/A - From RDC,SO-41682,FPQ-9432,03-01-12,ARV,151-NG-T30,02-Aug-12,Air Charter,Adult,30,0.13,SCMS from RDC,N/A - From RDC,See DN-2729 (ID#:82487)
69881,ASN-10007,Videx,Haiti,05-Apr-11,05-Apr-11,50mg,Chewable/dispersible tablet,No,See ASN-10007 (ID#:23194),Direct Drop,"Didanosine 50mg [Videx], chewable tablets, 60 Tabs",4.7,300,2850.0,PMO - US,"BMS Meymac, France",Didanosine,9.5,2/15/11,SCMS-100140,FPQ-7066,1/27/11,ARV,106-HT-T30,05-Apr-11,Air,Pediatric,60,0.16,BRISTOL-MYERS SQUIBB,FCA,See ASN-10007 (ID#:23194)
22469,ASN-6290,Determine,Zambia,18-Mar-10,18-Mar-10,MIssing,Test kit,Yes,20121.14,Direct Drop,"HIV 1/2, Determine Complete HIV Kit, 100 Tests",409.66,2639,190008.0,PMO - US,Inverness Japan,"HIV 1/2, Determine Complete HIV Kit",72.0,12/22/09,SCMS-60710,FPQ-4691,12/16/09,HRDT,110-ZM-T30,18-Mar-10,Air,HIV test,100,0.72,"Orgenics, Ltd",EXW,1276
15283,ASN-11148,Uni-Gold,Nigeria,19-Jul-11,19-Jul-11,MIssing,Test kit,Yes,15794.47,Direct Drop,"HIV 1/2, Uni-Gold HIV Kit, 20 Tests",193.35,3662,117184.0,PMO - US,"Trinity Biotech, Plc","HIV 1/2, Uni-Gold HIV Kit",32.0,3/31/11,SCMS-104310,FPQ-7314,03-11-11,HRDT,133-NG-T30,19-Jul-11,Air,HIV test,20,1.6,"Trinity Biotech, Plc",EXW,1255
83255,DN-3875,Generic,Mozambique,30-Oct-14,07-Nov-14,600mg,Tablet,Yes,14767.58,From RDC,"Efavirenz 600mg, tablets, 30 Tabs",101.83,30860,99060.6,PMO - US,"Cipla, Goa, India",Efavirenz,3.21,N/A - From RDC,SO-48883,FPQ-14226,05-02-14,ARV,111-MZ-T30,31-Dec-14,Truck,Adult,30,0.11,SCMS from RDC,N/A - From RDC,19965
10930,DN-507,Generic,Zambia,08-Jan-08,08-Jan-08,600mg,Tablet,Yes,14199.3,From RDC,"Efavirenz 600mg, tablets, 30 Tabs",1561.9,50061,976189.5,PMO - US,Mylan (formerly Matrix) Nashik,Efavirenz,19.5,N/A - From RDC,SO-993,Pre-PQ Process,Pre-PQ Process,ARV,110-ZM-T01,08-Jan-08,MIssing,Adult,30,0.65,SCMS from RDC,N/A - From RDC,3946
28918,ASN-14302,Uni-Gold,Mozambique,25-May-12,25-May-12,MIssing,Test kit,Yes,35569.75,Direct Drop,"HIV 1/2, Uni-Gold HIV Kit, 20 Tests",396,7500,240000.0,PMO - US,"Trinity Biotech, Plc","HIV 1/2, Uni-Gold HIV Kit",32.0,3/19/12,SCMS-118350,FPQ-8116,08-04-11,HRDT,111-MZ-T30,25-May-12,Air,HIV test,20,1.6,"Trinity Biotech, Plc",EXW,2451
38914,ASN-6724,Truvada,South Africa,01-Apr-10,01-Apr-10,300/200mg,Tablet - FDC,Yes,Freight Included in Commodity Cost,Direct Drop,"Emtricitabine/Tenofovir Disoproxil Fumarate 200/300mg [Truvada], tablets, 30 Tabs",24.78,240,11495.46,PMO - US,"Aspen-OSD, Port Elizabeth, SA",Emtricitabine/Tenofovir Disoproxil Fumarate,47.9,3/25/10,SCMS-69590,FPQ-5381,3/23/10,ARV,116-ZA-T30,01-Apr-10,Truck,Adult,30,1.6,S. BUYS WHOLESALER,DDP,Weight Captured Separately
86501,DN-2780,Generic,Uganda,08-Aug-12,08-Aug-12,200/50mg,Tablet,Yes,7263.17,From RDC,"Lopinavir/Ritonavir 200/50mg, tablets, 120 Tabs",100.99,2427,72033.36,PMO - US,Mylan (formerly Matrix) Nashik,Lopinavir/Ritonavir,29.68,N/A - From RDC,SO-42311,FPQ-9876,5/15/12,ARV,114-UG-T30,11-Sep-12,Air,Adult,120,0.25,SCMS from RDC,N/A - From RDC,647
3787,ASN-4287,Retrovir,South Africa,04-May-09,04-May-09,100mg,Capsule,Yes,Freight Included in Commodity Cost,Direct Drop,"Zidovudine 100mg [Retrovir], capsules, 100 Caps",0.73,30,371.1,PMO - US,GSK Crawley,Zidovudine,12.37,04-02-09,SCMS-47350,Pre-PQ Process,Pre-PQ Process,ARV,116-ZA-T01,15-May-09,Truck,Pediatric,100,0.12,S. BUYS WHOLESALER,DDP,Weight Captured Separately
11270,DN-818,Generic,Uganda,21-Aug-08,21-Aug-08,150/300mg,Tablet - FDC,Yes,1277.22,From RDC,"Lamivudine/Zidovudine 150/300mg, tablets, 60 Tabs",20.41,1350,12757.5,PMO - US,"Aurobindo Unit III, India",Lamivudine/Zidovudine,9.45,N/A - From RDC,SO-2344,Pre-PQ Process,Pre-PQ Process,ARV,114-UG-T01,21-Aug-08,Air,Adult,60,0.16,SCMS from RDC,N/A - From RDC,239
30257,ASN-16454,Determine,Mali,19-Oct-12,19-Oct-12,MIssing,Test kit,Yes,3252.26,Direct Drop,"HIV 1/2, Determine Complete HIV Kit, 100 Tests",20.64,184,14720.0,PMO - US,"Alere Medical Co., Ltd.","HIV 1/2, Determine Complete HIV Kit",80.0,7/31/12,SCMS-153780,FPQ-10104,07-05-12,HRDT,102-ML-T30,19-Oct-12,Air,HIV test,100,0.8,"Orgenics, Ltd",EXW,84
5051,ASN-3732,Stocrin/Sustiva,South Africa,21-Jan-09,21-Jan-09,50mg,Capsule,No,Freight Included in Commodity Cost,Direct Drop,"Efavirenz 50mg [Stocrin/Sustiva], capsule, 30 Caps",0.37,80,188.8,PMO - US,"MSD Midrand, Jburg, SA",Efavirenz,2.36,Date Not Captured,SCMS-41190,Pre-PQ Process,Pre-PQ Process,ARV,116-ZA-T01,30-Mar-09,Air,Pediatric,30,0.08,S. BUYS WHOLESALER,DDP,Weight Captured Separately
30977,ASN-26329,Genie,Uganda,26-Jun-14,26-Jun-14,MIssing,Test kit,Yes,846.03,Direct Drop,"HIV 1/2, Genie III Kit, 50 Tests",3.07,30,2982.0,PMO - US,Bio-Rad Laboratories,"HIV 1/2, Genie III Kit",99.4,4/30/14,SCMS-237170,FPQ-14070,04-10-14,HRDT,114-UG-T30,26-Jun-14,Air,HIV test,50,1.99,BIO-RAD LABORATORIES (FRANCE),EXW,19
83395,DN-1617,Generic,Haiti,24-Feb-10,24-Feb-10,200mg,Tablet,Yes,39223.78,From RDC,"Nevirapine 200mg, tablets, 60 Tabs",205.39,32850,95265.0,PMO - US,"Aurobindo Unit III, India",Nevirapine,2.9,N/A - From RDC,SO-34230,FPQ-4469,9/23/09,ARV,106-HT-T30,05-Mar-10,Air,Adult,60,0.05,SCMS from RDC,N/A - From RDC,3917
86114,DN-3819,Generic,Zambia,23-Jul-14,28-Aug-14,600/300/300mg,Tablet - FDC,No,See DN-3819 (ID#:85506),From RDC,"Efavirenz/Lamivudine/Tenofovir Disoproxil Fumarate 600/300/300mg, tablets, 30 Tabs",1939.32,175000,1886500.0,PMO - US,Mylan (formerly Matrix) Nashik,Efavirenz/Lamivudine/Tenofovir Disoproxil Fumarate,10.78,N/A - From RDC,SO-48000,FPQ-13692,02-06-14,ARV,110-ZM-T30,31-Jul-14,Truck,Adult,30,0.36,SCMS from RDC,N/A - From RDC,See DN-3819 (ID#:85506)
57596,ASN-12494,Generic,Swaziland,15-Dec-11,15-Dec-11,600/300/300mg,Tablet - FDC,Yes,12323.93,Direct Drop,"Efavirenz/Lamivudine/Tenofovir Disoproxil Fumarate 600/300/300mg, tablets, 30 Tabs",2263.68,97300,1371930.0,PMO - US,Mylan (formerly Matrix) Nashik,Efavirenz/Lamivudine/Tenofovir Disoproxil Fumarate,14.1,9/22/11,SCMS-122660,FPQ-8386,9/14/11,ARV,900-SZ-T30,15-Dec-11,Ocean,Adult,30,0.47,MYLAN LABORATORIES LTD (FORMERLY MATRIX LABORATORIES),EXW,11433
84534,DN-1668,Generic,Haiti,03-Mar-10,03-Mar-10,30mg,Capsule,No,See DN-1668 (ID#:83403),From RDC,"Stavudine 30mg, capsules, 60 Caps",22.21,7056,10301.76,PMO - US,"Strides, Bangalore, India.",Stavudine,1.46,N/A - From RDC,SO-35930,FPQ-4384,10/23/09,ARV,106-HT-T30,07-Apr-10,Air,Adult,60,0.02,SCMS from RDC,N/A - From RDC,See DN-1668 (ID#:83403)
84313,DN-3462,Generic,Haiti,27-Dec-13,17-Jan-14,200/50mg,Tablet,Yes,5819.7,From RDC,"Lopinavir/Ritonavir 200/50mg, tablets, 120 Tabs",39.26,1865,38195.2,PMO - US,Mylan (formerly Matrix) Nashik,Lopinavir/Ritonavir,20.48,N/A - From RDC,SO-47260,FPQ-13296,11/22/13,ARV,106-HT-T30,24-Dec-13,Air,Adult,120,0.17,SCMS from RDC,N/A - From RDC,497
7007,ASN-1718,Viread,Vietnam,16-Apr-08,16-Apr-08,300mg,Tablet,Yes,1401.49,Direct Drop,"Tenofovir Disoproxil Fumarate 300mg [Viread], tablets, 30 Tabs",65.15,1968,40717.92,PMO - US,Gilead(Nycomed) Oranienburg DE,Tenofovir Disoproxil Fumarate,20.69,3/21/08,SCMS-19630,Pre-PQ Process,Pre-PQ Process,ARV,108-VN-T01,12-May-08,Truck,Adult,30,0.69,CENTRAL PHARMACEUTICAL COMPANY NO. 1,DDU,Weight Captured Separately
86259,DN-1632,Generic,Uganda,29-Jan-10,29-Jan-10,200mg,Tablet,Yes,1601.5,From RDC,"Nevirapine 200mg, tablets, 60 Tabs",10,1600,4640.0,PMO - US,"Aurobindo Unit III, India",Nevirapine,2.9,N/A - From RDC,SO-35010,FPQ-4496,10/28/09,ARV,114-UG-T30,22-Mar-10,Truck,Adult,60,0.05,SCMS from RDC,N/A - From RDC,157
30494,ASN-29094,Determine,Zambia,26-Mar-15,01-Apr-15,MIssing,Test kit,Yes,35696.95,Direct Drop,"HIV 1/2, Determine Complete HIV Kit, 100 Tests",519.26,6314,505120.0,PMO - US,"Alere Medical Co., Ltd.","HIV 1/2, Determine Complete HIV Kit",80.0,9/19/14,SCMS-256510,FPQ-14827,8/19/14,HRDT,110-ZM-T30,11-Mar-15,Air,HIV test,100,0.8,"Orgenics, Ltd",EXW,2561
49363,ASN-19428,Determine,South Sudan,16-Aug-13,16-Aug-13,MIssing,Test kit - Ancillary,No,See ASN-19428 (ID#:12981),Direct Drop,"Chase Buffer, Determine, 100 Tests, 2.5ml x 1 Vial",0.28,45,225.0,PMO - US,"Alere Medical Co., Ltd.","Chase Buffer, Determine, 100 Tests, 2.5ml x 1 Vial",5.0,04-01-13,SCMS-181400,FPQ-11754,2/22/13,HRDT,105-SS-T30,16-Aug-13,Air,HIV test - Ancillary,1,5.0,"Orgenics, Ltd",EXW,See ASN-19428 (ID#:12981)
85520,DN-3868,Generic,Tanzania,29-Sep-14,06-Oct-14,30/50/60mg,Chewable/dispersible tablet - FDC,Yes,17858.3,From RDC,"Lamivudine/Nevirapine/Zidovudine 30/50/60mg, dispersible tablets, 60 Tabs",266.96,57859,215814.07,PMO - US,Mylan (formerly Matrix) Nashik,Lamivudine/Nevirapine/Zidovudine,3.73,N/A - From RDC,SO-46702,FPQ-13042,10-01-13,ARV,109-TZ-T30,29-Aug-14,Truck,Pediatric,60,0.06,SCMS from RDC,N/A - From RDC,3090
11011,DN-917,Norvir,Nigeria,24-Sep-08,24-Sep-08,100mg,Capsule,No,See DN-917 (ID#:10745),From RDC,"Ritonavir 100mg [Norvir], capsules, cool, 4 x 84 Caps",0.12,2,76.72,PMO - US,ABBVIE (Abbott) France,Ritonavir,38.36,N/A - From RDC,SO-2728,Pre-PQ Process,Pre-PQ Process,ARV,112-NG-T01,24-Sep-08,Air,Adult,336,0.11,SCMS from RDC,N/A - From RDC,See DN-917 (ID#:10745)
68662,ASN-21703,Generic,Cameroon,11-Oct-13,14-Oct-13,150/300/200mg,Tablet - FDC,Yes,37479.21,Direct Drop,"Lamivudine/Nevirapine/Zidovudine 150/200/300mg, tablets, 60 Tabs",351.08,34910,283818.3,PMO - US,"Aurobindo Unit III, India",Lamivudine/Nevirapine/Zidovudine,8.13,8/23/13,SCMS-204300,FPQ-12837,8/19/13,ARV,901-CM-T30,18-Oct-13,Air,Adult,60,0.14,Aurobindo Pharma Limited,EXW,4426
4044,ASN-698,Bioline,Tanzania,16-Oct-07,16-Oct-07,MIssing,Test kit,Yes,28466.06,Direct Drop,"HIV 1/2, Bioline 3.0 Kit, Lancets, Capillary pipets, Alcohol swabs included, 25 Tests",320,10000,200000.0,PMO - US,"Standard Diagnostics, Korea","HIV 1/2, Bioline 3.0 Kit, Lancets, Capillary pipets, Alcohol swabs included",20.0,Date Not Captured,SCMS-10260,Pre-PQ Process,Pre-PQ Process,HRDT,109-TZ-T01,16-Oct-07,Air,HIV test,25,0.8,"Standard Diagnostics, Inc.",EXW,3338
69461,ASN-24415,Generic,South Africa,06-Feb-14,06-Feb-14,200/300mg,Tablet - FDC,No,Freight Included in Commodity Cost,Direct Drop,"Emtricitabine/Tenofovir Disoproxil Fumarate 200/300mg, tablets, 30 Tabs",0.15,4,119.68,PMO - US,"Aurobindo Unit III, India",Emtricitabine/Tenofovir Disoproxil Fumarate,29.92,12-02-13,SCMS-215370,FPQ-13035,10-08-13,ARV,116-ZA-T30,06-Feb-14,Truck,Adult,30,1.0,S. BUYS WHOLESALER,DDP,Weight Captured Separately
48923,ASN-30376,Isentress,South Africa,26-Jan-15,26-Jan-15,400mg,Tablet,No,Freight Included in Commodity Cost,Direct Drop,"Raltegravir 400mg [Isentress], tablets, 60 Tabs",0.38,6,366.99,PMO - US,"MSD, Haarlem, NL",Raltegravir,61.16,1/26/15,SCMS-259072,FPQ-14942,09-11-14,ARV,116-ZA-T30,26-Jan-15,Truck,Adult,60,1.02,PHARMACY DIRECT,DDP,Weight Captured Separately
1251,ASN-91,Videx,Vietnam,16-Nov-06,16-Nov-06,25mg,Chewable/dispersible tablet,Yes,3292.15,Direct Drop,"Didanosine 25mg [Videx], chewable tablets, 60 Tabs",MIssing,2800,19600.0,PMO - US,"BMS Meymac, France",Didanosine,7.0,Date Not Captured,SCMS-12,Pre-PQ Process,Pre-PQ Process,ARV,108-VN-T01,16-Nov-06,Air,Pediatric,60,0.12,BRISTOL-MYERS SQUIBB,CIP,555
14348,ASN-11270,Determine,Nigeria,27-Jul-11,27-Jul-11,MIssing,Test kit,Yes,26014.88,Direct Drop,"HIV 1/2, Determine Complete HIV Kit, 100 Tests",300.16,2044,181916.0,PMO - US,Inverness Japan,"HIV 1/2, Determine Complete HIV Kit",89.0,5/23/11,SCMS-108720,FPQ-7553,4/28/11,HRDT,133-NG-T30,27-Jul-11,Air,HIV test,100,0.89,"Orgenics, Ltd",EXW,976
55518,ASN-14274,Determine,Tanzania,08-May-12,08-May-12,MIssing,Test kit,Yes,24308.25,Direct Drop,"HIV 1/2, Determine Complete HIV Kit, 100 Tests",321.9,2870,229600.0,PMO - US,"Alere Medical Co., Ltd.","HIV 1/2, Determine Complete HIV Kit",80.0,2/17/12,SCMS-136920,FPQ-9211,1/25/12,HRDT,109-TZ-T30,08-May-12,Air,HIV test,100,0.8,"Orgenics, Ltd",EXW,1368
10961,DN-839,Generic,Zambia,20-Aug-08,20-Aug-08,150/200/30mg,Tablet - FDC,Yes,6051.02,From RDC,"Lamivudine/Nevirapine/Stavudine 150/200/30mg, tablets, 60 Tabs",460.8,40000,288000.0,PMO - US,"Strides, Bangalore, India.",Lamivudine/Nevirapine/Stavudine,7.2,N/A - From RDC,SO-2550,Pre-PQ Process,Pre-PQ Process,ARV,110-ZM-T01,20-Aug-08,Truck,Adult,60,0.12,SCMS from RDC,N/A - From RDC,7393
71096,ASN-10570,Generic,South Africa,08-Jun-11,08-Jun-11,150mg,Tablet,Yes,11372.22,Direct Drop,"Lamivudine 150mg, tablets, 60 Tabs",129.49,25342,60060.54,PMO - US,"Aurobindo Unit III, India",Lamivudine,2.37,9/24/10,SCMS-83770,FPQ-6262,8/31/10,ARV,161-ZA-T30,26-Apr-11,Ocean,Adult,60,0.04,Aurobindo Pharma Limited,DDP,1279
12443,DN-498,Generic,Haiti,31-Dec-07,31-Dec-07,200mg,Tablet,Yes,32483.5,From RDC,"Nevirapine 200mg, tablets, 60 Tabs",228.48,42000,142800.0,PMO - US,"Aurobindo Unit III, India",Nevirapine,3.4,N/A - From RDC,SO-1289,Pre-PQ Process,Pre-PQ Process,ARV,106-HT-T01,31-Dec-07,Air,Adult,60,0.06,SCMS from RDC,N/A - From RDC,3957
36978,ASN-17673,Generic,Vietnam,04-Feb-13,04-Feb-13,50mg,Capsule,Yes,990.04,Direct Drop,"Efavirenz 50mg, capsule, 30 Caps",3.51,1240,2504.8,PMO - US,"Micro labs, Verna, Goa, India",Efavirenz,2.02,8/15/12,SCMS-156250,FPQ-10286,7/25/12,ARV,108-VN-T30,04-Feb-13,Air,Pediatric,30,0.07,MICRO LABS LIMITED,EXW,71
11677,DN-1394,Generic,Zambia,21-Aug-09,21-Aug-09,150/200/30mg,Tablet - FDC,Yes,2014.86,From RDC,"Lamivudine/Nevirapine/Stavudine 150/200/30mg, tablets, 60 Tabs",33.39,2393,17038.16,PMO - US,"Cipla, Goa, India",Lamivudine/Nevirapine/Stavudine,7.12,N/A - From RDC,SO-32500,Pre-PQ Process,Date Not Captured,ARV,110-ZM-T01,21-Aug-09,Truck,Adult,60,0.12,SCMS from RDC,N/A - From RDC,256
438,ASN-1923,Videx,Vietnam,12-Jul-08,12-Jul-08,25mg,Chewable/dispersible tablet,Yes,2211.05,Direct Drop,"Didanosine 25mg [Videx], chewable tablets, 60 Tabs",4.48,400,2800.0,PMO - US,"BMS Meymac, France",Didanosine,7.0,3/31/08,SCMS-20310,Pre-PQ Process,Pre-PQ Process,ARV,108-VN-T01,12-Jul-08,Air,Pediatric,60,0.12,BRISTOL-MYERS SQUIBB,CIP,81
15946,ASN-9567,Generic,Ethiopia,14-Feb-11,14-Feb-11,250mg,Delayed-release capsules,Yes,1131.48,Direct Drop,"Didanosine 250mg, delayed-release capsules, 30 Caps",72.87,2600,33800.0,PMO - US,"Aurobindo Unit III, India",Didanosine,13.0,4/29/10,SCMS-72390,FPQ-5582,4/28/10,ARV,117-ET-T30,14-Feb-11,Air,Adult,30,0.43,Aurobindo Pharma Limited,EXW,236
83809,DN-3756,Generic,Zambia,04-Jul-14,04-Aug-14,150/30mg,Tablet - FDC,Yes,770.14,From RDC,"Lamivudine/Stavudine 150/30mg, tablets, 60 Tabs",13.39,5232,13027.68,PMO - US,Hetero Unit III Hyderabad IN,Lamivudine/Stavudine,2.49,N/A - From RDC,SO-47210,FPQ-13222,10/31/13,ARV,110-ZM-T30,30-Jun-14,Truck,Adult,60,0.04,SCMS from RDC,N/A - From RDC,414
6416,ASN-4386,Generic,South Africa,21-Apr-09,21-Apr-09,30mg,Capsule,No,Freight Included in Commodity Cost,Direct Drop,"Stavudine 30mg, capsules, 60 Caps",16.32,2775,8325.0,PMO - US,"Aurobindo Unit III, India",Stavudine,3.0,3/27/09,SCMS-41585,Pre-PQ Process,Pre-PQ Process,ARV,116-ZA-T01,25-Jun-09,Air,Adult,60,0.05,S. BUYS WHOLESALER,DDP,Weight Captured Separately
55053,ASN-19842,Generic,Guyana,01-Jul-13,01-Jul-13,15mg,Capsule,Yes,618.89,Direct Drop,"Stavudine 15mg, capsules, 60 Caps",0.02,10,13.0,PMO - US,"Aurobindo Unit III, India",Stavudine,1.3,5/23/13,SCMS-189040,FPQ-12057,4/15/13,ARV,105-GY-T30,01-Jul-13,Air,Adult,60,0.02,Aurobindo Pharma Limited,EXW,1
53281,ASN-11742,Uni-Gold,Tanzania,05-Oct-11,05-Oct-11,MIssing,Test kit,Yes,2242.31,Direct Drop,"HIV 1/2, Uni-Gold HIV Kit, 20 Tests",23.76,450,14400.0,PMO - US,"Trinity Biotech, Plc","HIV 1/2, Uni-Gold HIV Kit",32.0,7/14/11,SCMS-115000,FPQ-7909,6/24/11,HRDT,109-TZ-T30,05-Oct-11,Air,HIV test,20,1.6,"Trinity Biotech, Plc",EXW,149
73867,ASN-31129,Uni-Gold,South Sudan,08-May-15,11-May-15,MIssing,Test kit,No,See ASN-31129 (ID#:40205),Direct Drop,"HIV 1/2, Uni-Gold HIV Kit, 20 Tests",0.94,25,800.0,PMO - US,"Trinity Biotech, Plc","HIV 1/2, Uni-Gold HIV Kit",32.0,2/20/15,SCMS-272140,FPQ-15569,12/29/14,HRDT,105-SS-T30,08-May-15,Air,HIV test,20,1.6,"Trinity Biotech, Plc",EXW,See ASN-31129 (ID#:40205)
84612,DN-2073,Generic,Haiti,05-Jan-11,05-Jan-11,300mg,Tablet,No,See DN-2073 (ID#:82362),From RDC,"Abacavir 300mg, tablets, 60 Tabs",21.27,600,9864.0,PMO - US,"Aurobindo Unit III, India",Abacavir,16.44,N/A - From RDC,SO-37760,FPQ-6484,10/13/10,ARV,106-HT-T30,20-Dec-10,Air,Adult,60,0.27,SCMS from RDC,N/A - From RDC,See DN-2073 (ID#:82362)
39794,ASN-22818,Determine,Zimbabwe,09-Dec-13,10-Dec-13,MIssing,Test kit - Ancillary,Yes,14314.83,Direct Drop,"Chase Buffer, Determine, 100 Tests, 2.5ml x 1 Vial",12.37,2000,10000.0,PMO - US,"Alere Medical Co., Ltd.","Chase Buffer, Determine, 100 Tests, 2.5ml x 1 Vial",5.0,10/18/13,SCMS-210170,FPQ-13032,9/24/13,HRDT,113-ZW-T30,09-Dec-13,Air,HIV test - Ancillary,1,5.0,"Orgenics, Ltd",EXW,864
84548,DN-1765,Generic,Uganda,12-Apr-10,12-Apr-10,600mg,Tablet,No,See DN-1765 (ID#:82877),From RDC,"Efavirenz 600mg, tablets, 30 Tabs",55.3,5000,25650.0,PMO - US,Mylan (formerly Matrix) Nashik,Efavirenz,5.13,N/A - From RDC,SO-36080,FPQ-5238,03-02-10,ARV,114-UG-T30,26-May-10,Air,Adult,30,0.17,SCMS from RDC,N/A - From RDC,See DN-1765 (ID#:82877)
68875,ASN-6724,Viread,South Africa,01-Apr-10,01-Apr-10,300mg,Tablet,No,Freight Included in Commodity Cost,Direct Drop,"Tenofovir Disoproxil Fumarate 300mg [Viread], tablets, 30 Tabs",14.97,240,6944.46,PMO - US,"Aspen-OSD, Port Elizabeth, SA",Tenofovir Disoproxil Fumarate,28.94,3/25/10,SCMS-69590,FPQ-5381,3/23/10,ARV,116-ZA-T30,01-Apr-10,Truck,Adult,30,0.96,S. BUYS WHOLESALER,DDP,Weight Captured Separately
11369,DN-30,Generic,CÃte dIvoire,15-Mar-07,15-Mar-07,300mg,Tablet,No,See DN-30 (ID#:11091),From RDC,"Abacavir 300mg, tablets, 60 Tabs",MIssing,33,1453.65,PMO - US,"Aurobindo Unit III, India",Abacavir,44.05,N/A - From RDC,SO-373,Pre-PQ Process,Pre-PQ Process,ARV,100-CI-T01,15-Mar-07,MIssing,Adult,60,0.73,SCMS from RDC,N/A - From RDC,See DN-30 (ID#:11091)
85224,DN-2499,Generic,"Congo, DRC",14-Feb-12,14-Feb-12,200mg,Tablet,No,See DN-2499 (ID#:83004),From RDC,"Nevirapine 200mg, tablets, 60 Tabs",1.45,400,1032.0,PMO - US,"Strides, Bangalore, India.",Nevirapine,2.58,N/A - From RDC,SO-41137,FPQ-8840,11/21/11,ARV,101-CD-T30,16-Mar-12,Air,Adult,60,0.04,SCMS from RDC,N/A - From RDC,See DN-2499 (ID#:83004)
74273,ASN-32524,Generic,South Africa,02-Jun-15,02-Jun-15,200mg,Tablet,No,Freight Included in Commodity Cost,Direct Drop,"Nevirapine 200mg, tablets, 60 Tabs",0.25,19,243.66,PMO - US,"Aurobindo Unit III, India",Nevirapine,12.82,06-02-15,SCMS-259076,FPQ-14942,09-11-14,ARV,116-ZA-T30,02-Jun-15,Truck,Adult,60,0.21,PHARMACY DIRECT,DDP,Weight Captured Separately
83968,DN-1562,Generic,Nigeria,18-Dec-09,18-Dec-09,150/300/200mg,Tablet - FDC,Yes,11637.64,From RDC,"Lamivudine/Nevirapine/Zidovudine 150/200/300mg, tablets, 60 Tabs",622.89,28000,317800.0,PMO - US,"Aurobindo Unit III, India",Lamivudine/Nevirapine/Zidovudine,11.35,N/A - From RDC,SO-33140,FPQ-4105,8/13/09,ARV,151-NG-T30,18-Dec-09,Air Charter,Adult,60,0.19,SCMS from RDC,N/A - From RDC,3239
6111,ASN-3157,Colloidal Gold,Ethiopia,26-Jan-09,26-Jan-09,MIssing,Test kit,Yes,20083.74,Direct Drop,"HIV 1/2, SKB Colloidal Gold, Diagnostic Kit, Antibody, 50 Tests",158.23,3510,80730.0,PMO - US,"KHB Test Kit Facility, Shanghai China","HIV 1/2, Colloidal Gold, Diagnostic Kit, Antibody",23.0,10/27/08,SCMS-32630,Pre-PQ Process,Pre-PQ Process,HRDT,117-ET-T01,26-Jan-09,Air,HIV test,1,23.0,"SHANGHAI KEHUA BIOENGINEERING CO.,LTD.  (KHB)",EXW,2535
62032,ASN-32231,Determine,"Congo, DRC",23-Jul-15,29-Jul-15,MIssing,Test kit,No,See ASN-32231 (ID#:13648),Direct Drop,"HIV 1/2, Determine Complete HIV Kit, 100 Tests",4.8,51,4080.0,PMO - US,"Alere Medical Co., Ltd.","HIV 1/2, Determine Complete HIV Kit",80.0,3/17/15,SCMS-280220,FPQ-16001,03-10-15,HRDT,101-CD-T30,23-Jul-15,Air,HIV test,100,0.8,"Orgenics, Ltd",EXW,See ASN-32231 (ID#:13648)
11674,DN-1387,Generic,CÃte dIvoire,25-Aug-09,25-Aug-09,10mg/ml,Oral suspension,Yes,5233.52,From RDC,"Nevirapine 10mg/ml, oral suspension, Bottle, 240 ml",10.98,2917,5600.64,PMO - US,"Aurobindo Unit III, India",Nevirapine,1.92,N/A - From RDC,SO-32830,Pre-PQ Process,Date Not Captured,ARV,104-CI-T01,25-Aug-09,Air,Pediatric,240,0.01,SCMS from RDC,N/A - From RDC,1348
86520,DN-2881,Generic,Zimbabwe,18-Oct-12,18-Oct-12,150/300mg,Tablet - FDC,No,Freight Included in Commodity Cost,From RDC,"Lamivudine/Zidovudine 150/300mg, tablets, 60 Tabs",10.89,1006,7766.32,PMO - US,Mylan (formerly Matrix) Nashik,Lamivudine/Zidovudine,7.72,N/A - From RDC,SO-42302,FPQ-9927,5/15/12,ARV,102-ZW-T30,31-Oct-12,Truck,Adult,60,0.13,SCMS from RDC,N/A - From RDC,Weight Captured Separately
82991,DN-2439,Generic,Rwanda,02-Dec-11,02-Dec-11,50mg,Capsule,Yes,1274.98,From RDC,"Efavirenz 50mg, capsule, 30 Caps",2.59,700,1568.0,PMO - US,"Aurobindo Unit III, India",Efavirenz,2.24,N/A - From RDC,SO-41040,FPQ-8204,08-12-11,ARV,107-RW-T30,05-Dec-11,Air,Pediatric,30,0.07,SCMS from RDC,N/A - From RDC,46
80616,ASN-10406,Aluvia,CÃte dIvoire,30-Jun-11,30-Jun-11,200/50mg,Tablet,Yes,17068.85,Direct Drop,"Lopinavir/Ritonavir 200/50mg [Aluvia], tablets, 120 Tabs",529.19,9517,320722.9,PMO - US,ABBVIE Ludwigshafen Germany,Lopinavir/Ritonavir,33.7,3/24/11,SCMS-100980,FPQ-6897,01-05-11,ARV,104-CI-T30,30-Jun-11,Air,Adult,120,0.28,ABBVIE LOGISTICS (FORMERLY ABBOTT LOGISTICS BV),FCA,2368
69202,ASN-29481,DoubleCheck,"Congo, DRC",19-May-15,26-May-15,MIssing,Test kit,Yes,Invoiced Separately,Direct Drop,"HIV 1/2, DoubleCheck Gold Kit, 20 Tests",20.27,540,19720.8,PMO - US,"Alere Medical Co., Ltd.","HIV 1/2, DoubleCheck Gold Kit",36.52,8/27/14,SCMS-253310,FPQ-14722,08-11-14,HRDT,101-CD-T30,19-May-15,Air,HIV test,20,1.83,"Orgenics, Ltd",EXW,Weight Captured Separately
11102,DN-53,Generic,CÃte dIvoire,04-May-07,04-May-07,600mg,Tablet,Yes,3006,From RDC,"Efavirenz 600mg, tablets, 30 Tabs",MIssing,10000,162500.0,PMO - US,"Aurobindo Unit III, India",Efavirenz,16.25,N/A - From RDC,SO-392,Pre-PQ Process,Pre-PQ Process,ARV,100-CI-T01,04-May-07,MIssing,Adult,30,0.54,SCMS from RDC,N/A - From RDC,901
45292,ASN-26068,Generic,Haiti,23-Jun-14,01-Jul-14,60/30mg,Tablet - FDC,Yes,1694.3,Direct Drop,"Abacavir/Lamivudine 60/30mg, tablets, 60 Tabs",14.78,3024,11944.8,PMO - US,Mylan (formerly Matrix) Nashik,Abacavir/Lamivudine,3.95,10/25/13,SCMS-210520,FPQ-12590,8/21/13,ARV,106-HT-T30,23-Jun-14,Air,Pediatric,60,0.07,MYLAN LABORATORIES LTD (FORMERLY MATRIX LABORATORIES),EXW,140
27563,ASN-9193,Generic,South Africa,29-Dec-10,29-Dec-10,300mg,Tablet,Yes,5112.92,Direct Drop,"Tenofovir Disoproxil Fumarate 300mg, tablets, 30 Tabs",406.18,28330,188394.5,PMO - US,"Aurobindo Unit III, India",Tenofovir Disoproxil Fumarate,6.65,9/24/10,SCMS-83730,FPQ-6262,8/31/10,ARV,161-ZA-T30,29-Dec-10,Ocean,Adult,30,0.22,Aurobindo Pharma Limited,DDP,2645
85703,DN-2001,Generic,CÃte dIvoire,06-Sep-10,06-Sep-10,150/300mg,Tablet - FDC,Yes,8815.65,From RDC,"Lamivudine/Zidovudine 150/300mg, tablets, 60 Tabs",751.21,40752,348429.6,PMO - US,Hetero Unit III Hyderabad IN,Lamivudine/Zidovudine,8.55,N/A - From RDC,SO-36900,FPQ-5623,05-07-10,ARV,104-CI-T30,21-Sep-10,Air,Adult,60,0.14,SCMS from RDC,N/A - From RDC,3506
84368,DN-3708,Generic,CÃte dIvoire,03-Jun-14,11-Jun-14,10mg/ml,Oral solution,Yes,32022.51,From RDC,"Zidovudine 10mg/ml, oral solution w/syringe, Bottle, 240 ml",14.55,6738,14149.8,PMO - US,"Aurobindo Unit III, India",Zidovudine,2.1,N/A - From RDC,SO-47155,FPQ-13142,10/22/13,ARV,104-CI-T30,04-Jun-14,Truck,Pediatric,240,0.01,SCMS from RDC,N/A - From RDC,2720
31709,ASN-20868,Norvir,CÃte dIvoire,01-Aug-13,01-Aug-13,100mg,Tablet,Yes,1575.13,Direct Drop,"Ritonavir 100mg [Norvir], film coated tablets, 60 Tabs",6.44,760,5206.0,PMO - US,ABBVIE Ludwigshafen Germany,Ritonavir,6.85,06-12-13,SCMS-191940,FPQ-12150,4/29/13,ARV,104-CI-T30,01-Aug-13,Air,Adult,60,0.11,ABBVIE LOGISTICS (FORMERLY ABBOTT LOGISTICS BV),FCA,97
38293,ASN-24415,Generic,South Africa,06-Feb-14,06-Feb-14,10mg/ml,Oral solution,No,Freight Included in Commodity Cost,Direct Drop,"Lamivudine 10mg/ml, oral solution w/syringe, Bottle, 240 ml",0.65,78,522.23,PMO - US,"Aurobindo Unit III, India",Lamivudine,6.7,12-02-13,SCMS-215370,FPQ-13035,10-08-13,ARV,116-ZA-T30,06-Feb-14,Truck,Pediatric,240,0.03,S. BUYS WHOLESALER,DDP,Weight Captured Separately
12336,DN-70,Uni-Gold,Rwanda,10-Apr-07,10-Apr-07,MIssing,Test kit,No,See DN-70 (ID#:11095),From RDC,"HIV 1/2, Uni-Gold HIV Kit, 20 Tests",MIssing,500,16000.0,PMO - US,"Trinity Biotech, Plc","HIV 1/2, Uni-Gold HIV Kit",32.0,N/A - From RDC,SO-239,Pre-PQ Process,Pre-PQ Process,HRDT,107-RW-T01,10-Apr-07,Air,HIV test,20,1.6,SCMS from RDC,N/A - From RDC,See DN-70 (ID#:11095)
11331,DN-1277,Generic,Nigeria,16-Jun-09,16-Jun-09,300/300mg,Tablet - FDC,Yes,7329.83,From RDC,"Lamivudine/Tenofovir Disoproxil Fumarate 300/300mg, tablets, 30 Tabs",247.94,11000,126500.0,PMO - US,Mylan (formerly Matrix) Nashik,Lamivudine/Tenofovir Disoproxil Fumarate,11.5,N/A - From RDC,SO-26270,Pre-PQ Process,Pre-PQ Process,ARV,126-NG-T01,16-Jun-09,Air Charter,Adult,30,0.38,SCMS from RDC,N/A - From RDC,966
11012,DN-944,Generic,Haiti,04-Nov-08,04-Nov-08,15mg,Capsule,Yes,121330.06,From RDC,"Stavudine 15mg, capsules, 60 Caps",2.94,1000,1500.0,PMO - US,"Aurobindo Unit III, India",Stavudine,1.5,N/A - From RDC,SO-15930,Pre-PQ Process,Pre-PQ Process,ARV,106-HT-T01,04-Nov-08,Air,Adult,60,0.02,SCMS from RDC,N/A - From RDC,10435
58556,ASN-9938,Generic,South Africa,26-Apr-11,26-Apr-11,600mg,Tablet,Yes,11203.81,Direct Drop,"Efavirenz 600mg, tablets, 30 Tabs",692.87,70942,321367.26,PMO - US,"Aurobindo Unit III, India",Efavirenz,4.53,9/24/10,SCMS-83730,FPQ-6262,8/31/10,ARV,161-ZA-T30,26-Apr-11,Ocean,Adult,30,0.15,Aurobindo Pharma Limited,DDP,6090
59566,ASN-33852,Generic,South Africa,24-Aug-15,24-Aug-15,50mg,Capsule,No,Freight Included in Commodity Cost,Direct Drop,"Efavirenz 50mg, capsule, 30 Caps",0.02,9,21.81,PMO - US,"Aurobindo Unit III, India",Efavirenz,2.42,10-09-14,SCMS-259079,FPQ-14942,09-11-14,ARV,116-ZA-T30,24-Aug-15,Truck,Pediatric,30,0.08,PHARMACY DIRECT,DDP,Weight Captured Separately
85269,DN-2698,Generic,CÃte dIvoire,15-Jun-12,15-Jun-12,300/150/300mg,Tablet - FDC,Yes,2330.22,From RDC,"Abacavir/Lamivudine/Zidovudine 300/150/300mg, tablets, 60 Tabs",131.9,3136,94080.0,PMO - US,Mylan (formerly Matrix) Nashik,Abacavir/Lamivudine/Zidovudine,30.0,N/A - From RDC,SO-41471,FPQ-9261,1/30/12,ARV,104-CI-T30,20-Jun-12,Air Charter,Adult,60,0.5,SCMS from RDC,N/A - From RDC,478
12133,DN-491,Clearview,Namibia,30-Nov-07,30-Nov-07,MIssing,Test kit,Yes,1100.4,From RDC,"HIV 1/2, Clearview Complete Kit, 25 Tests",24,200,15000.0,PMO - US,Inverness USA,"HIV 1/2, Clearview Complete Kit",75.0,N/A - From RDC,SO-1452,Pre-PQ Process,Pre-PQ Process,HRDT,119-NA-T01,30-Nov-07,Air,HIV test,25,3.0,SCMS from RDC,N/A - From RDC,122
85370,DN-3199,Generic,Nigeria,29-May-13,29-May-13,600mg,Tablet,No,See DN-3199 (ID#:84270),From RDC,"Efavirenz 600mg, tablets, 30 Tabs",247.15,60000,199800.0,PMO - US,"Hetero, Jadcherla, unit 5, IN",Efavirenz,3.33,N/A - From RDC,SO-43850,FPQ-11022,11/15/12,ARV,151-NG-T30,04-Jun-13,Air Charter,Adult,30,0.11,SCMS from RDC,N/A - From RDC,See DN-3199 (ID#:84270)
71594,ASN-26738,Uni-Gold,"Congo, DRC",05-Sep-14,16-Sep-14,MIssing,Test kit,No,See ASN-26738 (ID#:15115),Direct Drop,"HIV 1/2, Uni-Gold HIV Kit, 20 Tests",0.89,27,864.0,PMO - US,"Trinity Biotech, Plc","HIV 1/2, Uni-Gold HIV Kit",32.0,5/20/14,SCMS-239410,FPQ-14100,4/23/14,HRDT,101-CD-T30,05-Sep-14,Air,HIV test,20,1.6,"Trinity Biotech, Plc",EXW,See ASN-26738 (ID#:15115)
86093,DN-3745,Aluvia,Mozambique,18-Jul-14,07-Aug-14,200/50mg,Tablet,Yes,2259.81,From RDC,"Lopinavir/Ritonavir 200/50mg [Aluvia], tablets, 120 Tabs",368.38,18960,358344.0,PMO - US,ABBVIE Ludwigshafen Germany,Lopinavir/Ritonavir,18.9,N/A - From RDC,SO-47070,FPQ-13124,10/21/13,ARV,111-MZ-T30,31-Jul-14,Truck,Adult,120,0.16,SCMS from RDC,N/A - From RDC,4227
83429,DN-1837,Generic,Haiti,01-Jun-10,01-Jun-10,150/300mg,Tablet - FDC,Yes,1005.2,From RDC,"Lamivudine/Zidovudine 150/300mg, tablets, 60 Tabs",656.67,34769,304576.44,PMO - US,Hetero Unit III Hyderabad IN,Lamivudine/Zidovudine,8.76,N/A - From RDC,SO-34660,FPQ-4384,10/23/09,ARV,106-HT-T30,31-May-10,Air,Adult,60,0.15,SCMS from RDC,N/A - From RDC,4176
26829,ASN-8702,Generic,South Africa,29-Nov-10,29-Nov-10,300mg,Tablet,Yes,3646.13,Direct Drop,"Tenofovir Disoproxil Fumarate 300mg, tablets, 30 Tabs",753.93,44717,349686.94,PMO - US,"Cipla, Goa, India",Tenofovir Disoproxil Fumarate,7.82,3/19/10,SCMS-68750,FPQ-5303,3/18/10,ARV,161-ZA-T30,13-Oct-10,Air,Adult,30,0.26,CIPLA LIMITED,DDP,3071
53226,ASN-10902,Bioline,Tanzania,27-Jun-11,27-Jun-11,MIssing,Test kit,Yes,23489.63,Direct Drop,"HIV 1/2, Bioline 3.0 Kit, Lancets, Capillary pipets, Alcohol swabs included, 25 Tests",330,10000,200000.0,PMO - US,"Standard Diagnostics, Korea","HIV 1/2, Bioline 3.0 Kit, Lancets, Capillary pipets, Alcohol swabs included",20.0,05-02-11,SCMS-100633,FPQ-6936,12/27/10,HRDT,109-TZ-T30,27-Jun-11,Air,HIV test,25,0.8,"Standard Diagnostics, Inc.",EXW,3334
79141,ASN-13144,Uni-Gold,Kenya,03-Feb-12,03-Feb-12,MIssing,Test kit,Yes,2061.8,Direct Drop,"HIV 1/2, Uni-Gold HIV Kit, 20 Tests",27.24,516,16512.0,PMO - US,"Trinity Biotech, Plc","HIV 1/2, Uni-Gold HIV Kit",32.0,10/13/11,SCMS-124890,FPQ-8446,10-05-11,HRDT,102-KE-T30,03-Feb-12,Air,HIV test,20,1.6,"Trinity Biotech, Plc",EXW,174
45609,ASN-31132,Determine,Zimbabwe,14-May-15,14-May-15,MIssing,Test kit - Ancillary,No,See ASN-31132 (ID#:36641),Direct Drop,"Chase Buffer, Determine, 100 Tests, 2.5ml x 1 Vial",29.42,5000,25000.0,PMO - US,"Alere Medical Co., Ltd.","Chase Buffer, Determine, 100 Tests, 2.5ml x 1 Vial",5.0,1/26/15,SCMS-266490,FPQ-15380,11/17/14,HRDT,113-ZW-T30,14-May-15,Air,HIV test - Ancillary,1,5.0,"Orgenics, Ltd",EXW,See ASN-31132 (ID#:36641)
68401,ASN-5947,Crixivan,Uganda,18-Feb-10,18-Feb-10,400mg,Capsule,Yes,395,Direct Drop,"Indinavir 400mg [Crixivan], capsules, 180 Caps",14.99,153,7650.0,PMO - US,"MSD, Haarlem, NL",Indinavir,50.0,11/25/09,SCMS-58120,FPQ-4320,11/16/09,ARV,114-UG-T30,18-Feb-10,Air,Adult,180,0.28,MERCK SHARP & DOHME IDEA GMBH (FORMALLY MERCK SHARP & DOHME B.V.),CIP,34
11710,DN-94,Generic,Nigeria,17-Apr-07,17-Apr-07,150/300+200mg,Tablet - FDC + co-blister,Yes,2208,From RDC,"Lamivudine/Zidovudine+Nevirapine 150/300+200mg, tablets, co-blister, 60+60 Tabs",MIssing,2703,55411.5,PMO - US,"Aspen-OSD, Port Elizabeth, SA",Lamivudine/Zidovudine+Nevirapine,20.5,N/A - From RDC,SO-342,Pre-PQ Process,Pre-PQ Process,ARV,112-NG-T01,17-Apr-07,MIssing,Adult,120,0.17,SCMS from RDC,N/A - From RDC,401
86808,DN-4259,Generic,Uganda,04-Jun-15,15-Jun-15,30/50/60mg,Chewable/dispersible tablet - FDC,Yes,3785.72,From RDC,"Lamivudine/Nevirapine/Zidovudine 30/50/60mg, dispersible tablets, 60 Tabs",76.27,18000,64800.0,PMO - US,Mylan (formerly Matrix) Nashik,Lamivudine/Nevirapine/Zidovudine,3.6,N/A - From RDC,SO-50070,FPQ-15294,11-03-14,ARV,114-UG-T30,30-Jun-15,Truck,Pediatric,60,0.06,SCMS from RDC,N/A - From RDC,2253
39495,ASN-10837,Invirase,CÃte dIvoire,10-Jun-11,10-Jun-11,500mg,Tablet,Yes,4204.67,Direct Drop,"Saquinavir 500mg [Invirase], tablets, 120 Tabs",254.82,1464,154437.73,PMO - US,Roche Madrid,Saquinavir,105.49,1/28/11,SCMS-98300,FPQ-6975,01-04-11,ARV,104-CI-T30,10-Jun-11,Air,Adult,120,0.88,Hoffmann-La Roche ltd Basel,FCA,255
12893,DN-1291,Generic,Nigeria,16-Jun-09,16-Jun-09,150/300/200mg,Tablet - FDC,Yes,7329.83,From RDC,"Lamivudine/Nevirapine/Zidovudine 150/200/300mg, tablets, 60 Tabs",71.28,3190,36366.0,PMO - US,"Aurobindo Unit III, India",Lamivudine/Nevirapine/Zidovudine,11.4,N/A - From RDC,SO-30024,Pre-PQ Process,Pre-PQ Process,ARV,151-NG-T01,16-Jun-09,Air Charter,Adult,60,0.19,SCMS from RDC,N/A - From RDC,361
86450,DN-2515,Generic,Zambia,17-Feb-12,17-Feb-12,10mg/ml,Oral suspension,Yes,11292.05,From RDC,"Nevirapine 10mg/ml, oral suspension w/syringe, Bottle, 240 ml",129.11,40126,78245.7,PMO - US,"Aurobindo Unit III, India",Nevirapine,1.95,N/A - From RDC,SO-40240,FPQ-7667,7/26/11,ARV,110-ZM-T30,29-Feb-12,Truck,Pediatric,240,0.01,SCMS from RDC,N/A - From RDC,12360
84572,DN-1878,Generic,CÃte dIvoire,05-Jul-10,05-Jul-10,150mg,Tablet,Yes,5121.68,From RDC,"Lamivudine 150mg, tablets, 60 Tabs",57.76,10980,26791.2,PMO - US,"Aurobindo Unit III, India",Lamivudine,2.44,N/A - From RDC,SO-36350,FPQ-5201,03-03-10,ARV,104-CI-T30,09-Jul-10,Air,Adult,60,0.04,SCMS from RDC,N/A - From RDC,698
71965,ASN-12245,Determine,Zimbabwe,18-Oct-11,18-Oct-11,MIssing,Test kit,Yes,13312.88,Direct Drop,"HIV 1/2, Determine Complete HIV Kit, 100 Tests",151.14,1145,91600.0,PMO - US,Inverness Japan,"HIV 1/2, Determine Complete HIV Kit",80.0,05-05-11,SCMS-108000,FPQ-7521,04-07-11,HRDT,113-ZW-T30,19-Oct-11,Air,HIV test,100,0.8,"Orgenics, Ltd",EXW,647
11921,DN-909,Generic,Nigeria,22-Sep-08,22-Sep-08,150/300mg,Tablet - FDC,No,See DN-909 (ID#:10727),From RDC,"Lamivudine/Zidovudine 150/300mg, tablets, 60 Tabs",34.99,2339,21869.65,PMO - US,Mylan (formerly Matrix) Nashik,Lamivudine/Zidovudine,9.35,N/A - From RDC,SO-10580,Pre-PQ Process,Pre-PQ Process,ARV,130-NG-T01,22-Sep-08,Air,Adult,60,0.16,SCMS from RDC,N/A - From RDC,See DN-909 (ID#:10727)
22964,ASN-28036,Generic,South Africa,29-Aug-14,29-Aug-14,150/300mg,Tablet - FDC,No,Freight Included in Commodity Cost,Direct Drop,"Lamivudine/Zidovudine 150/300mg, tablets, 60 Tabs",11.83,292,9562.36,PMO - US,Hetero Unit III Hyderabad IN,Lamivudine/Zidovudine,32.75,8/29/14,SCMS-199289,FPQ-12522,07-11-13,ARV,116-ZA-T30,29-Aug-14,Truck,Adult,60,0.55,S. BUYS WHOLESALER,DDP,Weight Captured Separately
79471,ASN-24415,Aluvia,South Africa,06-Feb-14,06-Feb-14,200/50mg,Tablet,No,Freight Included in Commodity Cost,Direct Drop,"Lopinavir/Ritonavir 200/50mg [Aluvia], tablets, 120 Tabs",9.84,344,7955.07,PMO - US,ABBVIE Ludwigshafen Germany,Lopinavir/Ritonavir,23.13,12-02-13,SCMS-215370,FPQ-13035,10-08-13,ARV,116-ZA-T30,06-Feb-14,Truck,Adult,120,0.19,S. BUYS WHOLESALER,DDP,Weight Captured Separately
83781,DN-3626,Generic,Guyana,14-Apr-14,06-Jun-14,300mg,Tablet,Yes,5380.36,From RDC,"Zidovudine 300mg, tablets, 60 Tabs",6.51,1135,6333.3,PMO - US,"Aurobindo Unit III, India",Zidovudine,5.58,N/A - From RDC,SO-47730,FPQ-13567,1/16/14,ARV,105-GY-T30,30-Jun-14,Air,Adult,60,0.09,SCMS from RDC,N/A - From RDC,282
27238,ASN-13278,Uni-Gold,Sudan,07-Feb-12,07-Feb-12,MIssing,Test kit,Yes,569.11,Direct Drop,"HIV 1/2, Uni-Gold HIV Kit, 20 Tests",2.8,53,1696.0,PMO - US,"Trinity Biotech, Plc","HIV 1/2, Uni-Gold HIV Kit",32.0,09-07-11,SCMS-120470,FPQ-8261,8/29/11,HRDT,102-SD-T30,07-Feb-12,Air,HIV test,20,1.6,"Trinity Biotech, Plc",EXW,18
55504,ASN-15835,Uni-Gold,Ethiopia,29-Aug-12,29-Aug-12,MIssing,Test kit,Yes,490.23,Direct Drop,"HIV 1/2, Uni-Gold HIV Kit, 20 Tests",1.21,27,864.0,PMO - US,"Trinity Biotech, Plc","HIV 1/2, Uni-Gold HIV Kit",32.0,1/23/12,SCMS-133350,FPQ-9096,01-05-12,HRDT,117-ET-T30,29-Aug-12,Air,HIV test,20,1.6,"Trinity Biotech, Plc",EXW,10
35790,ASN-21766,Generic,Uganda,03-Oct-13,05-Oct-13,150/300/200mg,Tablet - FDC,Yes,56180.34,Direct Drop,"Lamivudine/Nevirapine/Zidovudine 150/200/300mg, tablets, 60 Tabs",1152.23,114996,931467.6,PMO - US,"Cipla, Goa, India",Lamivudine/Nevirapine/Zidovudine,8.1,7/31/13,SCMS-198540,FPQ-12477,07-08-13,ARV,114-UG-T30,03-Oct-13,Air,Adult,60,0.13,CIPLA LIMITED,EXW,15435
86412,DN-2361,Generic,Guyana,28-Sep-11,28-Sep-11,50mg,Capsule,No,See DN-2361 (ID#:84673),From RDC,"Efavirenz 50mg, capsule, 30 Caps",0.23,61,136.64,PMO - US,"Aurobindo Unit III, India",Efavirenz,2.24,N/A - From RDC,SO-40450,FPQ-8024,8/19/11,ARV,105-GY-T30,15-Dec-11,Air,Pediatric,30,0.07,SCMS from RDC,N/A - From RDC,See DN-2361 (ID#:84673)
18629,ASN-14321,Generic,Vietnam,16-Apr-12,16-Apr-12,600/300/300mg,Tablet - FDC,Yes,3306.51,Direct Drop,"Efavirenz/Lamivudine/Tenofovir Disoproxil Fumarate 600/300/300mg, tablets, 30 Tabs",152.36,6549,92340.9,PMO - US,Mylan (formerly Matrix) Nashik,Efavirenz/Lamivudine/Tenofovir Disoproxil Fumarate,14.1,10-03-11,SCMS-123540,FPQ-8428,9/21/11,ARV,108-VN-T30,16-Apr-12,Air,Adult,30,0.47,MYLAN LABORATORIES LTD (FORMERLY MATRIX LABORATORIES),EXW,1208
86068,DN-3615,Generic,Zambia,19-May-14,04-Jun-14,300mg,Tablet,Yes,1876.35,From RDC,"Abacavir 300mg, tablets, 60 Tabs",179.7,11209,145268.64,PMO - US,Mylan (formerly Matrix) Nashik,Abacavir,12.96,N/A - From RDC,SO-45920,FPQ-12497,6/20/13,ARV,100-ZM-T30,19-May-14,Air,Adult,60,0.22,SCMS from RDC,N/A - From RDC,1143
83982,DN-1667,Generic,Haiti,03-Mar-10,03-Mar-10,15mg,Capsule,No,See DN-1667 (ID#:82861),From RDC,"Stavudine 15mg, capsules, 60 Caps",0.27,84,126.0,PMO - US,"Aurobindo Unit III, India",Stavudine,1.5,N/A - From RDC,SO-35920,FPQ-4384,10/23/09,ARV,106-HT-T30,10-Mar-10,Air,Adult,60,0.02,SCMS from RDC,N/A - From RDC,See DN-1667 (ID#:82861)
12123,DN-424,Generic,Zimbabwe,16-Nov-07,16-Nov-07,150/30mg,Tablet - FDC,No,See DN-424 (ID#:10905),From RDC,"Lamivudine/Stavudine 150/30mg, tablets, 30 Tabs",3.4,1062,2124.0,PMO - US,"Cipla, Goa, India",Lamivudine/Stavudine,2.0,N/A - From RDC,SO-1207,Pre-PQ Process,Pre-PQ Process,ARV,100-ZW-T01,16-Nov-07,Air,Adult,30,0.07,SCMS from RDC,N/A - From RDC,See DN-424 (ID#:10905)
10653,DN-600,Generic,Mozambique,18-Apr-08,18-Apr-08,10mg/ml,Oral solution,Yes,3894.6,From RDC,"Lamivudine 10mg/ml, oral solution, Bottle, 240 ml",10.71,2744,6695.36,PMO - US,"Aurobindo Unit III, India",Lamivudine,2.44,N/A - From RDC,SO-579,Pre-PQ Process,Pre-PQ Process,ARV,111-MZ-T01,18-Apr-08,Air,Pediatric,240,0.01,SCMS from RDC,N/A - From RDC,998
40963,ASN-29934,Determine,Nigeria,16-Jan-15,22-Jan-15,MIssing,Test kit,Yes,30648.28,Direct Drop,"HIV 1/2, Determine Complete HIV Kit, 100 Tests",564.51,6170,549130.0,PMO - US,"Alere Medical Co., Ltd.","HIV 1/2, Determine Complete HIV Kit",89.0,10/29/14,SCMS-260700,FPQ-14995,9/22/14,HRDT,133-NG-T30,19-Jan-15,Air,HIV test,100,0.89,"Orgenics, Ltd",EXW,2498
84999,DN-4027,Generic,CÃte dIvoire,19-Dec-14,23-Dec-14,150/300mg,Tablet - FDC,Yes,42947.44,From RDC,"Lamivudine/Zidovudine 150/300mg, tablets, 60 Tabs",877.53,126840,853633.2,PMO - US,Hetero Unit III Hyderabad IN,Lamivudine/Zidovudine,6.73,N/A - From RDC,SO-47890,FPQ-13628,1/29/14,ARV,104-CI-T30,30-Jan-15,Truck,Adult,60,0.11,SCMS from RDC,N/A - From RDC,11283
26265,ASN-31188,Kaletra,Zimbabwe,07-May-15,07-May-15,80/20mg/ml,Oral solution,Yes,20480.64,Direct Drop,"Lopinavir/Ritonavir 80/20mg/ml [Kaletra], oral solution, cool, Bottle 5 x 60 ml",95.26,2626,80933.32,PMO - US,ABBVIE (Abbott) Logis. UK,Lopinavir/Ritonavir,30.82,10/30/14,SCMS-261590,FPQ-15220,10/27/14,ARV,103-ZW-T30,07-May-15,Air,Pediatric,300,0.1,ABBVIE LOGISTICS (FORMERLY ABBOTT LOGISTICS BV),FCA,2584
33359,ASN-29067,Intelence,Uganda,01-Nov-14,02-Nov-14,100mg,Tablet,Yes,297.25,Direct Drop,"Etravirine 100mg [Intelence], tablets, 120 Tabs",18.54,501,18036.0,PMO - US,"Janssen-Cilag, Latina, IT",Etravirine,36.0,8/25/14,SCMS-250220,FPQ-14325,5/26/14,ARV,114-UG-T30,01-Nov-14,Air,Adult,120,0.3,JANSSEN SCIENCES IRELAND UC (FORMERLY JANSSEN R&D IRELAND),CIP,151
12556,DN-1120,Generic,CÃte dIvoire,26-May-09,26-May-09,600mg,Tablet,Yes,11180.32,From RDC,"Efavirenz 600mg, tablets, 30 Tabs",757.49,36391,386472.42,PMO - US,"Aurobindo Unit III, India",Efavirenz,10.62,N/A - From RDC,SO-21840,Pre-PQ Process,Pre-PQ Process,ARV,104-CI-T01,26-May-09,Air,Adult,30,0.35,SCMS from RDC,N/A - From RDC,4156
77420,ASN-18723,Stat-Pak,Burundi,03-Apr-13,03-Apr-13,MIssing,Test kit,Yes,758.65,Direct Drop,"HIV 1/2, Stat-Pak Dipstick Assay Kit, 30 Tests",17.55,514,14186.4,PMO - US,Chembio Diagnostics Sys. Inc.,"HIV 1/2, Stat-Pak Dipstick Assay Kit",27.6,2/14/13,SCMS-176890,FPQ-11512,1/29/13,HRDT,102-BI-T30,03-Apr-13,Air,HIV test,30,0.92,"CHEMBIO DIAGNOSTIC SYSTEMS, INC.",EXW,55
83502,DN-2203,Generic,Zimbabwe,13-Jun-11,13-Jun-11,200mg,Capsule,No,See DN-2203 (ID#:82949),From RDC,"Efavirenz 200mg, capsule, 90 Caps",24.12,1152,11185.92,PMO - US,"Aurobindo Unit III, India",Efavirenz,9.71,N/A - From RDC,SO-37880,FPQ-6483,10/13/10,ARV,200-ZW-T30,31-May-11,Truck,Pediatric,90,0.11,SCMS from RDC,N/A - From RDC,See DN-2203 (ID#:82949)
11007,DN-1100,Generic,Haiti,03-Mar-09,03-Mar-09,10mg/ml,Oral suspension,No,See DN-1100 (ID#:11005),From RDC,"Nevirapine 10mg/ml, oral suspension, Bottle, 240 ml",19.63,5216,10014.72,PMO - US,"Aurobindo Unit III, India",Nevirapine,1.92,N/A - From RDC,SO-23750,Pre-PQ Process,Pre-PQ Process,ARV,106-HT-T01,03-Mar-09,Air,Pediatric,240,0.01,SCMS from RDC,N/A - From RDC,See DN-1100 (ID#:11005)
75352,ASN-22180,Generic,Cameroon,14-Nov-13,14-Nov-13,300/300mg,Tablet - FDC,Yes,28778.76,Direct Drop,"Lamivudine/Tenofovir Disoproxil Fumarate 300/300mg, tablets, 30 Tabs",239.24,39960,193406.4,PMO - US,Ranbaxy per Shasun Pharma Ltd,Lamivudine/Tenofovir Disoproxil Fumarate,4.84,9/25/13,SCMS-204370,FPQ-12837,8/19/13,ARV,901-CM-T30,14-Nov-13,Air,Adult,30,0.16,SUN PHARMACEUTICAL INDUSTRIES LTD (RANBAXY LABORATORIES LIMITED),EXW,4123
5596,ASN-1380,Determine,Benin,04-Mar-08,04-Mar-08,MIssing,Test kit,Yes,6687.51,Direct Drop,"HIV 1/2, Determine HIV Kit, without Lancets, 100 Tests",165.4,1436,103377.64,PMO - US,Inverness Japan,"HIV 1/2, Determine HIV Kit, without Lancets",71.99,02-06-08,SCMS-17280,Pre-PQ Process,Pre-PQ Process,HRDT,128-BJ-T01,10-Mar-08,Air,HIV test,100,0.72,"Orgenics, Ltd",EXW,327
14694,ASN-8019,Videx,CÃte dIvoire,08-Sep-10,08-Sep-10,50mg,Chewable/dispersible tablet,Yes,1742.12,Direct Drop,"Didanosine 50mg [Videx], chewable tablets, 60 Tabs",122.89,6000,57000.0,PMO - US,"BMS Meymac, France",Didanosine,9.5,08-02-10,SCMS-80900,FPQ-6024,7/19/10,ARV,104-CI-T30,08-Sep-10,Air,Pediatric,60,0.16,BRISTOL-MYERS SQUIBB,CIP,1278
85760,DN-2206,Generic,Mozambique,13-Jul-11,13-Jul-11,150mg,Tablet,Yes,1148.65,From RDC,"Lamivudine 150mg, tablets, 60 Tabs",8.72,2268,5284.44,PMO - US,"Aurobindo Unit III, India",Lamivudine,2.33,N/A - From RDC,SO-39530,FPQ-7053,1/24/11,ARV,111-MZ-T30,30-Jun-11,Truck,Adult,60,0.04,SCMS from RDC,N/A - From RDC,109
64864,ASN-31720,Stat-Pak,Ethiopia,27-Apr-15,27-Apr-15,MIssing,Test kit,Yes,1414.69,Direct Drop,"HIV 1/2, Stat-Pak HIV, Kit, 20 Tests",13.77,360,11700.0,PMO - US,Chembio Diagnostics Sys. Inc.,"HIV 1/2, Stat-Pak HIV, Kit",32.5,3/17/15,SCMS-280480,FPQ-15928,03-10-15,HRDT,117-ET-T30,27-Apr-15,Air,HIV test,20,1.62,"CHEMBIO DIAGNOSTIC SYSTEMS, INC.",EXW,112
33116,ASN-15554,Generic,Rwanda,04-Aug-12,04-Aug-12,300/300mg,Tablet - FDC,Yes,98763.02,Direct Drop,"Lamivudine/Tenofovir Disoproxil Fumarate 300/300mg, tablets, 30 Tabs",411.05,61209,293191.11,PMO - US,Hetero Unit III Hyderabad IN,Lamivudine/Tenofovir Disoproxil Fumarate,4.79,06-12-12,SCMS-149431,FPQ-10092,06-04-12,ARV,107-RW-T30,04-Aug-12,Air,Adult,30,0.16,HETERO LABS LIMITED,EXW,9117
1347,ASN-622,Determine,Nigeria,07-Sep-07,07-Sep-07,MIssing,Test kit,Yes,5858.57,Direct Drop,"HIV 1/2, Determine Complete HIV Kit, 100 Tests",448,3500,280000.0,PMO - US,ABBVIE GmbH & Co.KG Wiesbaden,"HIV 1/2, Determine Complete HIV Kit",80.0,Date Not Captured,SCMS-695,Pre-PQ Process,Pre-PQ Process,HRDT,102-NG-T01,07-Sep-07,Air,HIV test,100,0.8,Abbott GmbH & Co. KG,EXW,1194
36443,ASN-26559,Generic,Haiti,18-Jul-14,31-Jul-14,50mg,Chewable/dispersible tablet,No,See ASN-26559 (ID#:15240),Direct Drop,"Nevirapine 50mg, dispersible tablets (tablets for oral suspension), 30 Tabs",3.13,2438,3047.5,PMO - US,"Aurobindo Unit III, India",Nevirapine,1.25,06-02-14,SCMS-240220,FPQ-14083,05-11-14,ARV,106-HT-T30,18-Jul-14,Air,Pediatric,30,0.04,Aurobindo Pharma Limited,EXW,See ASN-26559 (ID#:15240)
86531,DN-2939,Generic,Mozambique,11-Jan-13,11-Jan-13,600mg,Tablet,No,See DN-2939 (ID#:82528),From RDC,"Efavirenz 600mg, tablets, 30 Tabs",10.3,1928,7345.68,PMO - US,Mylan (formerly Matrix) Nashik,Efavirenz,3.81,N/A - From RDC,SO-42830,FPQ-10210,6/28/12,ARV,111-MZ-T30,11-Jan-13,Truck,Adult,30,0.13,SCMS from RDC,N/A - From RDC,See DN-2939 (ID#:82528)
25319,ASN-7345,Zerit,South Africa,04-Jun-10,04-Jun-10,20mg,Capsule,Yes,Freight Included in Commodity Cost,Direct Drop,"Stavudine 20mg [Zerit], capsules, 60 Caps",1.96,150,910.31,PMO - US,"BMS Meymac, France",Stavudine,6.07,3/25/10,SCMS-69591,FPQ-5381,3/23/10,ARV,116-ZA-T30,04-Jun-10,Truck,Adult,60,0.1,S. BUYS WHOLESALER,DDP,Weight Captured Separately
56898,ASN-13274,Determine,Sudan,03-Feb-12,03-Feb-12,MIssing,Test kit,Yes,1961.65,Direct Drop,"HIV 1/2, Determine Complete HIV Kit, 100 Tests",17.03,116,10324.0,PMO - US,"Alere Medical Co., Ltd.","HIV 1/2, Determine Complete HIV Kit",89.0,9/14/11,SCMS-120451,FPQ-8261,8/29/11,HRDT,102-SD-T30,03-Feb-12,Air,HIV test,100,0.89,"Orgenics, Ltd",EXW,45
83510,DN-2265,Generic,Tanzania,18-Jul-11,18-Jul-11,200/300mg,Tablet - FDC,Yes,26538.46,From RDC,"Emtricitabine/Tenofovir Disoproxil Fumarate 200/300mg, tablets, 30 Tabs",1350.17,77636,818283.44,PMO - US,Mylan (formerly Matrix) Nashik,Emtricitabine/Tenofovir Disoproxil Fumarate,10.54,N/A - From RDC,SO-39760,FPQ-7675,5/18/11,ARV,109-TZ-T30,31-Aug-11,Air,Adult,30,0.35,SCMS from RDC,N/A - From RDC,6986
11623,DN-1133,Truvada,Nigeria,24-Mar-09,24-Mar-09,300/200mg,Tablet - FDC,Yes,6443.61,From RDC,"Emtricitabine/Tenofovir Disoproxil Fumarate 200/300mg [Truvada], tablets, 30 Tabs",16.77,326,8557.5,PMO - US,"Aspen-OSD, Port Elizabeth, SA",Emtricitabine/Tenofovir Disoproxil Fumarate,26.25,N/A - From RDC,SO-21785,Pre-PQ Process,Pre-PQ Process,ARV,151-NG-T01,24-Mar-09,Air,Adult,30,0.88,SCMS from RDC,N/A - From RDC,35
10878,DN-332,Generic,Ethiopia,04-Sep-07,04-Sep-07,10mg/ml,Oral solution,No,See DN-332 (ID#:10613),From RDC,"Zidovudine 10mg/ml, oral solution, Bottle, 240 ml",47.64,13850,29777.5,PMO - US,"Aurobindo Unit III, India",Zidovudine,2.15,N/A - From RDC,SO-914,Pre-PQ Process,Pre-PQ Process,ARV,117-ET-T01,04-Sep-07,MIssing,Pediatric,240,0.01,SCMS from RDC,N/A - From RDC,See DN-332 (ID#:10613)
71150,ASN-25839,Generic,Tanzania,24-Jun-14,24-Jun-14,100/25mg,Tablet,Yes,2215.81,Direct Drop,"Lopinavir/Ritonavir 100/25mg [Aluvia], tablets, 60 Tabs",14.37,1956,11618.64,PMO - US,ABBVIE Ludwigshafen Germany,Lopinavir/Ritonavir,5.94,10/31/13,SCMS-210880,FPQ-13048,10-03-13,ARV,109-TZ-T30,24-Jun-14,Air,Pediatric,60,0.1,ABBVIE LOGISTICS (FORMERLY ABBOTT LOGISTICS BV),FCA,230
11138,DN-246,Aluvia,Tanzania,13-Aug-07,13-Aug-07,200/50mg,Tablet,Yes,4198,From RDC,"Lopinavir/Ritonavir 200/50mg [Aluvia], tablets, 120 Tabs",197.28,3000,123300.0,PMO - US,ABBVIE Ludwigshafen Germany,Lopinavir/Ritonavir,41.1,N/A - From RDC,SO-441,Pre-PQ Process,Pre-PQ Process,ARV,109-TZ-T01,13-Aug-07,Air,Adult,120,0.34,SCMS from RDC,N/A - From RDC,1422
84943,DN-3771,Generic,Zimbabwe,20-Jun-14,07-Jul-14,300/300mg,Tablet - FDC,Yes,31514.85,From RDC,"Lamivudine/Tenofovir Disoproxil Fumarate 300/300mg, tablets, 30 Tabs",741.94,153560,721732.0,PMO - US,"Aurobindo Unit VII, IN",Lamivudine/Tenofovir Disoproxil Fumarate,4.7,N/A - From RDC,SO-47541,FPQ-13508,12/24/13,ARV,113-ZW-T30,30-Sep-14,Truck,Adult,30,0.16,SCMS from RDC,N/A - From RDC,18528
83225,DN-3588,Generic,Zimbabwe,21-Mar-14,17-Apr-14,600/300/300mg,Tablet - FDC,Yes,64802.96,From RDC,"Efavirenz/Lamivudine/Tenofovir Disoproxil Fumarate 600/300/300mg, tablets, 30 Tabs",123.82,8977,100093.55,PMO - US,"Aurobindo Unit VII, IN",Efavirenz/Lamivudine/Tenofovir Disoproxil Fumarate,11.15,N/A - From RDC,SO-46620,FPQ-12950,09-10-13,ARV,113-ZW-T30,06-May-14,Truck,Adult,30,0.37,SCMS from RDC,N/A - From RDC,65471
12603,DN-1369,Generic,Uganda,10-Aug-09,10-Aug-09,150/300mg,Tablet - FDC,Yes,1534.1,From RDC,"Lamivudine/Zidovudine 150/300mg, tablets, 60 Tabs",41.55,2420,21199.2,PMO - US,Mylan (formerly Matrix) Nashik,Lamivudine/Zidovudine,8.76,N/A - From RDC,SO-30120,Pre-PQ Process,Date Not Captured,ARV,114-UG-T01,10-Aug-09,Air,Adult,60,0.15,SCMS from RDC,N/A - From RDC,202
83400,DN-1648,Generic,Zambia,05-Mar-10,05-Mar-10,100mg,Chewable/dispersible tablet,Yes,3379.64,From RDC,"Didanosine 100mg, chewable/dispersible tablets, 60 Tabs",151.31,10000,77200.0,PMO - US,"Aurobindo Unit III, India",Didanosine,7.72,N/A - From RDC,SO-33710,FPQ-4273,9/17/09,ARV,110-ZM-T30,05-Mar-10,Truck,Pediatric,60,0.13,SCMS from RDC,N/A - From RDC,2085
12608,DN-1396,Generic,Mozambique,07-Oct-09,07-Oct-09,150/30mg,Tablet - FDC,Yes,1588.05,From RDC,"Lamivudine/Stavudine 150/30mg, tablets, 60 Tabs",133.77,17500,68250.0,PMO - US,Mylan (formerly Matrix) Nashik,Lamivudine/Stavudine,3.9,N/A - From RDC,SO-32570,Pre-PQ Process,Date Not Captured,ARV,111-MZ-T01,07-Oct-09,Truck,Adult,60,0.06,SCMS from RDC,N/A - From RDC,1292
16104,ASN-12361,Generic,Ethiopia,31-Oct-11,31-Oct-11,400mg,Delayed-release capsules,Yes,2052.97,Direct Drop,"Didanosine 400mg, delayed-release capsules, 30 Caps",73.42,2225,44500.0,PMO - US,"Aurobindo Unit III, India",Didanosine,20.0,02-01-11,SCMS-98320,FPQ-6976,1/13/11,ARV,117-ET-T30,31-Oct-11,Air,Adult,30,0.67,Aurobindo Pharma Limited,EXW,174
83619,DN-2812,Generic,"Congo, DRC",14-Feb-13,14-Feb-13,10mg/ml,Oral suspension,No,See DN-2812 (ID#:83068),From RDC,"Nevirapine 10mg/ml, oral suspension w/syringe, Bottle, 240 ml",16.87,6172,12035.4,PMO - US,"Aurobindo Unit III, India",Nevirapine,1.95,N/A - From RDC,SO-42340,FPQ-9906,5/15/12,ARV,102-CD-T30,14-Feb-13,Air,Pediatric,240,0.01,SCMS from RDC,N/A - From RDC,See DN-2812 (ID#:83068)
6849,ASN-1596,Generic,Rwanda,28-Apr-08,28-Apr-08,150/200/30mg,Tablet - FDC,Yes,10500,Direct Drop,"Lamivudine/Nevirapine/Stavudine 150/200/30mg, tablets, 60 Tabs",186.37,16640,116480.0,PMO - US,"Cipla, Goa, India",Lamivudine/Nevirapine/Stavudine,7.0,11/21/07,SCMS-14221,Pre-PQ Process,Pre-PQ Process,ARV,107-RW-T01,28-Apr-08,Air,Adult,60,0.12,CIPLA LIMITED,CIP,1766
52710,ASN-26885,Kaletra,South Africa,25-Jun-14,25-Jun-14,80/20mg/ml,Oral solution,Yes,Freight Included in Commodity Cost,Direct Drop,"Lopinavir/Ritonavir 80/20mg/ml [Kaletra], oral solution, cool, Bottle 5 x 60 ml",0.05,2,44.13,PMO - US,ABBVIE (Abbott) Logis. UK,Lopinavir/Ritonavir,22.06,6/26/14,SCMS-238571,FPQ-13973,4/30/14,ARV,116-ZA-T30,25-Jun-14,Truck,Pediatric,300,0.07,PHARMACY DIRECT,DDP,Weight Captured Separately
85045,DN-4315,Generic,Zambia,25-Aug-15,03-Sep-15,200mg,Tablet,No,Freight Included in Commodity Cost,From RDC,"Nevirapine 200mg, tablets, 60 Tabs",200.74,89575,195273.5,PMO - US,"Strides, Bangalore, India.",Nevirapine,2.18,N/A - From RDC,SO-49620,FPQ-14784,08-12-14,ARV,110-ZM-T30,15-Aug-15,Truck,Adult,60,0.04,SCMS from RDC,N/A - From RDC,Weight Captured Separately
35252,ASN-6355,Generic,Vietnam,29-Mar-10,29-Mar-10,150mg,Tablet,No,See ASN-6355 (ID#:16828),Direct Drop,"Lamivudine 150mg, tablets, 60 Tabs",107.36,19152,49795.2,PMO - US,Mylan (formerly Matrix) Nashik,Lamivudine,2.6,01-12-10,SCMS-62460,FPQ-4720,01-04-09,ARV,108-VN-T30,29-Mar-10,Air,Adult,60,0.04,MYLAN LABORATORIES LTD (FORMERLY MATRIX LABORATORIES),EXW,See ASN-6355 (ID#:16828)
12379,DN-282,Generic,Mozambique,10-Oct-07,10-Oct-07,10mg/ml,Oral solution,No,See DN-282 (ID#:11144),From RDC,"Zidovudine 10mg/ml, oral solution, Bottle, 240 ml",48.98,7750,30612.5,PMO - US,"Aurobindo Unit III, India",Zidovudine,3.95,N/A - From RDC,SO-502,Pre-PQ Process,Pre-PQ Process,ARV,111-MZ-T01,10-Oct-07,Air,Pediatric,240,0.02,SCMS from RDC,N/A - From RDC,See DN-282 (ID#:11144)
84940,DN-3758,Aluvia,Tanzania,24-Jun-14,01-Jul-14,200/50mg,Tablet,Yes,2994.62,From RDC,"Lopinavir/Ritonavir 200/50mg [Aluvia], tablets, 120 Tabs",345.03,14758,278926.2,PMO - US,ABBVIE Ludwigshafen Germany,Lopinavir/Ritonavir,18.9,N/A - From RDC,SO-46721,FPQ-13042,10-01-13,ARV,109-TZ-T30,30-Jun-14,Truck,Adult,120,0.16,SCMS from RDC,N/A - From RDC,3030
12741,DN-458,Generic,Haiti,05-Dec-07,05-Dec-07,200mg,Capsule,No,See DN-458 (ID#:11814),From RDC,"Efavirenz 200mg, capsule, 90 Caps",12.8,500,8000.0,PMO - US,"Aurobindo Unit III, India",Efavirenz,16.0,N/A - From RDC,SO-1286,Pre-PQ Process,Pre-PQ Process,ARV,106-HT-T01,05-Dec-07,Air,Pediatric,90,0.18,SCMS from RDC,N/A - From RDC,See DN-458 (ID#:11814)
12812,DN-812,Generic,Uganda,21-Aug-08,21-Aug-08,150/300/200mg,Tablet - FDC,Yes,1282.6,From RDC,"Lamivudine/Nevirapine/Zidovudine 150/200/300mg, tablets, 60 Tabs",30.24,1400,18900.0,PMO - US,"Aurobindo Unit III, India",Lamivudine/Nevirapine/Zidovudine,13.5,N/A - From RDC,SO-2621,Pre-PQ Process,Pre-PQ Process,ARV,114-UG-T01,21-Aug-08,Air,Adult,60,0.22,SCMS from RDC,N/A - From RDC,156
10801,DN-1494,Generic,CÃte dIvoire,27-Oct-09,27-Oct-09,30mg,Capsule,Yes,2298.6,From RDC,"Stavudine 30mg, capsules, 60 Caps",7.65,2430,3547.8,PMO - US,"Aurobindo Unit III, India",Stavudine,1.46,N/A - From RDC,SO-34140,Pre-PQ Process,Date Not Captured,ARV,104-CI-T01,27-Oct-09,Air,Adult,60,0.02,SCMS from RDC,N/A - From RDC,156
83658,DN-3033,Generic,Zimbabwe,14-Mar-13,14-Mar-13,600mg,Tablet,Yes,9405.8,From RDC,"Efavirenz 600mg, tablets, 30 Tabs",19.77,4800,15984.0,PMO - US,"Hetero, Jadcherla, unit 5, IN",Efavirenz,3.33,N/A - From RDC,SO-43580,FPQ-10895,10/25/12,ARV,113-ZW-T30,31-Mar-13,Truck,Adult,30,0.11,SCMS from RDC,N/A - From RDC,3082
85351,DN-3111,Generic,Tanzania,09-May-13,09-May-13,300mg,Tablet,Yes,1382,From RDC,"Tenofovir Disoproxil Fumarate 300mg, tablets, 30 Tabs",11.21,1980,7999.2,PMO - US,Mylan (formerly Matrix) Nashik,Tenofovir Disoproxil Fumarate,4.04,N/A - From RDC,SO-43122,FPQ-10545,8/24/12,ARV,109-TZ-T30,31-May-13,Truck,Adult,30,0.13,SCMS from RDC,N/A - From RDC,126
65709,ASN-15514,Generic,Uganda,27-Jul-12,27-Jul-12,300/300mg,Tablet - FDC,No,See ASN-15514 (ID#:57392),Direct Drop,"Lamivudine/Tenofovir Disoproxil Fumarate 300/300mg, tablets, 30 Tabs",674.51,100440,481107.6,PMO - US,Hetero Unit III Hyderabad IN,Lamivudine/Tenofovir Disoproxil Fumarate,4.79,06-12-12,SCMS-149411,FPQ-10089,06-07-12,ARV,900-UG-T30,27-Jul-12,Air,Adult,30,0.16,HETERO LABS LIMITED,EXW,See ASN-15514 (ID#:57392)
85531,DN-3923,Generic,Namibia,21-Oct-14,22-Oct-14,600/200/300mg,Tablet - FDC,Yes,35476,From RDC,"Efavirenz/Emtricitabine/Tenofovir Disoproxil Fumarate 600/200/300mg, tablets, 30 Tabs",661.83,54147,643807.83,PMO - US,"Cipla, Goa, India",Efavirenz/Emtricitabine/Tenofovir Disoproxil Fumarate,11.89,N/A - From RDC,SO-49520,FPQ-14742,7/30/14,ARV,901-NA-T30,08-Oct-14,Air,Adult,30,0.4,SCMS from RDC,N/A - From RDC,6425
6622,ASN-124,Generic,Uganda,02-Jan-07,02-Jan-07,200mg,Tablet,Yes,3181.2,Direct Drop,"Nevirapine 200mg, tablets, 60 Tabs",MIssing,6349,21586.6,PMO - US,"Strides, Bangalore, India.",Nevirapine,3.4,Date Not Captured,SCMS-160,Pre-PQ Process,Pre-PQ Process,ARV,114-UG-T01,02-Jan-07,Air,Adult,60,0.06,STRIDES ARCOLAB LIMITED,EXW,355
82326,DN-1867,Generic,CÃte dIvoire,21-Jun-10,21-Jun-10,150/300/200mg,Tablet - FDC,Yes,27912.64,From RDC,"Lamivudine/Nevirapine/Zidovudine 150/200/300mg, tablets, 60 Tabs",1509.72,62410,700240.2,PMO - US,"Aurobindo Unit III, India",Lamivudine/Nevirapine/Zidovudine,11.22,N/A - From RDC,SO-35580,FPQ-4659,12-08-09,ARV,104-CI-T30,28-Jun-10,Air,Adult,60,0.19,SCMS from RDC,N/A - From RDC,7701
12819,DN-845,Generic,Tanzania,22-Aug-08,22-Aug-08,150mg,Tablet,Yes,1700.32,From RDC,"Lamivudine 150mg, tablets, 60 Tabs",151.52,32544,94703.04,PMO - US,"Aurobindo Unit III, India",Lamivudine,2.91,N/A - From RDC,SO-2561,Pre-PQ Process,Pre-PQ Process,ARV,109-TZ-T01,22-Aug-08,Truck,Adult,60,0.05,SCMS from RDC,N/A - From RDC,1608
68138,ASN-10756,Bioline,Tanzania,09-Jun-11,09-Jun-11,MIssing,Test kit,Yes,24382.98,Direct Drop,"HIV 1/2, Bioline 3.0 Kit, Lancets, Capillary pipets, Alcohol swabs included, 25 Tests",330,10000,200000.0,PMO - US,"Standard Diagnostics, Korea","HIV 1/2, Bioline 3.0 Kit, Lancets, Capillary pipets, Alcohol swabs included",20.0,03-09-11,SCMS-100630,FPQ-6936,12/27/10,HRDT,109-TZ-T30,09-Jun-11,Air,HIV test,25,0.8,"Standard Diagnostics, Inc.",EXW,3335
84473,DN-4278,Generic,Nigeria,15-May-15,22-May-15,300mg,Tablet,No,See DN-4278 (ID#:83338),From RDC,"Zidovudine 300mg, tablets, 60 Tabs",6.68,1220,6502.6,PMO - US,"Aurobindo Unit III, India",Zidovudine,5.33,N/A - From RDC,SO-51425,FPQ-14989,9/19/14,ARV,151-NG-T30,30-Jun-15,Air Charter,Adult,60,0.09,SCMS from RDC,N/A - From RDC,See DN-4278 (ID#:83338)
4215,ASN-1231,Generic,Vietnam,22-Jan-08,22-Jan-08,20mg,Capsule,No,See ASN-1231 (ID#:2947),Direct Drop,"Stavudine 20mg, capsules, 60 Caps",2.24,800,1400.0,PMO - US,"Aurobindo Unit III, India",Stavudine,1.75,12-05-07,SCMS-14930,Pre-PQ Process,Pre-PQ Process,ARV,108-VN-T01,22-Jan-08,Air,Adult,60,0.03,Aurobindo Pharma Limited,EXW,See ASN-1231 (ID#:2947)
56335,ASN-24044,Generic,Mozambique,02-Mar-14,07-May-14,400mg,Delayed-release capsules,Yes,1045.5,Direct Drop,"Didanosine 400mg, delayed-release capsules, 30 Caps",16.45,800,16000.0,PMO - US,"Aurobindo Unit III, India",Didanosine,20.0,11/26/13,SCMS-215590,FPQ-13134,11-12-13,ARV,111-MZ-T30,02-Mar-14,Air,Adult,30,0.67,Aurobindo Pharma Limited,EXW,62
82294,DN-1651,Generic,Mozambique,14-Apr-10,14-Apr-10,300mg,Tablet,Yes,Freight Included in Commodity Cost,From RDC,"Zidovudine 300mg, tablets, 60 Tabs",369.27,25020,188400.6,PMO - US,Hetero Unit III Hyderabad IN,Zidovudine,7.53,N/A - From RDC,SO-35500,FPQ-4471,9/14/09,ARV,111-MZ-T30,19-Apr-10,Truck,Adult,60,0.13,SCMS from RDC,N/A - From RDC,1387
5304,ASN-221,Capillus,Tanzania,23-Mar-07,23-Mar-07,MIssing,Test kit,Yes,3114.08,Direct Drop,"HIV 1/2, Capillus HIV Kit, 100 Tests",MIssing,700,97300.0,PMO - US,"Trinity Biotech, Plc","HIV 1/2, Capillus HIV Kit",139.0,1/25/07,SCMS-367,Pre-PQ Process,Pre-PQ Process,HRDT,109-TZ-T01,23-Mar-07,Air,HIV test,100,1.39,"Trinity Biotech, Plc",EXW,488
83045,DN-2697,Generic,"Congo, DRC",11-Sep-12,11-Sep-12,200/50mg,Tablet,Yes,6061.4,From RDC,"Lopinavir/Ritonavir 200/50mg, tablets, 120 Tabs",24.97,600,17808.0,PMO - US,"Aurobindo Unit III, India",Lopinavir/Ritonavir,29.68,N/A - From RDC,SO-41850,FPQ-9640,04-02-12,ARV,102-CD-T30,11-Sep-12,Air,Adult,120,0.25,SCMS from RDC,N/A - From RDC,895
12841,DN-1037,Generic,Ethiopia,19-Dec-08,19-Dec-08,10mg/ml,Oral solution,Yes,4983.22,From RDC,"Lamivudine 10mg/ml, oral solution, Bottle, 240 ml",7.47,2005,3809.5,PMO - US,"Aurobindo Unit III, India",Lamivudine,1.9,N/A - From RDC,SO-21350,Pre-PQ Process,Pre-PQ Process,ARV,117-ET-T01,19-Dec-08,Air,Pediatric,240,0.01,SCMS from RDC,N/A - From RDC,692
34718,ASN-25800,Videx,CÃte dIvoire,13-May-14,15-May-14,25mg,Chewable/dispersible tablet,Yes,2864.63,Direct Drop,"Didanosine 25mg [Videx], chewable tablets, 60 Tabs",10.9,1515,10605.0,PMO - US,Bristol-Myers Squibb Anagni IT,Didanosine,7.0,11/22/13,SCMS-215300,FPQ-13198,10/28/13,ARV,104-CI-T30,13-May-14,Air,Pediatric,60,0.12,LAWRENCE LABORATORIES (SUBSIDIARY OF BRISTOL MYERS SQUIBB),FCA,338
84089,DN-2208,Generic,Nigeria,06-Jul-11,06-Jul-11,200mg,Tablet,Yes,13398,From RDC,"Nevirapine 200mg, tablets, 60 Tabs",180.37,42371,109317.18,PMO - US,"Aurobindo Unit III, India",Nevirapine,2.58,N/A - From RDC,SO-39080,FPQ-6800,12-07-10,ARV,151-NG-T30,21-Jun-11,Air Charter,Adult,60,0.04,SCMS from RDC,N/A - From RDC,5262
86491,DN-2749,Generic,Zambia,30-Jul-12,30-Jul-12,200/300mg,Tablet - FDC,No,See DN-2749 (ID#:84182),From RDC,"Emtricitabine/Tenofovir Disoproxil Fumarate 200/300mg, tablets, 30 Tabs",4.24,425,3021.75,PMO - US,Mylan (formerly Matrix) Nashik,Emtricitabine/Tenofovir Disoproxil Fumarate,7.11,N/A - From RDC,SO-41702,FPQ-9472,03-08-12,ARV,110-ZM-T30,23-Aug-12,Truck,Adult,30,0.24,SCMS from RDC,N/A - From RDC,See DN-2749 (ID#:84182)
60690,ASN-30068,Generic,Haiti,16-Feb-15,16-Feb-15,50mg,Chewable/dispersible tablet,Yes,4236.81,Direct Drop,"Nevirapine 50mg, dispersible tablets (tablets for oral suspension), 30 Tabs",7.84,6100,7625.0,PMO - US,"Aurobindo Unit III, India",Nevirapine,1.25,12/24/14,SCMS-270280,FPQ-15038,10/22/14,ARV,106-HT-T30,16-Feb-15,Air,Pediatric,30,0.04,Aurobindo Pharma Limited,EXW,353
40044,ASN-29450,Intelence,South Africa,19-Nov-14,19-Nov-14,100mg,Tablet,No,Freight Included in Commodity Cost,Direct Drop,"Etravirine 100mg [Intelence], tablets, 120 Tabs",1.89,39,1523.85,PMO - US,"Janssen-Cilag, Latina, IT",Etravirine,39.07,8/13/13,SCMS-199310,FPQ-12523,07-12-13,ARV,116-ZA-T30,19-Nov-14,Truck,Adult,120,0.33,S. BUYS WHOLESALER,DDP,Weight Captured Separately
30850,ASN-13276,Determine,Sudan,03-Feb-12,03-Feb-12,MIssing,Test kit,Yes,1768.15,Direct Drop,"HIV 1/2, Determine Complete HIV Kit, 100 Tests",15.42,105,9345.0,PMO - US,"Alere Medical Co., Ltd.","HIV 1/2, Determine Complete HIV Kit",89.0,9/14/11,SCMS-120450,FPQ-8261,8/29/11,HRDT,102-SD-T30,03-Feb-12,Air,HIV test,100,0.89,"Orgenics, Ltd",EXW,49
1109,ASN-4086,Aluvia,CÃte dIvoire,30-Jun-09,30-Jun-09,200/50mg,Tablet,Yes,14806.48,Direct Drop,"Lopinavir/Ritonavir 200/50mg [Aluvia], tablets, 120 Tabs",824.89,10240,420864.0,PMO - US,ABBVIE Ludwigshafen Germany,Lopinavir/Ritonavir,41.1,3/30/09,SCMS-42210,Pre-PQ Process,Pre-PQ Process,ARV,104-CI-T01,30-Jun-09,Air,Adult,120,0.34,ABBVIE LOGISTICS (FORMERLY ABBOTT LOGISTICS BV),FCA,2523
1360,ASN-926,Generic,Vietnam,23-Nov-07,23-Nov-07,600mg,Tablet,Yes,16095.39,Direct Drop,"Efavirenz 600mg, tablets, 30 Tabs",443.88,22500,277425.0,PMO - US,"Aurobindo Unit III, India",Efavirenz,12.33,07-04-07,SCMS-754,Pre-PQ Process,Pre-PQ Process,ARV,108-VN-T01,23-Nov-07,Air,Adult,30,0.41,Aurobindo Pharma Limited,EXW,1955
11661,DN-1303,Generic,Uganda,14-Aug-09,14-Aug-09,200mg,Tablet,Yes,11206.84,From RDC,"Nevirapine 200mg, tablets, 60 Tabs",16.17,2844,8247.6,PMO - US,"Aurobindo Unit III, India",Nevirapine,2.9,N/A - From RDC,SO-32120,Pre-PQ Process,Date Not Captured,ARV,114-UG-T01,14-Aug-09,Air,Adult,60,0.05,SCMS from RDC,N/A - From RDC,1587
10660,DN-571,Generic,Rwanda,28-Jan-08,28-Jan-08,MIssing,Test kit - Ancillary,Yes,12977.28,From RDC,"HIV, Lancet, Safety, for HIV Test kits, 100 Pcs",0.03,2093,20.93,PMO - US,Inverness Japan,"HIV, Lancet, Safety, for HIV Test kits, 100 Pcs",0.01,N/A - From RDC,SO-1222,Pre-PQ Process,Pre-PQ Process,HRDT,107-RW-T01,28-Jan-08,Air,HIV test - Ancillary,100,0.0,SCMS from RDC,N/A - From RDC,609
42125,ASN-9118,Generic,Vietnam,22-Dec-10,22-Dec-10,150mg,Tablet,Yes,12632.99,Direct Drop,"Lamivudine 150mg, tablets, 60 Tabs",76.77,15153,35609.55,PMO - US,"Strides, Bangalore, India.",Lamivudine,2.35,10/15/10,SCMS-87730,FPQ-6384,9/30/10,ARV,108-VN-T30,22-Dec-10,Air,Adult,60,0.04,STRIDES ARCOLAB LIMITED,EXW,3595
836,ASN-3892,Viread,South Africa,17-May-09,17-May-09,300mg,Tablet,Yes,Freight Included in Commodity Cost,Direct Drop,"Tenofovir Disoproxil Fumarate 300mg [Viread], tablets, 30 Tabs",5.38,120,2745.6,PMO - US,"Aspen-OSD, Port Elizabeth, SA",Tenofovir Disoproxil Fumarate,22.88,Date Not Captured,SCMS-33320,Pre-PQ Process,Pre-PQ Process,ARV,116-ZA-T01,17-May-09,Truck,Adult,30,0.76,S. BUYS WHOLESALER,DDP,Weight Captured Separately
76483,ASN-9447,Determine,Sudan,10-Feb-11,10-Feb-11,MIssing,Test kit,Yes,2084.49,Direct Drop,"HIV 1/2, Determine Complete HIV Kit, 100 Tests",24.94,130,11570.0,PMO - US,Inverness Japan,"HIV 1/2, Determine Complete HIV Kit",89.0,09-02-10,SCMS-84000,FPQ-6119,8/30/10,HRDT,102-SD-T30,10-Feb-11,Air,HIV test,100,0.89,"Orgenics, Ltd",EXW,60
20172,ASN-18532,Determine,Mozambique,21-Mar-13,21-Mar-13,MIssing,Test kit,Yes,13801.89,Direct Drop,"HIV 1/2, Determine Complete HIV Kit, 100 Tests",290.84,2939,235120.0,PMO - US,"Alere Medical Co., Ltd.","HIV 1/2, Determine Complete HIV Kit",80.0,11-06-12,SCMS-164000,FPQ-10880,10/18/12,HRDT,111-MZ-T30,20-Mar-13,Air,HIV test,100,0.8,"Orgenics, Ltd",EXW,1330
12506,DN-626,Generic,CÃte dIvoire,27-Feb-08,27-Feb-08,200mg,Tablet,Yes,3428.5,From RDC,"Nevirapine 200mg, tablets, 60 Tabs",95.86,17621,59911.4,PMO - US,"Aurobindo Unit III, India",Nevirapine,3.4,N/A - From RDC,SO-1307,Pre-PQ Process,Pre-PQ Process,ARV,104-CI-T01,27-Feb-08,Air,Adult,60,0.06,SCMS from RDC,N/A - From RDC,1650
68680,ASN-27810,Generic,Vietnam,16-Sep-14,04-Nov-14,600/300/300mg,Tablet - FDC,Yes,3790.32,Direct Drop,"Efavirenz/Lamivudine/Tenofovir Disoproxil Fumarate 600/300/300mg, tablets, 30 Tabs",185.53,17188,180474.0,PMO - US,Hetero Unit III Hyderabad IN,Efavirenz/Lamivudine/Tenofovir Disoproxil Fumarate,10.5,4/30/14,SCMS-236120,FPQ-13976,04-08-14,ARV,108-VN-T30,16-Sep-14,Air,Adult,30,0.35,HETERO LABS LIMITED,EXW,2388
55914,ASN-21219,Determine,Nigeria,24-Sep-13,24-Sep-13,MIssing,Test kit,Yes,13383.47,Direct Drop,"HIV 1/2, Determine Complete HIV Kit, 100 Tests",338.21,3072,273408.0,PMO - US,"Alere Medical Co., Ltd.","HIV 1/2, Determine Complete HIV Kit",89.0,07-10-13,SCMS-196560,FPQ-12456,06-10-13,HRDT,133-NG-T30,18-Sep-13,Air,HIV test,100,0.89,"Orgenics, Ltd",EXW,1248
28001,ASN-18173,Determine,Nigeria,26-Feb-13,26-Feb-13,MIssing,Test kit,Yes,Freight Included in Commodity Cost,Direct Drop,"HIV 1/2, Determine Complete HIV Kit, 100 Tests",355.99,2853,253917.0,PMO - US,"Alere Medical Co., Ltd.","HIV 1/2, Determine Complete HIV Kit",89.0,10/16/12,SCMS-162440,FPQ-10765,10-05-12,HRDT,133-NG-T30,09-Jan-13,Air,HIV test,100,0.89,"Orgenics, Ltd",EXW,1294
70553,ASN-26456,Generic,Haiti,01-Aug-14,12-Aug-14,30/50/60mg,Chewable/dispersible tablet - FDC,Yes,2076.58,Direct Drop,"Lamivudine/Nevirapine/Zidovudine 30/50/60mg, dispersible tablets, 60 Tabs",9.6,2594,9338.4,PMO - US,"Cipla, Goa, India",Lamivudine/Nevirapine/Zidovudine,3.6,4/30/14,SCMS-233980,FPQ-13797,3/20/14,ARV,106-HT-T30,01-Aug-14,Air,Pediatric,60,0.06,CIPLA LIMITED,EXW,231
80526,ASN-26932,Reyataz,Rwanda,16-Jul-14,22-Jul-14,150mg,Capsule,Yes,957.88,Direct Drop,"Atazanavir 150mg [Reyataz], capsules, 60 Caps",7.24,208,7040.8,PMO - US,"BMS Evansville, US",Atazanavir,33.85,4/29/14,SCMS-235970,FPQ-13853,3/25/14,ARV,107-RW-T30,16-Jul-14,Air,Pediatric,60,0.56,LAWRENCE LABORATORIES (SUBSIDIARY OF BRISTOL MYERS SQUIBB),FCA,16
10925,DN-623,Generic,Zimbabwe,05-Mar-08,05-Mar-08,150/200/30mg,Tablet - FDC,Yes,13317.2,From RDC,"Lamivudine/Nevirapine/Stavudine 150/200/30mg, tablets, 60 Tabs",440.92,37240,275576.0,PMO - US,"Cipla, Goa, India",Lamivudine/Nevirapine/Stavudine,7.4,N/A - From RDC,SO-712,Pre-PQ Process,Pre-PQ Process,ARV,100-ZW-T01,05-Mar-08,Air,Adult,60,0.12,SCMS from RDC,N/A - From RDC,4080
11851,DN-559,Aluvia,Tanzania,25-Feb-08,25-Feb-08,200/50mg,Tablet,No,See DN-559 (ID#:10940),From RDC,"Lopinavir/Ritonavir 200/50mg [Aluvia], tablets, 120 Tabs",169.66,2580,106038.0,PMO - US,ABBVIE (Abbott) Logis. UK,Lopinavir/Ritonavir,41.1,N/A - From RDC,SO-1648,Pre-PQ Process,Pre-PQ Process,ARV,109-TZ-T01,25-Feb-08,Air,Adult,120,0.34,SCMS from RDC,N/A - From RDC,See DN-559 (ID#:10940)
5353,ASN-620,Determine,Guyana,21-Aug-07,21-Aug-07,MIssing,Test kit,Yes,1398.6,Direct Drop,"HIV 1/2, Determine HIV Kit, without Lancets, 100 Tests",34.56,300,21597.0,PMO - US,Inverness Japan,"HIV 1/2, Determine HIV Kit, without Lancets",71.99,7/25/07,SCMS-767,Pre-PQ Process,Pre-PQ Process,HRDT,102-GY-T01,09-Aug-07,Air,HIV test,100,0.72,"Orgenics, Ltd",EXW,69
27936,ASN-32121,Isentress,South Africa,12-May-15,12-May-15,400mg,Tablet,Yes,Freight Included in Commodity Cost,Direct Drop,"Raltegravir 400mg [Isentress], tablets, 60 Tabs",0.06,1,61.16,PMO - US,"MSD, Haarlem, NL",Raltegravir,61.16,05-11-15,SCMS-259075,FPQ-14942,09-11-14,ARV,116-ZA-T30,12-May-15,Truck,Adult,60,1.02,PHARMACY DIRECT,DDP,Weight Captured Separately
82533,DN-2945,Generic,Nigeria,04-Dec-12,04-Dec-12,300/300mg,Tablet - FDC,Yes,51090,From RDC,"Lamivudine/Tenofovir Disoproxil Fumarate 300/300mg, tablets, 30 Tabs",500.76,66637,357174.32,PMO - US,"Cipla, Kurkumbh, India",Lamivudine/Tenofovir Disoproxil Fumarate,5.36,N/A - From RDC,SO-43434,FPQ-9968,5/23/12,ARV,151-NG-T30,30-Nov-12,Air,Adult,30,0.18,SCMS from RDC,N/A - From RDC,25523
7436,ASN-3312,Generic,Vietnam,27-Feb-09,27-Feb-09,200mg,Tablet,No,See ASN-3312 (ID#:6081),Direct Drop,"Nevirapine 200mg, tablets, 60 Tabs",44.34,7800,22620.0,PMO - US,"Aurobindo Unit III, India",Nevirapine,2.9,10/21/08,SCMS-31720,Pre-PQ Process,Pre-PQ Process,ARV,108-VN-T01,27-Feb-09,Air,Adult,60,0.05,Aurobindo Pharma Limited,EXW,See ASN-3312 (ID#:6081)
5510,ASN-1251,Videx EC,South Africa,29-Jan-08,29-Jan-08,250mg,Delayed-release capsules - blister,No,Freight Included in Commodity Cost,Direct Drop,"Didanosine EC 250mg [Videx EC], delayed-release capsules, Blister 3 x 10 Caps",3.53,100,2208.0,PMO - US,"BMS Meymac, France",Didanosine EC,22.08,11-12-07,SCMS-14050,Pre-PQ Process,Pre-PQ Process,ARV,116-ZA-T01,29-Jan-08,MIssing,Adult,30,0.74,"JSI R&T INSTITUTE, INC.",DDP,Weight Captured Separately
81988,ASN-7086,Generic,South Africa,29-Apr-10,29-Apr-10,10mg/ml,Oral solution,Yes,3908.56,Direct Drop,"Lamivudine 10mg/ml, oral solution w/syringe, Bottle, 240 ml",109.16,16500,50631.92,PMO - US,"Aurobindo Unit III, India",Lamivudine,3.07,4/23/10,SCMS-70130,FPQ-5447,04-01-10,ARV,161-ZA-T30,29-Apr-10,Truck,Pediatric,240,0.01,AUROBINDO PHARAM (SOUTH AFRICA),DDP,Weight Captured Separately
85754,DN-2162,Generic,Nigeria,10-May-11,10-May-11,150/300/200mg,Tablet - FDC,Yes,12601.06,From RDC,"Lamivudine/Nevirapine/Zidovudine 150/200/300mg, tablets, 60 Tabs",2863.35,154667,1735363.74,PMO - US,"Aurobindo Unit III, India",Lamivudine/Nevirapine/Zidovudine,11.22,N/A - From RDC,SO-38490,FPQ-6800,12-07-10,ARV,151-NG-T30,31-Mar-11,Air Charter,Adult,60,0.19,SCMS from RDC,N/A - From RDC,20339
82803,DN-4258,Generic,Nigeria,13-May-15,21-May-15,300/300mg,Tablet - FDC,Yes,34216.25,From RDC,"Lamivudine/Tenofovir Disoproxil Fumarate 300/300mg, tablets, 30 Tabs",204.18,43272,198618.48,PMO - US,Hetero Unit III Hyderabad IN,Lamivudine/Tenofovir Disoproxil Fumarate,4.59,N/A - From RDC,SO-48900,FPQ-14156,4/25/14,ARV,151-NG-T30,29-May-15,Air Charter,Adult,30,0.15,SCMS from RDC,N/A - From RDC,4285
86582,DN-3227,Generic,Cameroon,31-Jul-13,31-Jul-13,600mg,Tablet,No,See DN-3227 (ID#:82589),From RDC,"Efavirenz 600mg, tablets, 30 Tabs",135.93,33000,109890.0,PMO - US,"Strides, Bangalore, India.",Efavirenz,3.33,N/A - From RDC,SO-45820,FPQ-12520,6/21/13,ARV,901-CM-T30,22-Jul-13,Air Charter,Adult,30,0.11,SCMS from RDC,N/A - From RDC,See DN-3227 (ID#:82589)
85889,DN-2796,Generic,Rwanda,14-Sep-12,14-Sep-12,600mg,Tablet,Yes,8684.7,From RDC,"Efavirenz 600mg, tablets, 30 Tabs",280.89,51240,200348.4,PMO - US,"Aurobindo Unit III, India",Efavirenz,3.91,N/A - From RDC,SO-42740,FPQ-10119,6/18/12,ARV,107-RW-T30,30-Nov-12,Air,Adult,30,0.13,SCMS from RDC,N/A - From RDC,4331
7325,ASN-2502,Generic,South Africa,18-Aug-08,18-Aug-08,200mg,Tablet,No,Freight Included in Commodity Cost,Direct Drop,"Nevirapine 200mg, tablets, 60 Tabs",7.78,240,4860.0,PMO - US,"Cipla, Goa, India",Nevirapine,20.25,Date Not Captured,SCMS-28830,Pre-PQ Process,Pre-PQ Process,ARV,116-ZA-T01,25-Aug-08,Truck,Adult,60,0.34,S. BUYS WHOLESALER,DDP,Weight Captured Separately
10683,DN-743,Generic,Haiti,27-May-08,27-May-08,10mg/ml,Oral suspension,Yes,22956,From RDC,"Nevirapine 10mg/ml, oral suspension, Bottle, 240 ml",15.53,5056,9707.52,PMO - US,"Aurobindo Unit III, India",Nevirapine,1.92,N/A - From RDC,SO-2056,Pre-PQ Process,Pre-PQ Process,ARV,106-HT-T01,27-May-08,Air,Pediatric,240,0.01,SCMS from RDC,N/A - From RDC,2166
52541,ASN-27943,Generic,Vietnam,30-Oct-14,04-Nov-14,150/300/200mg,Tablet - FDC,No,See ASN-27943 (ID#:13904),Direct Drop,"Lamivudine/Nevirapine/Zidovudine 150/200/300mg, tablets, 60 Tabs",83.27,10000,81000.0,PMO - US,Mylan (formerly Matrix) Nashik,Lamivudine/Nevirapine/Zidovudine,8.1,4/30/14,SCMS-236050,FPQ-13976,04-08-14,ARV,108-VN-T30,30-Oct-14,Air,Adult,60,0.13,MYLAN LABORATORIES LTD (FORMERLY MATRIX LABORATORIES),EXW,See ASN-27943 (ID#:13904)
86572,DN-3171,Generic,Nigeria,10-May-13,10-May-13,150/300mg,Tablet - FDC,No,See DN-3171 (ID#:83685),From RDC,"Lamivudine/Zidovudine 150/300mg, tablets, 60 Tabs",467.63,54005,378035.0,PMO - US,Hetero Unit III Hyderabad IN,Lamivudine/Zidovudine,7.0,N/A - From RDC,SO-43849,FPQ-11022,11/15/12,ARV,151-NG-T30,21-May-13,Air Charter,Adult,60,0.12,SCMS from RDC,N/A - From RDC,See DN-3171 (ID#:83685)
20560,ASN-27124,Generic,Ghana,06-Aug-14,15-Aug-14,100/25mg,Tablet,Yes,1317.82,Direct Drop,"Lopinavir/Ritonavir 100/25mg [Aluvia], tablets, 60 Tabs",2.74,448,2661.12,PMO - US,ABBVIE Ludwigshafen Germany,Lopinavir/Ritonavir,5.94,4/23/14,SCMS-235810,FPQ-13872,3/24/14,ARV,105-GH-T30,06-Aug-14,Air,Pediatric,60,0.1,ABBVIE LOGISTICS (FORMERLY ABBOTT LOGISTICS BV),FCA,63
85846,DN-2598,Generic,Tanzania,11-Apr-12,11-Apr-12,300mg,Tablet,No,See DN-2598 (ID#:82465),From RDC,"Zidovudine 300mg, tablets, 60 Tabs",1595.66,137759,967068.18,PMO - US,Hetero Unit III Hyderabad IN,Zidovudine,7.02,N/A - From RDC,SO-40610,FPQ-8297,8/22/11,ARV,109-TZ-T30,04-May-12,Truck,Adult,60,0.12,SCMS from RDC,N/A - From RDC,See DN-2598 (ID#:82465)
1063,ASN-3634,Generic,South Africa,02-Dec-08,02-Dec-08,600mg,Tablet,Yes,Freight Included in Commodity Cost,Direct Drop,"Efavirenz 600mg, tablets, 30 Tabs",93.14,3025,47522.75,PMO - US,"Aurobindo Unit III, India",Efavirenz,15.71,Date Not Captured,SCMS-40810,Pre-PQ Process,Pre-PQ Process,ARV,116-ZA-T01,31-Mar-09,Air,Adult,30,0.52,S. BUYS WHOLESALER,DDP,Weight Captured Separately
22116,ASN-16603,Stat-Pak,Nigeria,08-Oct-12,08-Oct-12,MIssing,Test kit,Yes,6418.11,Direct Drop,"HIV 1/2, Stat-Pak HIV, Kit, 20 Tests",138.28,3401,98629.0,PMO - US,Chembio Diagnostics Sys. Inc.,"HIV 1/2, Stat-Pak HIV, Kit",29.0,08-10-12,SCMS-155310,FPQ-10349,7/17/12,HRDT,133-NG-T30,08-Oct-12,Air,HIV test,20,1.45,"CHEMBIO DIAGNOSTIC SYSTEMS, INC.",EXW,972
30030,ASN-8909,Generic,Vietnam,08-Dec-10,08-Dec-10,300mg,Tablet,No,See ASN-8909 (ID#:19905),Direct Drop,"Zidovudine 300mg, tablets, 60 Tabs",2.63,168,1218.0,PMO - US,"Aurobindo Unit III, India",Zidovudine,7.25,07-01-10,SCMS-77250,FPQ-5899,6/23/10,ARV,108-VN-T30,08-Dec-10,Air,Adult,60,0.12,Aurobindo Pharma Limited,EXW,See ASN-8909 (ID#:19905)
11346,DN-1367,Truvada,Nigeria,04-Aug-09,04-Aug-09,300/200mg,Tablet - FDC,Yes,7445.71,From RDC,"Emtricitabine/Tenofovir Disoproxil Fumarate 200/300mg [Truvada], tablets, 30 Tabs",435.37,8462,222127.5,PMO - US,"Aspen-OSD, Port Elizabeth, SA",Emtricitabine/Tenofovir Disoproxil Fumarate,26.25,N/A - From RDC,SO-27817,Pre-PQ Process,Date Not Captured,ARV,151-NG-T01,04-Aug-09,Air Charter,Adult,30,0.88,SCMS from RDC,N/A - From RDC,1225
83575,DN-2576,Generic,Guyana,19-Mar-12,19-Mar-12,300mg,Tablet,Yes,211,From RDC,"Abacavir 300mg, tablets, 60 Tabs",2.6,127,1858.01,PMO - US,Mylan (formerly Matrix) Nashik,Abacavir,14.63,N/A - From RDC,SO-41010,FPQ-8620,10/27/11,ARV,105-GY-T30,30-Mar-12,Air,Adult,60,0.24,SCMS from RDC,N/A - From RDC,25
11142,DN-278,Capillus,Haiti,07-Aug-07,07-Aug-07,MIssing,Test kit,Yes,791.84,From RDC,"HIV 1/2, Capillus HIV Kit, 100 Tests",16.68,75,10425.0,PMO - US,"Trinity Biotech, Plc","HIV 1/2, Capillus HIV Kit",139.0,N/A - From RDC,SO-831,Pre-PQ Process,Pre-PQ Process,HRDT,100-HT-T01,07-Aug-07,Air,HIV test,100,1.39,SCMS from RDC,N/A - From RDC,50
83220,DN-3581,Generic,South Sudan,21-Mar-14,26-Mar-14,600/300/300mg,Tablet - FDC,No,See DN-3581 (ID#:83219),From RDC,"Efavirenz/Lamivudine/Tenofovir Disoproxil Fumarate 600/300/300mg, tablets, 30 Tabs",14.28,1278,13891.86,PMO - US,Mylan (formerly Matrix) Nashik,Efavirenz/Lamivudine/Tenofovir Disoproxil Fumarate,10.87,N/A - From RDC,SO-47100,FPQ-13173,10/28/13,ARV,103-SS-T30,31-Mar-14,Air,Adult,30,0.36,SCMS from RDC,N/A - From RDC,See DN-3581 (ID#:83219)
86500,DN-2779,Generic,Rwanda,31-Jul-12,31-Jul-12,300mg,Tablet,Yes,21520.66,From RDC,"Abacavir 300mg, tablets, 60 Tabs",231.34,12548,165006.2,PMO - US,Mylan (formerly Matrix) Nashik,Abacavir,13.15,N/A - From RDC,SO-42132,FPQ-9888,05-11-12,ARV,107-RW-T30,24-Aug-12,Air,Adult,60,0.22,SCMS from RDC,N/A - From RDC,1297
86083,DN-3702,Generic,Zimbabwe,30-May-14,23-Jun-14,600/300/300mg,Tablet - FDC,No,See DN-3702 (ID#:84928),From RDC,"Efavirenz/Lamivudine/Tenofovir Disoproxil Fumarate 600/300/300mg, tablets, 30 Tabs",885.53,66407,715867.46,PMO - US,Hetero Unit III Hyderabad IN,Efavirenz/Lamivudine/Tenofovir Disoproxil Fumarate,10.78,N/A - From RDC,SO-46650,FPQ-12950,09-10-13,ARV,113-ZW-T30,30-May-14,Truck,Adult,30,0.36,SCMS from RDC,N/A - From RDC,See DN-3702 (ID#:84928)
10994,DN-948,Generic,CÃte dIvoire,03-Dec-08,03-Dec-08,200mg,Tablet,Yes,14336.95,From RDC,"Nevirapine 200mg, tablets, 60 Tabs",141.44,21225,72165.0,PMO - US,"Aurobindo Unit III, India",Nevirapine,3.4,N/A - From RDC,SO-11830,Pre-PQ Process,Pre-PQ Process,ARV,104-CI-T01,03-Dec-08,Air,Adult,60,0.06,SCMS from RDC,N/A - From RDC,2521
11924,DN-1074,Generic,Rwanda,06-Feb-09,06-Feb-09,150mg,Tablet,Yes,5029.05,From RDC,"Lamivudine 150mg, tablets, 60 Tabs",50.36,10530,25693.2,PMO - US,"Aurobindo Unit III, India",Lamivudine,2.44,N/A - From RDC,SO-23000,Pre-PQ Process,Pre-PQ Process,ARV,107-RW-T01,06-Feb-09,Air,Adult,60,0.04,SCMS from RDC,N/A - From RDC,544
83508,DN-2254,Generic,Zambia,11-Jul-11,11-Jul-11,150mg,Tablet,Yes,6801.72,From RDC,"Lamivudine 150mg, tablets, 60 Tabs",71.43,18579,43289.07,PMO - US,Hetero Unit III Hyderabad IN,Lamivudine,2.33,N/A - From RDC,SO-38060,FPQ-6677,11-08-10,ARV,110-ZM-T30,15-Jul-11,Truck,Adult,60,0.04,SCMS from RDC,N/A - From RDC,2029
83188,DN-3437,Generic,Nigeria,26-Nov-13,05-Dec-13,150/300/200mg,Tablet - FDC,Yes,26340,From RDC,"Lamivudine/Nevirapine/Zidovudine 150/200/300mg, tablets, 60 Tabs",1592.02,150000,1287000.0,PMO - US,"Cipla, Goa, India",Lamivudine/Nevirapine/Zidovudine,8.58,N/A - From RDC,SO-47222,FPQ-12248,05-06-13,ARV,151-NG-T30,18-Nov-13,Air Charter,Adult,60,0.14,SCMS from RDC,N/A - From RDC,22942
16473,ASN-10904,Bioline,Tanzania,14-Jul-11,14-Jul-11,MIssing,Test kit,Yes,23650.43,Direct Drop,"HIV 1/2, Bioline 3.0 Kit, Lancets, Capillary pipets, Alcohol swabs included, 25 Tests",330,10000,200000.0,PMO - US,"Standard Diagnostics, Korea","HIV 1/2, Bioline 3.0 Kit, Lancets, Capillary pipets, Alcohol swabs included",20.0,05-02-11,SCMS-100631,FPQ-6936,12/27/10,HRDT,109-TZ-T30,14-Jul-11,Air,HIV test,25,0.8,"Standard Diagnostics, Inc.",EXW,3335
83007,DN-2503,Generic,Guyana,04-Feb-12,04-Feb-12,10mg/ml,Oral solution,Yes,2522.76,From RDC,"Zidovudine 10mg/ml, oral solution w/syringe, Bottle, 240 ml",0.6,204,428.4,PMO - US,"Aurobindo Unit III, India",Zidovudine,2.1,N/A - From RDC,SO-41000,FPQ-8620,10/27/11,ARV,105-GY-T30,30-Mar-12,Air,Pediatric,240,0.01,SCMS from RDC,N/A - From RDC,171
12773,DN-582,Generic,CÃte dIvoire,01-Feb-08,01-Feb-08,1mg/ml,Oral solution,Yes,1704.79,From RDC,"Stavudine 1mg/ml, powder for oral solution, 200 ml",5.66,2326,3535.52,PMO - US,"Aurobindo Unit III, India",Stavudine,1.52,N/A - From RDC,SO-1112,Pre-PQ Process,Pre-PQ Process,ARV,104-CI-T01,01-Feb-08,Air,Pediatric,200,0.01,SCMS from RDC,N/A - From RDC,232
56940,ASN-22141,Generic,Uganda,30-Oct-13,30-Oct-13,300/300mg,Tablet - FDC,Yes,7487.81,Direct Drop,"Lamivudine/Tenofovir Disoproxil Fumarate 300/300mg, tablets, 30 Tabs",95.12,16716,76893.6,PMO - US,"Cipla, Kurkumbh, India",Lamivudine/Tenofovir Disoproxil Fumarate,4.6,7/31/13,SCMS-198530,FPQ-12477,07-08-13,ARV,114-UG-T30,30-Oct-13,Air,Adult,30,0.15,CIPLA LIMITED,EXW,1874
70219,ASN-32754,Determine,Nigeria,30-Jun-15,02-Jul-15,MIssing,Test kit,Yes,26294.95,Direct Drop,"HIV 1/2, Determine Complete HIV Kit, 100 Tests",595.1,5681,505609.0,PMO - US,"Alere Medical Co., Ltd.","HIV 1/2, Determine Complete HIV Kit",89.0,3/13/15,SCMS-270771,FPQ-15504,12-08-14,HRDT,133-NG-T30,30-Jun-15,Air,HIV test,100,0.89,"Orgenics, Ltd",EXW,2307
5280,ASN-387,Generic,Vietnam,16-May-07,16-May-07,100mg,Chewable/dispersible tablet,Yes,14982.1,Direct Drop,"Didanosine 100mg, chewable/dispersible tablets, 60 Tabs",MIssing,1700,17850.0,PMO - US,"Aurobindo Unit III, India",Didanosine,10.5,11/14/06,SCMS-476,Pre-PQ Process,Pre-PQ Process,ARV,108-VN-T01,14-Mar-07,Air,Pediatric,60,0.18,Aurobindo Pharma Limited,EXW,356
14605,ASN-18905,Generic,Haiti,07-Aug-13,07-Aug-13,600mg,Tablet,Yes,7558.01,Direct Drop,"Efavirenz 600mg, tablets, 30 Tabs",286.07,71376,231258.24,PMO - US,"Hetero, Jadcherla, unit 5, IN",Efavirenz,3.24,03-07-13,SCMS-177160,FPQ-11442,1/30/13,ARV,106-HT-T30,07-Aug-13,Ocean,Adult,30,0.11,HETERO LABS LIMITED,EXW,5864
82297,DN-1677,Generic,Uganda,17-Mar-10,17-Mar-10,150mg,Tablet,Yes,6298.34,From RDC,"Lamivudine 150mg, tablets, 60 Tabs",16.83,3519,8586.36,PMO - US,Mylan (formerly Matrix) Nashik,Lamivudine,2.44,N/A - From RDC,SO-35970,FPQ-4325,9/23/09,ARV,114-UG-T30,19-Mar-10,Air,Adult,60,0.04,SCMS from RDC,N/A - From RDC,2538
67703,ASN-25670,Norvir,CÃte dIvoire,25-Apr-14,25-Apr-14,100mg,Tablet,Yes,3765.28,Direct Drop,"Ritonavir 100mg [Norvir], film coated tablets, 60 Tabs",21.13,3000,20550.0,PMO - US,ABBVIE Ludwigshafen Germany,Ritonavir,6.85,12-04-13,SCMS-216970,FPQ-13155,10/22/13,ARV,104-CI-T30,25-Apr-14,Air,Adult,60,0.11,ABBVIE LOGISTICS (FORMERLY ABBOTT LOGISTICS BV),FCA,385
6691,ASN-804,Generic,Vietnam,24-Oct-07,24-Oct-07,300mg,Tablet,Yes,2794.34,Direct Drop,"Zidovudine 300mg, tablets, 60 Tabs",1.43,100,894.0,PMO - US,"Ranbaxy, Paonta Shahib, India",Zidovudine,8.94,07-03-07,SCMS-750,Pre-PQ Process,Pre-PQ Process,ARV,108-VN-T01,24-Oct-07,Air,Adult,60,0.15,SUN PHARMACEUTICAL INDUSTRIES LTD (RANBAXY LABORATORIES LIMITED),EXW,6
10645,DN-478,Generic,CÃte dIvoire,10-Dec-07,10-Dec-07,200mg,Tablet,Yes,3646,From RDC,"Nevirapine 200mg, tablets, 60 Tabs",43.52,8000,27200.0,PMO - US,"Strides, Bangalore, India.",Nevirapine,3.4,N/A - From RDC,SO-1408,Pre-PQ Process,Pre-PQ Process,ARV,104-CI-T01,10-Dec-07,Air,Adult,60,0.06,SCMS from RDC,N/A - From RDC,1013
10825,DN-187,Generic,Zimbabwe,12-Jun-07,12-Jun-07,150mg,Tablet,Yes,1013.24,From RDC,"Lamivudine 150mg, tablets, 60 Tabs",12.19,2329,7615.83,PMO - US,"Ranbaxy, Paonta Shahib, India",Lamivudine,3.27,N/A - From RDC,SO-279,Pre-PQ Process,Pre-PQ Process,ARV,113-ZW-T01,12-Jun-07,MIssing,Adult,60,0.05,SCMS from RDC,N/A - From RDC,153
86263,DN-1638,Generic,Uganda,18-Feb-10,18-Feb-10,150/300/200mg,Tablet - FDC,No,See DN-1638 (ID#:84526),From RDC,"Lamivudine/Nevirapine/Zidovudine 150/200/300mg, tablets, 60 Tabs",0.64,29,325.38,PMO - US,"Aurobindo Unit III, India",Lamivudine/Nevirapine/Zidovudine,11.22,N/A - From RDC,SO-35610,FPQ-4275,9/17/09,ARV,114-UG-T30,25-Feb-10,Truck,Adult,60,0.19,SCMS from RDC,N/A - From RDC,See DN-1638 (ID#:84526)
24129,ASN-12833,Determine,Sudan,06-Jan-12,06-Jan-12,MIssing,Test kit,Yes,1712.6,Direct Drop,"HIV 1/2, Determine Complete HIV Kit, 100 Tests",11.31,77,6853.0,PMO - US,"Alere Medical Co., Ltd.","HIV 1/2, Determine Complete HIV Kit",89.0,9/14/11,SCMS-120442,FPQ-8261,8/29/11,HRDT,102-SD-T30,06-Jan-12,Air,HIV test,100,0.89,"Orgenics, Ltd",EXW,36
77519,ASN-7262,Generic,Vietnam,06-Jul-10,06-Jul-10,150/300mg,Tablet - FDC,No,See ASN-7262 (ID#:25201),Direct Drop,"Lamivudine/Zidovudine 150/300mg, tablets, 60 Tabs",252.32,14952,128736.72,PMO - US,"Aurobindo Unit III, India",Lamivudine/Zidovudine,8.61,11-09-09,SCMS-56530,FPQ-4266,10/20/09,ARV,108-VN-T30,06-Jul-10,Air,Adult,60,0.14,Aurobindo Pharma Limited,EXW,See ASN-7262 (ID#:25201)
41042,ASN-14875,Generic,Vietnam,05-Jun-12,05-Jun-12,10mg/ml,Oral solution,No,See ASN-14875 (ID#:35053),Direct Drop,"Zidovudine 10mg/ml, oral solution w/syringe, Bottle, 240 ml",1.47,500,1050.0,PMO - US,"Aurobindo Unit III, India",Zidovudine,2.1,1/18/12,SCMS-131650,FPQ-9001,12/15/11,ARV,108-VN-T30,05-Jun-12,Air,Pediatric,240,0.01,Aurobindo Pharma Limited,EXW,See ASN-14875 (ID#:35053)
86537,DN-2962,Generic,Tanzania,04-Mar-13,04-Mar-13,200/50mg,Tablet,No,See DN-2962 (ID#:85320),From RDC,"Lopinavir/Ritonavir 200/50mg, tablets, 120 Tabs",643.89,17201,459266.7,PMO - US,Mylan (formerly Matrix) Nashik,Lopinavir/Ritonavir,26.7,N/A - From RDC,SO-43120,FPQ-10545,8/24/12,ARV,109-TZ-T30,04-Mar-13,Truck,Adult,120,0.22,SCMS from RDC,N/A - From RDC,See DN-2962 (ID#:85320)
69968,ASN-5497,Generic,South Africa,30-Oct-09,30-Oct-09,50mg,Capsule,Yes,Freight Included in Commodity Cost,Direct Drop,"Efavirenz 50mg, capsule, 30 Caps",0.72,90,369.49,PMO - US,"Aurobindo Unit III, India",Efavirenz,4.11,7/21/09,SCMS-49681,FPQ-3560,05-07-09,ARV,116-ZA-T30,30-Oct-09,Truck,Pediatric,30,0.14,S. BUYS WHOLESALER,DDP,Weight Captured Separately
7276,ASN-2591,Uni-Gold,Ethiopia,06-Oct-08,06-Oct-08,MIssing,Test kit,Yes,18180.65,Direct Drop,"HIV 1/2, Uni-Gold HIV Kit, 20 Tests",215.04,4200,134400.0,PMO - US,"Trinity Biotech, Plc","HIV 1/2, Uni-Gold HIV Kit",32.0,7/31/08,SCMS-27810,Pre-PQ Process,Pre-PQ Process,HRDT,117-ET-T01,06-Oct-08,Air,HIV test,20,1.6,"Trinity Biotech, Plc",EXW,1413
86527,DN-2919,Generic,Zambia,17-Dec-12,17-Dec-12,200/300mg,Tablet - FDC,No,See DN-2919 (ID#:84201),From RDC,"Emtricitabine/Tenofovir Disoproxil Fumarate 200/300mg, tablets, 30 Tabs",1221.19,132175,871033.25,PMO - US,Mylan (formerly Matrix) Nashik,Emtricitabine/Tenofovir Disoproxil Fumarate,6.59,N/A - From RDC,SO-41990,FPQ-9773,4/27/12,ARV,110-ZM-T30,17-Dec-12,Truck,Adult,30,0.22,SCMS from RDC,N/A - From RDC,See DN-2919 (ID#:84201)
75177,ASN-27198,Kaletra,South Africa,10-Jul-14,10-Jul-14,80/20mg/ml,Oral solution,Yes,Freight Included in Commodity Cost,Direct Drop,"Lopinavir/Ritonavir 80/20mg/ml [Kaletra], oral solution, cool, Bottle 5 x 60 ml",0.12,4,93.81,PMO - US,ABBVIE (Abbott) Logis. UK,Lopinavir/Ritonavir,23.45,07-10-14,SCMS-199288,FPQ-12522,07-11-13,ARV,116-ZA-T30,10-Jul-14,Truck,Pediatric,300,0.08,S. BUYS WHOLESALER,DDP,Weight Captured Separately
58305,ASN-17278,Uni-Gold,Tanzania,02-Jan-13,02-Jan-13,MIssing,Test kit,Yes,1908.34,Direct Drop,"HIV 1/2, Uni-Gold HIV Kit, 20 Tests",15.16,383,12256.0,PMO - US,"Trinity Biotech, Plc","HIV 1/2, Uni-Gold HIV Kit",32.0,10/18/12,SCMS-162830,FPQ-10809,10-11-12,HRDT,109-TZ-T30,02-Jan-13,Air,HIV test,20,1.6,"Trinity Biotech, Plc",EXW,125
10945,DN-709,Generic,Zimbabwe,21-Apr-08,21-Apr-08,150/30mg,Tablet - FDC,Yes,15252.7,From RDC,"Lamivudine/Stavudine 150/30mg, tablets, 30 Tabs",5.12,1600,3200.0,PMO - US,"Cipla, Goa, India",Lamivudine/Stavudine,2.0,N/A - From RDC,SO-714,Pre-PQ Process,Pre-PQ Process,ARV,100-ZW-T01,21-Apr-08,Air,Adult,30,0.07,SCMS from RDC,N/A - From RDC,2519
82736,DN-3952,Generic,Burundi,15-Oct-14,28-Oct-14,150/300mg,Tablet - FDC,Yes,4218.74,From RDC,"Lamivudine/Zidovudine 150/300mg, tablets, 60 Tabs",9.69,1428,9424.8,PMO - US,"Aurobindo Unit III, India",Lamivudine/Zidovudine,6.6,N/A - From RDC,SO-48630,FPQ-14112,4/18/14,ARV,102-BI-T30,31-Oct-14,Air,Adult,60,0.11,SCMS from RDC,N/A - From RDC,331
82404,DN-2356,Generic,Nigeria,28-Sep-11,28-Sep-11,200/300mg,Tablet - FDC,Yes,18495.9,From RDC,"Emtricitabine/Tenofovir Disoproxil Fumarate 200/300mg, tablets, 30 Tabs",1860.99,115089,1127872.2,PMO - US,Mylan (formerly Matrix) Nashik,Emtricitabine/Tenofovir Disoproxil Fumarate,9.8,N/A - From RDC,SO-39997,FPQ-7812,06-06-11,ARV,151-NG-T30,03-Nov-11,Air Charter,Adult,30,0.33,SCMS from RDC,N/A - From RDC,11004
62168,ASN-32138,Generic,South Africa,12-May-15,12-May-15,300mg,Tablet,No,Freight Included in Commodity Cost,Direct Drop,"Tenofovir Disoproxil Fumarate 300mg, tablets, 30 Tabs",0.04,3,41.45,PMO - US,Mylan (formerly Matrix) Nashik,Tenofovir Disoproxil Fumarate,13.82,05-11-15,SCMS-259075,FPQ-14942,09-11-14,ARV,116-ZA-T30,12-May-15,Truck,Adult,30,0.46,PHARMACY DIRECT,DDP,Weight Captured Separately
86251,DN-1598,Generic,Uganda,23-Dec-09,23-Dec-09,300/300mg,Tablet - FDC,No,See DN-1598 (ID#:83392),From RDC,"Lamivudine/Tenofovir Disoproxil Fumarate 300/300mg, tablets, 30 Tabs",23.72,1100,11000.0,PMO - US,Mylan (formerly Matrix) Nashik,Lamivudine/Tenofovir Disoproxil Fumarate,10.0,N/A - From RDC,SO-34840,FPQ-4497,10/28/09,ARV,114-UG-T30,17-Feb-10,Air,Adult,30,0.33,SCMS from RDC,N/A - From RDC,See DN-1598 (ID#:83392)
86601,DN-3312,Generic,CÃte dIvoire,13-Sep-13,13-Sep-13,300/300mg,Tablet - FDC,Yes,3738.53,From RDC,"Lamivudine/Tenofovir Disoproxil Fumarate 300/300mg, tablets, 30 Tabs",32.29,4900,23030.0,PMO - US,"Aurobindo Unit VII, IN",Lamivudine/Tenofovir Disoproxil Fumarate,4.7,N/A - From RDC,SO-43361,FPQ-10633,09-11-12,ARV,104-CI-T30,30-Sep-13,Truck,Adult,30,0.16,SCMS from RDC,N/A - From RDC,487
86438,DN-2493,Generic,"Congo, DRC",14-Feb-12,14-Feb-12,600mg,Tablet,No,See DN-2493 (ID#:82432),From RDC,"Efavirenz 600mg, tablets, 30 Tabs",0.24,42,173.04,PMO - US,"Strides, Bangalore, India.",Efavirenz,4.12,N/A - From RDC,SO-41131,FPQ-8840,11/21/11,ARV,101-CD-T30,16-Mar-12,Air,Adult,30,0.14,SCMS from RDC,N/A - From RDC,See DN-2493 (ID#:82432)
77712,ASN-10066,Determine,Tanzania,14-Apr-11,14-Apr-11,MIssing,Test kit,Yes,1489.33,Direct Drop,"HIV 1/2, Determine Complete HIV Kit, 100 Tests",3.96,30,2400.0,PMO - US,Inverness Japan,"HIV 1/2, Determine Complete HIV Kit",80.0,02-02-11,SCMS-97140,FPQ-6925,12/27/10,HRDT,109-TZ-T30,14-Apr-11,Air,HIV test,100,0.8,"Orgenics, Ltd",EXW,14
57661,ASN-11112,Determine,Sudan,01-Jul-11,01-Jul-11,MIssing,Test kit - Ancillary,Yes,1209.56,Direct Drop,"Capillary Tubes, for Determine, EDTA, 50uL,100 Pcs",0.65,33,396.0,PMO - US,Inverness Japan,"HIV, Capillary Tubes, for Determine, EDTA, 50uL,100 Pcs",12.0,05-02-11,SCMS-107750,FPQ-7320,3/29/11,HRDT,102-SD-T30,01-Jul-11,Air,HIV test - Ancillary,100,0.12,"Orgenics, Ltd",EXW,3
11385,DN-100,Generic,Rwanda,14-May-07,14-May-07,40mg,Capsule,No,See DN-100 (ID#:10823),From RDC,"Stavudine 40mg, capsules, 60 Caps",MIssing,306,651.78,PMO - US,"Strides, Bangalore, India.",Stavudine,2.13,N/A - From RDC,SO-481,Pre-PQ Process,Pre-PQ Process,ARV,107-RW-T01,14-May-07,Air,Adult,60,0.04,SCMS from RDC,N/A - From RDC,See DN-100 (ID#:10823)
12664,DN-246,Generic,Tanzania,13-Aug-07,13-Aug-07,600mg,Tablet,No,See DN-246 (ID#:11138),From RDC,"Efavirenz 600mg, tablets, 30 Tabs",81.92,3149,51202.74,PMO - US,"Aurobindo Unit III, India",Efavirenz,16.26,N/A - From RDC,SO-441,Pre-PQ Process,Pre-PQ Process,ARV,109-TZ-T01,13-Aug-07,Air,Adult,30,0.54,SCMS from RDC,N/A - From RDC,See DN-246 (ID#:11138)
73079,ASN-16038,Generic,Tanzania,04-Oct-12,04-Oct-12,150/300mg,Tablet - FDC,Yes,15241.75,Direct Drop,"Lamivudine/Zidovudine 150/300mg, tablets, 60 Tabs",394.56,39360,281424.0,PMO - US,"Aurobindo Unit III, India",Lamivudine/Zidovudine,7.15,08-09-12,SCMS-156520,FPQ-10394,7/26/12,ARV,109-TZ-T30,27-Sep-12,Air,Adult,60,0.12,Aurobindo Pharma Limited,EXW,3421
32029,ASN-27586,Generic,Zimbabwe,17-Sep-14,19-Sep-14,300/300mg,Tablet - FDC,Yes,25682.65,Direct Drop,"Lamivudine/Tenofovir Disoproxil Fumarate 300/300mg, tablets, 30 Tabs",200.38,42192,194927.04,PMO - US,Hetero Unit III Hyderabad IN,Lamivudine/Tenofovir Disoproxil Fumarate,4.62,5/27/14,SCMS-240570,FPQ-13939,04-01-14,ARV,113-ZW-T30,17-Sep-14,Air Charter,Adult,30,0.15,HETERO LABS LIMITED,EXW,4584
11317,DN-1222,Generic,Uganda,24-Jun-09,24-Jun-09,600mg,Tablet,Yes,1954.23,From RDC,"Efavirenz 600mg, tablets, 30 Tabs",16.52,867,8427.24,PMO - US,Mylan (formerly Matrix) Nashik,Efavirenz,9.72,N/A - From RDC,SO-26140,Pre-PQ Process,Pre-PQ Process,ARV,114-UG-T01,24-Jun-09,Air,Adult,30,0.32,SCMS from RDC,N/A - From RDC,76
84664,DN-2310,Generic,Haiti,11-Aug-11,11-Aug-11,150/300mg,Tablet - FDC,No,See DN-2310 (ID#:82968),From RDC,"Lamivudine/Zidovudine 150/300mg, tablets, 60 Tabs",267.45,18958,162090.9,PMO - US,Mylan (formerly Matrix) Nashik,Lamivudine/Zidovudine,8.55,N/A - From RDC,SO-38213,FPQ-6801,12/14/10,ARV,106-HT-T30,19-Jul-11,Air,Adult,60,0.14,SCMS from RDC,N/A - From RDC,See DN-2310 (ID#:82968)
31712,ASN-17696,Generic,Vietnam,30-Jan-13,30-Jan-13,50mg,Capsule,Yes,798.95,Direct Drop,"Efavirenz 50mg, capsule, 30 Caps",4.98,1760,3555.2,PMO - US,"Micro labs, Verna, Goa, India",Efavirenz,2.02,8/15/12,SCMS-156260,FPQ-10287,7/25/12,ARV,108-VN-T30,30-Jan-13,Air,Pediatric,30,0.07,MICRO LABS LIMITED,EXW,126
8192,ASN-1305,Generic,Rwanda,11-Mar-08,11-Mar-08,150/200/30mg,Tablet - FDC,Yes,35034.75,Direct Drop,"Lamivudine/Nevirapine/Stavudine 150/200/30mg, tablets, 60 Tabs",1120,100000,700000.0,PMO - US,"Cipla, Goa, India",Lamivudine/Nevirapine/Stavudine,7.0,11/21/07,SCMS-14220,Pre-PQ Process,Pre-PQ Process,ARV,107-RW-T01,28-Apr-08,Air,Adult,60,0.12,CIPLA LIMITED,CIP,10303
83445,DN-1883,Generic,Nigeria,17-Aug-10,17-Aug-10,150/300/200mg,Tablet - FDC,Yes,6147.18,From RDC,"Lamivudine/Nevirapine/Zidovudine 150/200/300mg, tablets, 60 Tabs",483.81,20000,224400.0,PMO - US,"Aurobindo Unit III, India",Lamivudine/Nevirapine/Zidovudine,11.22,N/A - From RDC,SO-36432,FPQ-5023,02-10-10,ARV,151-NG-T30,31-Aug-10,Air,Adult,60,0.19,SCMS from RDC,N/A - From RDC,2406
78329,ASN-17837,Stat-Pak,CÃte dIvoire,20-Feb-13,20-Feb-13,MIssing,Test kit,Yes,7811.66,Direct Drop,"HIV 1/2, Stat-Pak HIV, Kit, 20 Tests",98.55,2424,70296.0,PMO - US,Chembio Diagnostics Sys. Inc.,"HIV 1/2, Stat-Pak HIV, Kit",29.0,6/13/12,SCMS-147580,FPQ-9874,05-11-12,HRDT,104-CI-T30,20-Feb-13,Air,HIV test,20,1.45,"CHEMBIO DIAGNOSTIC SYSTEMS, INC.",EXW,621
55009,ASN-30792,Generic,South Africa,19-Feb-15,19-Feb-15,150/300mg,Tablet - FDC,No,Freight Included in Commodity Cost,Direct Drop,"Lamivudine/Zidovudine 150/300mg, tablets, 60 Tabs",0.1,3,93.57,PMO - US,"Aurobindo Unit III, India",Lamivudine/Zidovudine,31.19,05-08-14,SCMS-238550,FPQ-13973,4/30/14,ARV,116-ZA-T30,19-Feb-15,Truck,Adult,60,0.52,PHARMACY DIRECT,DDP,Weight Captured Separately
82961,DN-2271,Generic,Nigeria,06-Jul-11,06-Jul-11,600/200/300mg,Tablet - FDC,Yes,13398.06,From RDC,"Efavirenz/Emtricitabine/Tenofovir Disoproxil Fumarate 600/200/300mg, tablets, 30 Tabs",2057.9,62611,1247211.12,PMO - US,Mylan (formerly Matrix) Nashik,Efavirenz/Emtricitabine/Tenofovir Disoproxil Fumarate,19.92,N/A - From RDC,SO-40080,FPQ-7217,2/21/11,ARV,151-NG-T30,30-Jun-11,Air Charter,Adult,30,0.66,SCMS from RDC,N/A - From RDC,7190
26879,ASN-9477,Generic,South Africa,10-Mar-11,10-Mar-11,10mg/ml,Oral suspension,Yes,6660.05,Direct Drop,"Nevirapine 10mg/ml, oral suspension w/syringe, Bottle, 240 ml",46.77,10233,21693.96,PMO - US,"Aurobindo Unit III, India",Nevirapine,2.12,9/24/10,SCMS-83790,FPQ-6262,8/31/10,ARV,161-ZA-T30,06-Jan-11,Ocean,Pediatric,240,0.01,Aurobindo Pharma Limited,DDP,3542
7321,ASN-2658,Determine,Mozambique,01-Nov-08,01-Nov-08,MIssing,Test kit,No,See ASN-2658 (ID#:4650),Direct Drop,"HIV 1/2, Determine HIV Kit, without Lancets, 100 Tests",1085.06,7690,553603.1,PMO - US,Inverness Japan,"HIV 1/2, Determine HIV Kit, without Lancets",71.99,8/26/08,SCMS-28730,Pre-PQ Process,Pre-PQ Process,HRDT,111-MZ-T01,01-Nov-08,Air,HIV test,100,0.72,"Orgenics, Ltd",EXW,See ASN-2658 (ID#:4650)
12272,DN-1177,Generic,Mozambique,15-May-09,15-May-09,30mg,Capsule,Yes,1217.37,From RDC,"Stavudine 30mg, capsules, 60 Caps",1.91,630,976.5,PMO - US,"Aurobindo Unit III, India",Stavudine,1.55,N/A - From RDC,SO-27430,Pre-PQ Process,Pre-PQ Process,ARV,111-MZ-T01,15-May-09,Air,Adult,60,0.03,SCMS from RDC,N/A - From RDC,42
85672,DN-1829,Generic,Zimbabwe,31-May-10,31-May-10,600mg,Tablet,No,See DN-1829 (ID#:82320),From RDC,"Efavirenz 600mg, tablets, 30 Tabs",60.42,5900,28025.0,PMO - US,"Aurobindo Unit III, India",Efavirenz,4.75,N/A - From RDC,SO-35400,FPQ-4694,12-08-09,ARV,113-ZW-T30,31-May-10,Truck,Adult,30,0.16,SCMS from RDC,N/A - From RDC,See DN-1829 (ID#:82320)
84307,DN-3424,Generic,Rwanda,05-Feb-14,24-Feb-14,10mg/ml,Oral solution,Yes,6638.3,From RDC,"Lamivudine 10mg/ml, oral solution w/syringe, Bottle, 240 ml",9.39,5233,7587.85,PMO - US,"Aurobindo Unit III, India",Lamivudine,1.45,N/A - From RDC,SO-45401,FPQ-12190,05-06-13,ARV,107-RW-T30,29-Nov-13,Truck,Pediatric,240,0.01,SCMS from RDC,N/A - From RDC,1855
86135,DN-3907,Generic,Namibia,15-Sep-14,25-Sep-14,150/300mg,Tablet - FDC,No,See DN-3907 (ID#:82729),From RDC,"Lamivudine/Zidovudine 150/300mg, tablets, 60 Tabs",89.39,13337,86957.24,PMO - US,"Aurobindo Unit III, India",Lamivudine/Zidovudine,6.52,N/A - From RDC,SO-49560,FPQ-14670,7/30/14,ARV,901-NA-T30,30-Sep-14,Truck,Adult,60,0.11,SCMS from RDC,N/A - From RDC,See DN-3907 (ID#:82729)
86452,DN-2534,Generic,Haiti,12-Mar-12,12-Mar-12,20mg,Capsule,Yes,1109,From RDC,"Stavudine 20mg, capsules, 60 Caps",0.61,270,372.6,PMO - US,"Aurobindo Unit III, India",Stavudine,1.38,N/A - From RDC,SO-39740,FPQ-7653,05-11-11,ARV,106-HT-T30,15-Mar-12,Air,Adult,60,0.02,SCMS from RDC,N/A - From RDC,16
86757,DN-4052,Generic,Nigeria,29-Dec-14,06-Jan-15,150/300/200mg,Tablet - FDC,No,See DN-4052 (ID#:85005),From RDC,"Lamivudine/Nevirapine/Zidovudine 150/200/300mg, tablets, 60 Tabs",2436.34,306992,2369978.24,PMO - US,"Cipla, Goa, India",Lamivudine/Nevirapine/Zidovudine,7.72,N/A - From RDC,SO-48892,FPQ-14156,4/25/14,ARV,151-NG-T30,30-Jan-15,Air Charter,Adult,60,0.13,SCMS from RDC,N/A - From RDC,See DN-4052 (ID#:85005)
3008,ASN-2359,Stat-Pak,Nigeria,19-Sep-08,19-Sep-08,MIssing,Test kit,Yes,20635.3,Direct Drop,"HIV 1/2, Stat-Pak HIV, Kit, 20 Tests",390.87,9048,244296.0,PMO - US,Chembio Diagnostics Sys. Inc.,"HIV 1/2, Stat-Pak HIV, Kit",27.0,1/29/08,SCMS-16890,Pre-PQ Process,Pre-PQ Process,HRDT,102-NG-T01,19-Sep-08,Air,HIV test,20,1.35,"CHEMBIO DIAGNOSTIC SYSTEMS, INC.",EXW,2985
69505,ASN-28033,Generic,South Africa,29-Aug-14,29-Aug-14,150/200/30mg,Tablet - FDC,No,Freight Included in Commodity Cost,Direct Drop,"Lamivudine/Nevirapine/Stavudine 150/200/30mg, tablets, 60 Tabs",0.71,19,574.65,PMO - US,"Cipla, Goa, India",Lamivudine/Nevirapine/Stavudine,30.24,8/29/14,SCMS-199289,FPQ-12522,07-11-13,ARV,116-ZA-T30,29-Aug-14,Truck,Adult,60,0.5,S. BUYS WHOLESALER,DDP,Weight Captured Separately
8438,ASN-1909,Generic,Botswana,11-Jul-08,11-Jul-08,MIssing,Test kit - Ancillary,Yes,Invoiced Separately,Direct Drop,"HIV, Lancet, Safety, for HIV Test kits, 100 Pcs",0,100,1.0,PMO - US,Inverness Japan,"HIV, Lancet, Safety, for HIV Test kits, 100 Pcs",0.01,4/28/08,SCMS-22700,Pre-PQ Process,Pre-PQ Process,HRDT,102-BW-T01,31-Jul-08,Air,HIV test - Ancillary,100,0.0,"Orgenics, Ltd",EXW,Weight Captured Separately
12830,DN-1049,Generic,Kenya,15-Jan-09,15-Jan-09,600mg,Tablet,Yes,Invoiced Separately,From RDC,"Efavirenz 600mg, tablets, 30 Tabs",0.07,3770,37.7,PMO - US,"Aurobindo Unit III, India",Efavirenz,0.01,N/A - From RDC,SO-21980,Pre-PQ Process,Pre-PQ Process,ARV,127-KE-T01,15-Jan-09,Air,Adult,30,0.0,SCMS from RDC,N/A - From RDC,Weight Captured Separately
84812,DN-3131,Generic,Zimbabwe,29-Apr-13,29-Apr-13,300/300mg,Tablet - FDC,No,See DN-3131 (ID#:83136),From RDC,"Lamivudine/Tenofovir Disoproxil Fumarate 300/300mg, tablets, 30 Tabs",581.39,100000,470000.0,PMO - US,Hetero Unit III Hyderabad IN,Lamivudine/Tenofovir Disoproxil Fumarate,4.7,N/A - From RDC,SO-43710,FPQ-11002,11/16/12,ARV,113-ZW-T30,06-May-13,Truck,Adult,30,0.16,SCMS from RDC,N/A - From RDC,See DN-3131 (ID#:83136)
85326,DN-2989,Generic,Zimbabwe,11-Feb-13,11-Feb-13,200mg,Tablet,No,See DN-2989 (ID#:84216),From RDC,"Nevirapine 200mg, tablets, 60 Tabs",446.11,131487,318198.54,PMO - US,Hetero Unit III Hyderabad IN,Nevirapine,2.42,N/A - From RDC,SO-43220,FPQ-10632,09-11-12,ARV,113-ZW-T30,11-Feb-13,Truck,Adult,60,0.04,SCMS from RDC,N/A - From RDC,See DN-2989 (ID#:84216)
83064,DN-2791,Generic,Nigeria,14-Aug-12,14-Aug-12,150/300mg,Tablet - FDC,Yes,18461.23,From RDC,"Lamivudine/Zidovudine 150/300mg, tablets, 60 Tabs",11.75,1048,8384.0,PMO - US,"Cipla, Goa, India",Lamivudine/Zidovudine,8.0,N/A - From RDC,SO-42930,FPQ-9432,03-01-12,ARV,151-NG-T30,20-Aug-12,Air Charter,Adult,60,0.13,SCMS from RDC,N/A - From RDC,4809
7868,ASN-4696,Invirase,Tanzania,25-Sep-09,25-Sep-09,200mg,Capsule,Yes,16751.58,Direct Drop,"Saquinavir 200mg [Invirase], capsules, 270 Caps",904.42,5178,461436.41,PMO - US,Roche Basel,Saquinavir,89.11,5/28/09,SCMS-46510,Pre-PQ Process,Pre-PQ Process,ARV,109-TZ-T01,25-Sep-09,Air,Adult,270,0.33,Hoffmann-La Roche ltd Basel,FCA,2666
12314,DN-1404,Generic,Zambia,22-Sep-09,22-Sep-09,300/300mg,Tablet - FDC,Yes,6759.28,From RDC,"Lamivudine/Tenofovir Disoproxil Fumarate 300/300mg, tablets, 30 Tabs",2073.68,92000,1058000.0,PMO - US,Mylan (formerly Matrix) Nashik,Lamivudine/Tenofovir Disoproxil Fumarate,11.5,N/A - From RDC,SO-29080,Pre-PQ Process,Date Not Captured,ARV,110-ZM-T01,22-Sep-09,Truck,Adult,30,0.38,SCMS from RDC,N/A - From RDC,7678
83086,DN-2886,Generic,Cameroon,17-Oct-12,17-Oct-12,600mg,Tablet,No,See DN-2886 (ID#:82519),From RDC,"Efavirenz 600mg, tablets, 30 Tabs",364.4,71406,259917.84,PMO - US,"Aurobindo Unit III, India",Efavirenz,3.64,N/A - From RDC,SO-43390,FPQ-10641,9/19/12,ARV,900-CM-T30,24-Oct-12,Air Charter,Adult,30,0.12,SCMS from RDC,N/A - From RDC,See DN-2886 (ID#:82519)
56919,ASN-32524,Generic,South Africa,02-Jun-15,02-Jun-15,150/300mg,Tablet - FDC,No,Freight Included in Commodity Cost,Direct Drop,"Lamivudine/Zidovudine 150/300mg, tablets, 60 Tabs",0.31,14,300.08,PMO - US,"Aurobindo Unit III, India",Lamivudine/Zidovudine,21.43,06-02-15,SCMS-259076,FPQ-14942,09-11-14,ARV,116-ZA-T30,02-Jun-15,Truck,Adult,60,0.36,PHARMACY DIRECT,DDP,Weight Captured Separately
14508,ASN-11413,Determine,Zimbabwe,08-Sep-11,08-Sep-11,MIssing,Test kit,Yes,27236.25,Direct Drop,"HIV 1/2, Determine Complete HIV Kit, 100 Tests",360.36,2730,218400.0,PMO - US,Inverness Japan,"HIV 1/2, Determine Complete HIV Kit",80.0,05-05-11,SCMS-108030,FPQ-7521,04-07-11,HRDT,113-ZW-T30,08-Sep-11,Air,HIV test,100,0.8,"Orgenics, Ltd",EXW,1053
58850,ASN-33851,Generic,South Africa,24-Aug-15,24-Aug-15,150mg,Tablet,No,Freight Included in Commodity Cost,Direct Drop,"Lamivudine 150mg, tablets, 60 Tabs",0.89,123,867.36,PMO - US,"Aurobindo Unit III, India",Lamivudine,7.05,10-09-14,SCMS-259079,FPQ-14942,09-11-14,ARV,116-ZA-T30,24-Aug-15,Truck,Adult,60,0.12,PHARMACY DIRECT,DDP,Weight Captured Separately
12171,DN-712,Generic,Zambia,09-May-08,09-May-08,150/300mg,Tablet - FDC,Yes,2347.91,From RDC,"Lamivudine/Zidovudine 150/300mg, tablets, 60 Tabs",756,50000,472500.0,PMO - US,"Aurobindo Unit III, India",Lamivudine/Zidovudine,9.45,N/A - From RDC,SO-1889,Pre-PQ Process,Pre-PQ Process,ARV,110-ZM-T01,09-May-08,MIssing,Adult,60,0.16,SCMS from RDC,N/A - From RDC,4655
71574,ASN-19142,Determine,South Sudan,20-Jul-13,20-Jul-13,MIssing,Test kit - Ancillary,No,See ASN-19142 (ID#:22600),Direct Drop,"Capillary Tubes, for Determine, EDTA, 50uL,100 Pcs",1.14,115,920.0,PMO - US,"Alere Medical Co., Ltd.","HIV, Capillary Tubes, for Determine, EDTA, 50uL,100 Pcs",8.0,2/26/13,SCMS-176930,FPQ-11539,1/24/13,HRDT,105-SS-T30,20-Jul-13,Air,HIV test - Ancillary,100,0.08,"Orgenics, Ltd",EXW,See ASN-19142 (ID#:22600)
65280,ASN-28036,Generic,South Africa,29-Aug-14,29-Aug-14,150mg,Tablet,No,Freight Included in Commodity Cost,Direct Drop,"Lamivudine 150mg, tablets, 60 Tabs",9.45,783,7639.77,PMO - US,Hetero Unit III Hyderabad IN,Lamivudine,9.76,8/29/14,SCMS-199289,FPQ-12522,07-11-13,ARV,116-ZA-T30,29-Aug-14,Truck,Adult,60,0.16,S. BUYS WHOLESALER,DDP,Weight Captured Separately
1634,ASN-1789,Generic,Zambia,30-May-08,30-May-08,MIssing,Test kit - Ancillary,Yes,Freight Included in Commodity Cost,Direct Drop,"HIV, Lancet, Safety, for HIV Test kits, 100 Pcs",0.07,4300,43.0,PMO - US,Inverness Japan,"HIV, Lancet, Safety, for HIV Test kits, 100 Pcs",0.01,2/29/08,SCMS-18240,Pre-PQ Process,Pre-PQ Process,HRDT,110-ZM-T01,06-Jun-08,Air,HIV test - Ancillary,100,0.0,"Orgenics, Ltd",EXW,284
82886,DN-1836,Generic,CÃte dIvoire,25-May-10,25-May-10,10mg/ml,Oral suspension,Yes,2195.9,From RDC,"Nevirapine 10mg/ml, oral suspension, Bottle, 240 ml",5.08,1417,2593.11,PMO - US,"Aurobindo Unit III, India",Nevirapine,1.83,N/A - From RDC,SO-34413,FPQ-4378,10/15/09,ARV,104-CI-T30,31-May-10,Air,Pediatric,240,0.01,SCMS from RDC,N/A - From RDC,538
29734,ASN-16560,Generic,Haiti,20-Dec-12,20-Dec-12,100mg,Capsule,Yes,7727.85,Direct Drop,"Zidovudine 100mg, capsules, 100 Caps",7.74,1200,5520.0,PMO - US,"Aurobindo Unit III, India",Zidovudine,4.6,07-03-12,SCMS-148360,FPQ-9636,5/14/12,ARV,106-HT-T30,20-Dec-12,Ocean,Pediatric,100,0.05,Aurobindo Pharma Limited,EXW,6433
83552,DN-2483,Generic,Tanzania,05-Feb-12,05-Feb-12,600mg,Tablet,No,Freight Included in Commodity Cost,From RDC,"Efavirenz 600mg, tablets, 30 Tabs",452.6,65000,274300.0,PMO - US,"Aurobindo Unit III, India",Efavirenz,4.22,N/A - From RDC,SO-40601,FPQ-8297,8/22/11,ARV,109-TZ-T30,29-Feb-12,Truck,Adult,30,0.14,SCMS from RDC,N/A - From RDC,Weight Captured Separately
8213,ASN-1366,Bundi,Nigeria,24-Jan-08,24-Jan-08,MIssing,Test kit,Yes,Freight Included in Commodity Cost,Direct Drop,"HIV 1/2, Bundi Rapid HIV Kit, 25 Tests",36,600,22500.0,PMO - US,Not Applicable,"HIV 1/2, Bundi Rapid HIV Kit",37.5,12/20/07,SCMS-15060,Pre-PQ Process,Pre-PQ Process,HRDT,102-NG-T01,24-Jan-08,MIssing,HIV test,1,37.5,BUNDI INTERNATIONAL DIAGNOSTICS LTD,DDP,Weight Captured Separately
11062,DN-1373,Generic,Haiti,31-Jul-09,31-Jul-09,50mg,Capsule,Yes,6811.39,From RDC,"Efavirenz 50mg, capsule, 30 Caps",4.79,1092,2446.08,PMO - US,"Aurobindo Unit III, India",Efavirenz,2.24,N/A - From RDC,SO-32760,Pre-PQ Process,Date Not Captured,ARV,106-HT-T01,31-Jul-09,Air,Pediatric,30,0.07,SCMS from RDC,N/A - From RDC,1585
16213,ASN-28054,Stat-Pak,Burundi,26-Sep-14,29-Sep-14,MIssing,Test kit,Yes,694.1,Direct Drop,"HIV 1/2, Stat-Pak Dipstick Assay Kit, 30 Tests",11.75,414,11426.4,PMO - US,Chembio Diagnostics Sys. Inc.,"HIV 1/2, Stat-Pak Dipstick Assay Kit",27.6,08-05-14,SCMS-250100,FPQ-14594,7/17/14,HRDT,102-BI-T30,26-Sep-14,Air,HIV test,30,0.92,"CHEMBIO DIAGNOSTIC SYSTEMS, INC.",EXW,44
73145,ASN-6669,Generic,CÃte dIvoire,12-May-10,12-May-10,300/150/300mg,Tablet - FDC,Yes,5066.44,Direct Drop,"Abacavir/Lamivudine/Zidovudine 300/150/300mg, tablets, 60 Tabs",287.7,4448,133440.0,PMO - US,Mylan (formerly Matrix) Nashik,Abacavir/Lamivudine/Zidovudine,30.0,1/15/10,SCMS-62950,FPQ-4698,12/28/09,ARV,104-CI-T30,12-May-10,Air,Adult,60,0.5,MYLAN LABORATORIES LTD (FORMERLY MATRIX LABORATORIES),EXW,693
84013,DN-1891,Generic,Mozambique,20-Jul-10,20-Jul-10,200mg,Tablet,Yes,1894.2,From RDC,"Nevirapine 200mg, tablets, 60 Tabs",15.64,3000,7980.0,PMO - US,"Strides, Bangalore, India.",Nevirapine,2.66,N/A - From RDC,SO-37050,FPQ-4473,2/26/09,ARV,111-MZ-T30,31-Aug-10,Air,Adult,60,0.04,SCMS from RDC,N/A - From RDC,210
3743,ASN-3623,Viramune,South Africa,03-Dec-08,03-Dec-08,200mg,Tablet,No,Freight Included in Commodity Cost,Direct Drop,"Nevirapine 200mg [Viramune], tablets, 60 Tabs",46.35,1560,23649.6,PMO - US,"Boehringer Ing., Koropi, GR",Nevirapine,15.16,Date Not Captured,SCMS-41040,Pre-PQ Process,Pre-PQ Process,ARV,116-ZA-T01,07-Apr-09,Air,Adult,60,0.25,S. BUYS WHOLESALER,DDP,Weight Captured Separately
7030,ASN-1984,Videx,Vietnam,17-Jul-08,17-Jul-08,25mg,Chewable/dispersible tablet,Yes,2211.05,Direct Drop,"Didanosine 25mg [Videx], chewable tablets, 60 Tabs",4.48,400,2800.0,PMO - US,"BMS Meymac, France",Didanosine,7.0,3/31/08,SCMS-20330,Pre-PQ Process,Pre-PQ Process,ARV,108-VN-T01,17-Jul-08,Air,Pediatric,60,0.12,BRISTOL-MYERS SQUIBB,CIP,82
6848,ASN-1594,Generic,Rwanda,22-Apr-08,22-Apr-08,150/200/30mg,Tablet - FDC,Yes,10500,Direct Drop,"Lamivudine/Nevirapine/Stavudine 150/200/30mg, tablets, 60 Tabs",387.25,34576,242032.0,PMO - US,"Cipla, Goa, India",Lamivudine/Nevirapine/Stavudine,7.0,11/21/07,SCMS-14221,Pre-PQ Process,Pre-PQ Process,ARV,107-RW-T01,28-Apr-08,Air,Adult,60,0.12,CIPLA LIMITED,CIP,3656
77070,ASN-27608,Isentress,South Africa,05-Aug-14,05-Aug-14,400mg,Tablet,No,Freight Included in Commodity Cost,Direct Drop,"Raltegravir 400mg [Isentress], tablets, 60 Tabs",0.49,6,479.95,PMO - US,"MSD, Haarlem, NL",Raltegravir,79.99,08-05-14,SCMS-238552,FPQ-13973,4/30/14,ARV,116-ZA-T30,05-Aug-14,Truck,Adult,60,1.33,PHARMACY DIRECT,DDP,Weight Captured Separately
24653,ASN-21231,Determine,Tanzania,15-Sep-13,15-Sep-13,MIssing,Test kit,Yes,21384.75,Direct Drop,"HIV 1/2, Determine Complete HIV Kit, 100 Tests",0,3029,0.0,PMO - US,"Alere Medical Co., Ltd.","HIV 1/2, Determine Complete HIV Kit",0.0,5/29/13,SCMS-189360,FPQ-12197,4/30/13,HRDT,109-TZ-T30,17-Sep-13,Air,HIV test,100,0.0,"Standard Diagnostics, Inc.",EXW,1255
11550,DN-652,Generic,Uganda,07-Apr-08,07-Apr-08,150/300/200mg,Tablet - FDC,Yes,1472.77,From RDC,"Lamivudine/Nevirapine/Zidovudine 150/200/300mg, tablets, 60 Tabs",31.32,1450,19575.0,PMO - US,"Cipla, Goa, India",Lamivudine/Nevirapine/Zidovudine,13.5,N/A - From RDC,SO-1928,Pre-PQ Process,Pre-PQ Process,ARV,114-UG-T01,07-Apr-08,MIssing,Adult,60,0.22,SCMS from RDC,N/A - From RDC,167
83609,DN-2781,Generic,Uganda,30-Oct-12,30-Oct-12,300/300mg,Tablet - FDC,No,See DN-2781 (ID#:83061),From RDC,"Lamivudine/Tenofovir Disoproxil Fumarate 300/300mg, tablets, 30 Tabs",307.58,39600,219384.0,PMO - US,Mylan (formerly Matrix) Nashik,Lamivudine/Tenofovir Disoproxil Fumarate,5.54,N/A - From RDC,SO-42570,FPQ-10048,06-06-12,ARV,900-UG-T30,30-Oct-12,Air,Adult,30,0.18,SCMS from RDC,N/A - From RDC,See DN-2781 (ID#:83061)
85398,DN-3309,Generic,Tanzania,05-Sep-13,05-Sep-13,10mg/ml,Oral suspension,Yes,17114.5,From RDC,"Nevirapine 10mg/ml, oral suspension w/syringe, Bottle, 240 ml",34.12,14146,27584.7,PMO - US,"Aurobindo Unit III, India",Nevirapine,1.95,N/A - From RDC,SO-44380,FPQ-11393,12/30/12,ARV,109-TZ-T30,15-Oct-13,Truck,Pediatric,240,0.01,SCMS from RDC,N/A - From RDC,5475
82902,DN-1919,Generic,Nigeria,28-Jun-10,28-Jun-10,150/200/30mg,Tablet - FDC,Yes,Freight Included in Commodity Cost,From RDC,"Lamivudine/Nevirapine/Stavudine 150/200/30mg, tablets, 60 Tabs",113.51,9000,52650.0,PMO - US,"Strides, Bangalore, India.",Lamivudine/Nevirapine/Stavudine,5.85,N/A - From RDC,SO-36510,FPQ-5023,02-10-10,ARV,151-NG-T30,15-Jul-10,Air,Adult,60,0.1,SCMS from RDC,N/A - From RDC,653
79193,ASN-15787,Generic,Haiti,08-Aug-12,08-Aug-12,100/25mg,Tablet,Yes,4059.85,Direct Drop,"Lopinavir/Ritonavir 100/25mg [Aluvia], tablets, 60 Tabs",2.24,216,1596.24,PMO - US,ABBVIE Ludwigshafen Germany,Lopinavir/Ritonavir,7.39,06-12-12,SCMS-147120,FPQ-9621,4/20/12,ARV,106-HT-T30,08-Aug-12,Air,Pediatric,60,0.12,SYSMEX AMERICA INC,FCA,24
86185,DN-4195,Generic,"Congo, DRC",06-Jul-15,06-Jul-15,10mg/ml,Oral solution,No,See DN-4195 (ID#:83324),From RDC,"Lamivudine 10mg/ml, oral solution, Bottle, 240 ml",0.25,110,212.3,PMO - US,Hetero Unit III Hyderabad IN,Lamivudine,1.93,N/A - From RDC,SO-50910,FPQ-15787,1/26/15,ARV,101-CD-T30,06-May-15,Air,Pediatric,240,0.01,SCMS from RDC,N/A - From RDC,See DN-4195 (ID#:83324)
13648,ASN-32231,Determine,"Congo, DRC",23-Jul-15,29-Jul-15,MIssing,Test kit,Yes,Invoiced Separately,Direct Drop,"HIV 1/2, Determine Complete HIV Kit, 100 Tests",13.46,143,11440.0,PMO - US,"Alere Medical Co., Ltd.","HIV 1/2, Determine Complete HIV Kit",80.0,3/17/15,SCMS-280220,FPQ-16001,03-10-15,HRDT,101-CD-T30,23-Jul-15,Air,HIV test,100,0.8,"Orgenics, Ltd",EXW,Weight Captured Separately
83230,DN-3575,Generic,CÃte dIvoire,10-Mar-14,06-May-14,10mg/ml,Oral solution,Yes,11961.04,From RDC,"Lamivudine 10mg/ml, oral solution w/syringe, Bottle, 240 ml",11.76,8000,11440.0,PMO - US,"Aurobindo Unit III, India",Lamivudine,1.43,N/A - From RDC,SO-47140,FPQ-13142,10/22/13,ARV,104-CI-T30,18-Mar-14,Truck,Pediatric,240,0.01,SCMS from RDC,N/A - From RDC,2933
12803,DN-645,Generic,Zimbabwe,07-Mar-08,07-Mar-08,300mg,Tablet,Yes,1593.48,From RDC,"Zidovudine 300mg, tablets, 60 Tabs",41.47,3180,25917.0,PMO - US,"Aurobindo Unit III, India",Zidovudine,8.15,N/A - From RDC,SO-1921,Pre-PQ Process,Pre-PQ Process,ARV,113-ZW-T01,07-Mar-08,Truck,Adult,60,0.14,SCMS from RDC,N/A - From RDC,182
85301,DN-2837,Generic,CÃte dIvoire,05-Sep-12,05-Sep-12,200mg,Capsule,No,See DN-2837 (ID#:82507),From RDC,"Efavirenz 200mg, capsule, 90 Caps",39.37,3400,28084.0,PMO - US,"Aurobindo Unit III, India",Efavirenz,8.26,N/A - From RDC,SO-42382,FPQ-9749,4/19/12,ARV,104-CI-T30,13-Nov-12,Truck,Pediatric,90,0.09,SCMS from RDC,N/A - From RDC,See DN-2837 (ID#:82507)
83728,DN-3366,Generic,Nigeria,14-Oct-13,24-Oct-13,150/300/200mg,Tablet - FDC,No,See DN-3366 (ID#:82612),From RDC,"Lamivudine/Nevirapine/Zidovudine 150/200/300mg, tablets, 60 Tabs",796.01,75000,643500.0,PMO - US,Hetero Unit III Hyderabad IN,Lamivudine/Nevirapine/Zidovudine,8.58,N/A - From RDC,SO-44932,FPQ-11864,3/14/13,ARV,151-NG-T30,31-Oct-13,Air Charter,Adult,60,0.14,SCMS from RDC,N/A - From RDC,See DN-3366 (ID#:82612)
12432,DN-434,Generic,CÃte dIvoire,22-Nov-07,22-Nov-07,200mg,Chewable/dispersible tablet,No,See DN-434 (ID#:11483),From RDC,"Didanosine 200mg, chewable/dispersible tablets, 60 Tabs",475.3,7744,297059.84,PMO - US,"Aurobindo Unit III, India",Didanosine,38.36,N/A - From RDC,SO-1101,Pre-PQ Process,Pre-PQ Process,ARV,104-CI-T01,22-Nov-07,Air,Pediatric,60,0.64,SCMS from RDC,N/A - From RDC,See DN-434 (ID#:11483)
84032,DN-1984,Generic,CÃte dIvoire,23-Aug-10,23-Aug-10,50mg,Capsule,No,See DN-1984 (ID#:83453),From RDC,"Efavirenz 50mg, capsule, 30 Caps",11.76,2436,5456.64,PMO - US,"Aurobindo Unit III, India",Efavirenz,2.24,N/A - From RDC,SO-36890,FPQ-5623,05-07-10,ARV,104-CI-T30,31-Aug-10,Air,Pediatric,30,0.07,SCMS from RDC,N/A - From RDC,See DN-1984 (ID#:83453)
86785,DN-4149,Generic,Rwanda,24-Mar-15,24-Mar-15,20mg/ml,Oral solution,No,See DN-4149 (ID#:82782),From RDC,"Abacavir 20mg/ml, oral solution, Bottle, 240 ml",12.78,1820,12430.6,PMO - US,"Aurobindo Unit III, India",Abacavir,6.83,N/A - From RDC,SO-48810,FPQ-14111,4/22/14,ARV,107-RW-T30,31-Mar-15,Truck,Pediatric,240,0.03,SCMS from RDC,N/A - From RDC,See DN-4149 (ID#:82782)
12826,DN-1004,Generic,Pakistan,17-Nov-08,17-Nov-08,MIssing,Test kit - Ancillary,No,See DN-1004 (ID#:11280),From RDC,"HIV, Lancet, Safety, for HIV Test kits, 100 Pcs",0,12,0.12,PMO - US,Inverness Japan,"HIV, Lancet, Safety, for HIV Test kits, 100 Pcs",0.01,N/A - From RDC,SO-14930,Pre-PQ Process,Pre-PQ Process,HRDT,100-PK-T01,17-Nov-08,Air,HIV test - Ancillary,100,0.0,SCMS from RDC,N/A - From RDC,See DN-1004 (ID#:11280)
11947,DN-960,Generic,Nigeria,30-Oct-08,30-Oct-08,200mg,Capsule,No,See DN-960 (ID#:11945),From RDC,"Efavirenz 200mg, capsule, 90 Caps",35.5,1132,18112.0,PMO - US,"Aurobindo Unit III, India",Efavirenz,16.0,N/A - From RDC,SO-2554,Pre-PQ Process,Pre-PQ Process,ARV,123-NG-T01,30-Oct-08,Air,Pediatric,90,0.18,SCMS from RDC,N/A - From RDC,See DN-960 (ID#:11945)
13809,ASN-32902,Generic,Nigeria,05-Aug-15,10-Aug-15,300/100mg,Tablet,Yes,Invoiced Separately,Direct Drop,"Atazanavir/Ritonavir 300/100mg, tablets, 30 Tabs",84.38,4560,82080.0,PMO - US,"Emcure Plot No.P-2, I.T-B.T. Park, Phase II, MIDC, Hinjwadi, Pune, India",Atazanavir/Ritonavir,18.0,8/29/14,SCMS-254170,FPQ-14780,8/13/14,ARV,151-NG-T30,05-Aug-15,Air,Adult,30,0.6,EMCURE PHARMACEUTICALS LTD,EXW,Weight Captured Separately
10803,DN-1557,Invirase,CÃte dIvoire,20-Dec-09,20-Dec-09,200mg,Capsule,Yes,Invoiced Separately,From RDC,"Saquinavir 200mg [Invirase], capsules, 270 Caps",177.79,1042,82463.88,PMO - US,Roche Basel,Saquinavir,79.14,N/A - From RDC,SO-1688,Pre-PQ Process,Date Not Captured,ARV,104-CI-T01,20-Dec-09,Air,Adult,270,0.29,SCMS from RDC,N/A - From RDC,Weight Captured Separately
32496,ASN-23000,Generic,Vietnam,23-Dec-13,23-Dec-13,150/300mg,Tablet - FDC,Yes,1009.6,Direct Drop,"Lamivudine/Zidovudine 150/300mg, tablets, 60 Tabs",38.92,4848,31463.52,PMO - US,Mylan (formerly Matrix) Nashik,Lamivudine/Zidovudine,6.49,08-02-13,SCMS-199810,FPQ-12539,07-11-13,ARV,108-VN-T30,23-Dec-13,Air,Adult,60,0.11,MYLAN LABORATORIES LTD (FORMERLY MATRIX LABORATORIES),EXW,415
84870,DN-3428,Generic,Mozambique,30-Jan-14,17-Feb-14,300mg,Tablet,No,See DN-3428 (ID#:83186),From RDC,"Zidovudine 300mg, tablets, 60 Tabs",91.73,13290,74158.2,PMO - US,Hetero Unit III Hyderabad IN,Zidovudine,5.58,N/A - From RDC,SO-45893,FPQ-12416,6/28/13,ARV,111-MZ-T30,29-Nov-13,Truck,Adult,60,0.09,SCMS from RDC,N/A - From RDC,See DN-3428 (ID#:83186)
35977,ASN-33865,Generic,South Africa,24-Aug-15,24-Aug-15,200mg,Capsule,No,Freight Included in Commodity Cost,Direct Drop,"Efavirenz 200mg, capsule, 90 Caps",0.64,34,620.49,PMO - US,"Aurobindo Unit III, India",Efavirenz,18.25,8/24/15,SCMS-295800,FPQ-14942,09-11-14,ARV,116-ZA-T30,24-Aug-15,Truck,Pediatric,90,0.2,PHARMACY DIRECT,DDP,Weight Captured Separately
84185,DN-2805,Generic,Zambia,07-Sep-12,07-Sep-12,600mg,Tablet,Yes,7317.48,From RDC,"Efavirenz 600mg, tablets, 30 Tabs",829.03,155202,591319.62,PMO - US,"Emcure Plot No.P-2, I.T-B.T. Park, Phase II, MIDC, Hinjwadi, Pune, India",Efavirenz,3.81,N/A - From RDC,SO-41711,FPQ-9472,03-08-12,ARV,110-ZM-T30,31-Aug-12,Truck,Adult,30,0.13,SCMS from RDC,N/A - From RDC,11334
85834,DN-2567,Generic,Nigeria,16-Feb-12,16-Feb-12,150mg,Tablet,No,See DN-2567 (ID#:85241),From RDC,"Lamivudine 150mg, tablets, 60 Tabs",25.27,7736,18024.88,PMO - US,"Aurobindo Unit III, India",Lamivudine,2.33,N/A - From RDC,SO-41265,FPQ-8952,12-08-11,ARV,151-NG-T30,20-Jun-12,Air Charter,Adult,60,0.04,SCMS from RDC,N/A - From RDC,See DN-2567 (ID#:85241)
63652,ASN-17085,Determine,Tanzania,07-Dec-12,07-Dec-12,MIssing,Test kit,Yes,22317.25,Direct Drop,"HIV 1/2, Determine Complete HIV Kit, 100 Tests",307.77,2744,219520.0,PMO - US,"Alere Medical Co., Ltd.","HIV 1/2, Determine Complete HIV Kit",80.0,10-04-12,SCMS-157661,FPQ-10396,7/31/12,HRDT,900-TZ-T30,07-Dec-12,Air,HIV test,100,0.8,"Orgenics, Ltd",EXW,1303
26741,ASN-18684,Determine,South Sudan,09-May-13,09-May-13,MIssing,Test kit,Yes,5613.63,Direct Drop,"HIV 1/2, Determine Complete HIV Kit, 100 Tests",59.89,544,48416.0,PMO - US,"Alere Medical Co., Ltd.","HIV 1/2, Determine Complete HIV Kit",89.0,1/22/13,SCMS-173330,FPQ-11382,01-04-13,HRDT,103-SS-T30,09-May-13,Air,HIV test,100,0.89,"Orgenics, Ltd",EXW,226
34380,ASN-27209,Reyataz,South Africa,11-Jul-14,11-Jul-14,150mg,Capsule,Yes,Freight Included in Commodity Cost,Direct Drop,"Atazanavir 150mg [Reyataz], capsules, 60 Caps",0.06,2,51.37,PMO - US,"BMS Evansville, US",Atazanavir,25.68,07-11-14,SCMS-199315,FPQ-12523,07-12-13,ARV,116-ZA-T30,11-Jul-14,Truck,Pediatric,60,0.43,S. BUYS WHOLESALER,DDP,Weight Captured Separately
84164,DN-2635,Generic,Mozambique,28-Jun-12,28-Jun-12,10mg/ml,Oral suspension,Yes,14700,From RDC,"Nevirapine 10mg/ml, oral suspension w/syringe, Bottle, 240 ml",86.25,26807,52273.65,PMO - US,"Aurobindo Unit III, India",Nevirapine,1.95,N/A - From RDC,SO-40380,FPQ-8157,08-04-11,ARV,111-MZ-T30,28-Jun-12,Truck,Pediatric,240,0.01,SCMS from RDC,N/A - From RDC,9937
82575,DN-3153,Generic,Uganda,07-Jun-13,07-Jun-13,30/50/6mg,Chewable/dispersible tablet - FDC,Yes,8163.74,From RDC,"Lamivudine/Nevirapine/Stavudine 30/50/6mg, dispersible tablets, 60 Tabs",1.35,475,1092.5,PMO - US,"Cipla, Goa, India",Lamivudine/Nevirapine/Stavudine,2.3,N/A - From RDC,SO-43873,FPQ-11133,12/13/12,ARV,114-UG-T30,28-Jun-13,Truck,Pediatric,60,0.04,SCMS from RDC,N/A - From RDC,1982
86802,DN-4235,Generic,Mozambique,09-Jun-15,15-Jun-15,150/300/200mg,Tablet - FDC,Yes,28277.42,From RDC,"Lamivudine/Nevirapine/Zidovudine 150/200/300mg, tablets, 60 Tabs",2725.93,300000,2316000.0,PMO - US,Hetero Unit III Hyderabad IN,Lamivudine/Nevirapine/Zidovudine,7.72,N/A - From RDC,SO-50130,FPQ-15195,10/17/14,ARV,111-MZ-T30,29-May-15,Truck,Adult,60,0.13,SCMS from RDC,N/A - From RDC,39688
86451,DN-2521,Generic,Haiti,13-Feb-12,13-Feb-12,150/30mg,Tablet - FDC,No,See DN-2521 (ID#:84704),From RDC,"Lamivudine/Stavudine 150/30mg, tablets, 60 Tabs",1.79,432,1274.4,PMO - US,"Strides, Bangalore, India.",Lamivudine/Stavudine,2.95,N/A - From RDC,SO-41320,FPQ-9056,12/20/11,ARV,106-HT-T30,30-Mar-12,Air,Adult,60,0.05,SCMS from RDC,N/A - From RDC,See DN-2521 (ID#:84704)
10893,DN-373,Generic,Nigeria,20-Sep-07,20-Sep-07,150mg,Tablet,No,See DN-373 (ID#:10623),From RDC,"Lamivudine 150mg, tablets, 60 Tabs",3.25,614,2032.34,PMO - US,"Aurobindo Unit III, India",Lamivudine,3.31,N/A - From RDC,SO-565,Pre-PQ Process,Pre-PQ Process,ARV,112-NG-T01,20-Sep-07,Air,Adult,60,0.06,SCMS from RDC,N/A - From RDC,See DN-373 (ID#:10623)
63432,ASN-12293,Aluvia,CÃte dIvoire,17-Oct-11,17-Oct-11,200/50mg,Tablet,Yes,27376.29,Direct Drop,"Lopinavir/Ritonavir 200/50mg [Aluvia], tablets, 120 Tabs",854.33,16800,517776.0,PMO - US,ABBVIE Ludwigshafen Germany,Lopinavir/Ritonavir,30.82,07-06-11,SCMS-113020,FPQ-7693,05-05-11,ARV,104-CI-T30,17-Oct-11,Air,Adult,120,0.26,ABBVIE LOGISTICS (FORMERLY ABBOTT LOGISTICS BV),FCA,4213
84984,DN-3952,Generic,Burundi,15-Oct-14,28-Oct-14,150/300mg,Tablet - FDC,No,See DN-3952 (ID#:82736),From RDC,"Lamivudine/Zidovudine 150/300mg, tablets, 60 Tabs",17.18,2532,16711.2,PMO - US,Mylan (formerly Matrix) Nashik,Lamivudine/Zidovudine,6.6,N/A - From RDC,SO-48630,FPQ-14112,4/18/14,ARV,102-BI-T30,31-Oct-14,Air,Adult,60,0.11,SCMS from RDC,N/A - From RDC,See DN-3952 (ID#:82736)
34987,ASN-23648,Generic,Vietnam,22-Jan-14,22-Jan-14,600/300/300mg,Tablet - FDC,Yes,3977.24,Direct Drop,"Efavirenz/Lamivudine/Tenofovir Disoproxil Fumarate 600/300/300mg, tablets, 30 Tabs",213.78,15500,172825.0,PMO - US,Mylan (formerly Matrix) Nashik,Efavirenz/Lamivudine/Tenofovir Disoproxil Fumarate,11.15,08-02-13,SCMS-199820,FPQ-12539,07-11-13,ARV,108-VN-T30,13-Jun-14,Air,Adult,30,0.37,MYLAN LABORATORIES LTD (FORMERLY MATRIX LABORATORIES),EXW,1745
31694,ASN-8011,Generic,Rwanda,27-Sep-10,27-Sep-10,150/300/200mg,Tablet - FDC,Yes,65851.29,Direct Drop,"Lamivudine/Nevirapine/Zidovudine 150/200/300mg, tablets, 60 Tabs",1506.41,61290,698706.0,PMO - US,Mylan (formerly Matrix) Nashik,Lamivudine/Nevirapine/Zidovudine,11.4,3/30/10,SCMS-66060,FPQ-5228,2/24/10,ARV,107-RW-T30,27-Sep-10,Air,Adult,60,0.19,MYLAN LABORATORIES LTD (FORMERLY MATRIX LABORATORIES),CIP,7965
11322,DN-1241,Generic,Zambia,10-Jun-09,10-Jun-09,600mg,Tablet,Yes,Freight Included in Commodity Cost,From RDC,"Efavirenz 600mg, tablets, 30 Tabs",1680.58,107180,857440.0,PMO - US,Mylan (formerly Matrix) Nashik,Efavirenz,8.0,N/A - From RDC,SO-30920,Pre-PQ Process,Pre-PQ Process,ARV,110-ZM-T01,10-Jun-09,Truck,Adult,30,0.27,SCMS from RDC,N/A - From RDC,7995
82391,DN-2289,Generic,Zambia,18-Jul-11,18-Jul-11,200/300mg,Tablet - FDC,Yes,3798.73,From RDC,"Emtricitabine/Tenofovir Disoproxil Fumarate 200/300mg, tablets, 30 Tabs",180.45,10015,109363.8,PMO - US,Mylan (formerly Matrix) Nashik,Emtricitabine/Tenofovir Disoproxil Fumarate,10.92,N/A - From RDC,SO-39031,FPQ-7233,03-01-11,ARV,110-ZM-T30,15-Aug-11,Air,Adult,30,0.36,SCMS from RDC,N/A - From RDC,846
11882,DN-770,Generic,Zimbabwe,09-Jun-08,09-Jun-08,600mg,Tablet,No,See DN-770 (ID#:10959),From RDC,"Efavirenz 600mg, tablets, 30 Tabs",36.96,1860,23101.2,PMO - US,"Aurobindo Unit III, India",Efavirenz,12.42,N/A - From RDC,SO-716,Pre-PQ Process,Pre-PQ Process,ARV,100-ZW-T01,09-Jun-08,Air,Adult,30,0.41,SCMS from RDC,N/A - From RDC,See DN-770 (ID#:10959)
83222,DN-3577,Generic,Guyana,16-Apr-14,12-May-14,200/300mg,Tablet - FDC,Yes,4268.06,From RDC,"Emtricitabine/Tenofovir Disoproxil Fumarate 200/300mg, tablets, 30 Tabs",17.38,2881,16911.47,PMO - US,"Aurobindo Unit III, India",Emtricitabine/Tenofovir Disoproxil Fumarate,5.87,N/A - From RDC,SO-46810,FPQ-13071,10-09-13,ARV,105-GY-T30,05-Apr-14,Air,Adult,30,0.2,SCMS from RDC,N/A - From RDC,274
85200,DN-2343,Generic,Zimbabwe,07-Oct-11,07-Oct-11,150/200/30mg,Tablet - FDC,No,See DN-2343 (ID#:82977),From RDC,"Lamivudine/Nevirapine/Stavudine 150/200/30mg, tablets, 60 Tabs",81.9,9226,49635.88,PMO - US,"Cipla, Goa, India",Lamivudine/Nevirapine/Stavudine,5.38,N/A - From RDC,SO-38512,FPQ-7052,1/19/11,ARV,113-ZW-T30,30-Sep-11,Truck,Adult,60,0.09,SCMS from RDC,N/A - From RDC,See DN-2343 (ID#:82977)
10845,DN-236,Stat-Pak,Nigeria,05-Jul-07,05-Jul-07,MIssing,Test kit,Yes,1352,From RDC,"HIV 1/2, Stat-Pak HIV, Kit, 20 Tests",21.6,500,13500.0,PMO - US,Chembio Diagnostics Sys. Inc.,"HIV 1/2, Stat-Pak HIV, Kit",27.0,N/A - From RDC,SO-667,Pre-PQ Process,Pre-PQ Process,HRDT,102-NG-T01,05-Jul-07,MIssing,HIV test,20,1.35,SCMS from RDC,N/A - From RDC,115
11917,DN-921,Generic,Nigeria,28-Sep-08,28-Sep-08,600mg,Tablet,Yes,13353.34,From RDC,"Efavirenz 600mg, tablets, 30 Tabs",480.4,25000,300250.0,PMO - US,"Aurobindo Unit III, India",Efavirenz,12.01,N/A - From RDC,SO-2707,Pre-PQ Process,Pre-PQ Process,ARV,132-NG-T01,28-Sep-08,Air,Adult,30,0.4,SCMS from RDC,N/A - From RDC,6124
55715,ASN-22375,Determine,Mozambique,04-Nov-13,18-Nov-13,MIssing,Test kit,Yes,3453.53,Direct Drop,"HIV 1/2, Determine Complete HIV Kit, 100 Tests",63.83,645,51600.0,PMO - US,"Alere Medical Co., Ltd.","HIV 1/2, Determine Complete HIV Kit",80.0,09-11-13,SCMS-205500,FPQ-12686,7/31/13,HRDT,111-MZ-T30,04-Nov-13,Air,HIV test,100,0.8,"Orgenics, Ltd",EXW,267
22281,ASN-33852,Generic,South Africa,24-Aug-15,24-Aug-15,10mg/ml,Oral solution,No,Freight Included in Commodity Cost,Direct Drop,"Lamivudine 10mg/ml, oral solution, Bottle, 240 ml",0.09,17,91.92,PMO - US,"Aurobindo Unit III, India",Lamivudine,5.41,10-09-14,SCMS-259079,FPQ-14942,09-11-14,ARV,116-ZA-T30,24-Aug-15,Truck,Pediatric,240,0.02,PHARMACY DIRECT,DDP,Weight Captured Separately
84787,DN-3014,Generic,Haiti,03-Jan-13,03-Jan-13,30/50/6mg,Chewable/dispersible tablet - FDC,No,See DN-3014 (ID#:83655),From RDC,"Lamivudine/Nevirapine/Stavudine 30/50/6mg, dispersible tablets, 60 Tabs",1.6,562,1292.6,PMO - US,"Cipla, Goa, India",Lamivudine/Nevirapine/Stavudine,2.3,N/A - From RDC,SO-44410,FPQ-11281,1/16/13,ARV,106-HT-T30,09-Apr-13,Air,Pediatric,60,0.04,SCMS from RDC,N/A - From RDC,See DN-3014 (ID#:83655)
5324,ASN-343,Uni-Gold,Guyana,30-Apr-07,30-Apr-07,MIssing,Test kit,Yes,5240.47,Direct Drop,"HIV 1/2, Uni-Gold HIV Kit, 20 Tests",MIssing,1000,32000.0,PMO - US,"Trinity Biotech, Plc","HIV 1/2, Uni-Gold HIV Kit",32.0,04-02-07,SCMS-526,Pre-PQ Process,Pre-PQ Process,HRDT,102-GY-T01,30-Apr-07,Air,HIV test,20,1.6,"Trinity Biotech, Plc",EXW,337
84756,DN-2864,Generic,Mozambique,10-Oct-12,10-Oct-12,600mg,Tablet,Yes,3855.95,From RDC,"Efavirenz 600mg, tablets, 30 Tabs",118.17,22122,84284.82,PMO - US,"Strides, Bangalore, India.",Efavirenz,3.81,N/A - From RDC,SO-42831,FPQ-10210,6/28/12,ARV,111-MZ-T30,30-Nov-12,Truck,Adult,30,0.13,SCMS from RDC,N/A - From RDC,1409
10832,DN-148,Generic,Mozambique,13-Jun-07,13-Jun-07,300mg,Tablet,No,See DN-148 (ID#:10564),From RDC,"Abacavir 300mg, tablets, 60 Tabs",MIssing,570,20235.0,PMO - US,"Aurobindo Unit III, India",Abacavir,35.5,N/A - From RDC,SO-576,Pre-PQ Process,Pre-PQ Process,ARV,111-MZ-T01,13-Jun-07,Air,Adult,60,0.59,SCMS from RDC,N/A - From RDC,See DN-148 (ID#:10564)
86490,DN-2749,Generic,Zambia,30-Jul-12,30-Jul-12,200/300mg,Tablet - FDC,No,See DN-2749 (ID#:84182),From RDC,"Emtricitabine/Tenofovir Disoproxil Fumarate 200/300mg, tablets, 30 Tabs",1246.03,125000,888750.0,PMO - US,"Aurobindo Unit III, India",Emtricitabine/Tenofovir Disoproxil Fumarate,7.11,N/A - From RDC,SO-41702,FPQ-9472,03-08-12,ARV,110-ZM-T30,23-Aug-12,Truck,Adult,30,0.24,SCMS from RDC,N/A - From RDC,See DN-2749 (ID#:84182)
10684,DN-744,Generic,Haiti,02-Jun-08,02-Jun-08,30mg,Capsule,Yes,12508.65,From RDC,"Stavudine 30mg, capsules, 60 Caps",11.49,4725,7182.0,PMO - US,"Aurobindo Unit III, India",Stavudine,1.52,N/A - From RDC,SO-2053,Pre-PQ Process,Pre-PQ Process,ARV,106-HT-T01,02-Jun-08,Air,Adult,60,0.03,SCMS from RDC,N/A - From RDC,1154
84524,DN-1637,Generic,Guyana,09-Feb-10,09-Feb-10,200mg,Tablet,Yes,4293.82,From RDC,"Nevirapine 200mg, tablets, 60 Tabs",14.57,2475,6756.75,PMO - US,"Aurobindo Unit III, India",Nevirapine,2.73,N/A - From RDC,SO-35700,FPQ-4915,1/14/10,ARV,105-GY-T30,26-Feb-10,Air,Adult,60,0.05,SCMS from RDC,N/A - From RDC,347
20961,ASN-20368,Generic,Vietnam,01-Aug-13,01-Aug-13,600/300/300mg,Tablet - FDC,Yes,9740.27,Direct Drop,"Efavirenz/Lamivudine/Tenofovir Disoproxil Fumarate 600/300/300mg, tablets, 30 Tabs",385.49,27122,311631.78,PMO - US,Mylan (formerly Matrix) Nashik,Efavirenz/Lamivudine/Tenofovir Disoproxil Fumarate,11.49,2/13/13,SCMS-177620,FPQ-11560,02-07-13,ARV,108-VN-T30,01-Aug-13,Air,Adult,30,0.38,MYLAN LABORATORIES LTD (FORMERLY MATRIX LABORATORIES),EXW,2843
61190,ASN-11955,Generic,Vietnam,26-Sep-11,26-Sep-11,150/300mg,Tablet - FDC,Yes,23372.43,Direct Drop,"Lamivudine/Zidovudine 150/300mg, tablets, 60 Tabs",138.67,10249,84041.8,PMO - US,Hetero Unit III Hyderabad IN,Lamivudine/Zidovudine,8.2,4/14/11,SCMS-105530,FPQ-7427,3/31/11,ARV,108-VN-T30,26-Sep-11,Air,Adult,60,0.14,HETERO LABS LIMITED,EXW,5495
5857,ASN-2116,Determine,Rwanda,22-Jul-08,22-Jul-08,MIssing,Test kit,Yes,26574.61,Direct Drop,"HIV 1/2, Determine HIV Kit, without Lancets, 100 Tests",484.62,4327,302890.0,PMO - US,Inverness Japan,"HIV 1/2, Determine HIV Kit, without Lancets",70.0,06-12-08,SCMS-25140,Pre-PQ Process,Pre-PQ Process,HRDT,107-RW-T01,22-Jul-08,Air,HIV test,100,0.7,"Orgenics, Ltd",EXW,986
12184,DN-778,Kaletra,Zambia,19-Jun-08,19-Jun-08,80/20mg/ml,Oral solution,Yes,2350.53,From RDC,"Lopinavir/Ritonavir 80/20mg/ml [Kaletra], oral solution, cool, Bottle 5 x 60 ml",82.86,1260,51786.0,PMO - US,ABBVIE (Abbott) Logis. UK,Lopinavir/Ritonavir,41.1,N/A - From RDC,SO-1884,Pre-PQ Process,Pre-PQ Process,ARV,110-ZM-T01,19-Jun-08,MIssing,Pediatric,300,0.14,SCMS from RDC,N/A - From RDC,1185
84769,DN-2934,Generic,Haiti,14-Nov-12,14-Nov-12,150/300/200mg,Tablet - FDC,No,See DN-2934 (ID#:83094),From RDC,"Lamivudine/Nevirapine/Zidovudine 150/200/300mg, tablets, 60 Tabs",115.38,9696,93275.52,PMO - US,Mylan (formerly Matrix) Nashik,Lamivudine/Nevirapine/Zidovudine,9.62,N/A - From RDC,SO-43600,FPQ-10883,10/30/12,ARV,106-HT-T30,03-Dec-12,Air,Adult,60,0.16,SCMS from RDC,N/A - From RDC,See DN-2934 (ID#:83094)
12384,DN-239,Generic,Tanzania,30-Jul-07,30-Jul-07,200mg,Tablet,Yes,3291,From RDC,"Nevirapine 200mg, tablets, 60 Tabs",67.44,11807,42150.99,PMO - US,"Aurobindo Unit III, India",Nevirapine,3.57,N/A - From RDC,SO-768,Pre-PQ Process,Pre-PQ Process,ARV,109-TZ-T01,30-Jul-07,Air,Adult,60,0.06,SCMS from RDC,N/A - From RDC,1050
85367,DN-3186,Generic,Zambia,07-Jun-13,07-Jun-13,150/300mg,Tablet - FDC,No,See DN-3186 (ID#:83688),From RDC,"Lamivudine/Zidovudine 150/300mg, tablets, 60 Tabs",907.72,92492,647444.0,PMO - US,Hetero Unit III Hyderabad IN,Lamivudine/Zidovudine,7.0,N/A - From RDC,SO-43460,FPQ-10728,10-05-12,ARV,110-ZM-T30,28-Jun-13,Truck,Adult,60,0.12,SCMS from RDC,N/A - From RDC,See DN-3186 (ID#:83688)
11572,DN-1008,Truvada,Nigeria,17-Nov-08,17-Nov-08,300/200mg,Tablet - FDC,No,See DN-1008 (ID#:11570),From RDC,"Emtricitabine/Tenofovir Disoproxil Fumarate 200/300mg [Truvada], tablets, 30 Tabs",0.31,6,157.5,PMO - US,"Aspen-OSD, Port Elizabeth, SA",Emtricitabine/Tenofovir Disoproxil Fumarate,26.25,N/A - From RDC,SO-2729,Pre-PQ Process,Pre-PQ Process,ARV,112-NG-T01,17-Nov-08,Air,Adult,30,0.88,SCMS from RDC,N/A - From RDC,See DN-1008 (ID#:11570)
42655,ASN-7200,Determine,Kenya,08-Jul-10,08-Jul-10,MIssing,Test kit,Yes,11163.27,Direct Drop,"HIV 1/2, Determine Complete HIV Kit, 100 Tests",1144.58,6636,530880.0,PMO - US,Inverness Japan,"HIV 1/2, Determine Complete HIV Kit",80.0,12-02-09,SCMS-58381,FPQ-4591,11/18/09,HRDT,102-KE-T30,07-Jul-10,Air,HIV test,100,0.8,"Orgenics, Ltd",EXW,1036
3508,ASN-3110,Determine,Namibia,27-Jan-09,27-Jan-09,MIssing,Test kit,No,See ASN-3110 (ID#:2173),Direct Drop,"HIV 1/2, Determine HIV Kit, without Lancets, 100 Tests",0.96,7,490.0,PMO - US,Inverness Japan,"HIV 1/2, Determine HIV Kit, without Lancets",70.0,11/20/08,SCMS-33850,Pre-PQ Process,Pre-PQ Process,HRDT,141-NA-T01,27-Jan-09,Air,HIV test,100,0.7,INVERNESS MEDICAL INNOVATIONS SOUTH AFRICA (PTY) LTD,EXW,See ASN-3110 (ID#:2173)
11655,DN-1287,Generic,Uganda,22-Jun-09,22-Jun-09,600mg,Tablet,No,See DN-1287 (ID#:11055),From RDC,"Efavirenz 600mg, tablets, 30 Tabs",98.01,7300,50005.0,PMO - US,"Aurobindo Unit III, India",Efavirenz,6.85,N/A - From RDC,SO-31360,Pre-PQ Process,Pre-PQ Process,ARV,114-UG-T01,22-Jun-09,Air,Adult,30,0.23,SCMS from RDC,N/A - From RDC,See DN-1287 (ID#:11055)
82333,DN-1880,Generic,CÃte dIvoire,05-Jul-10,05-Jul-10,10mg/ml,Oral suspension,Yes,5121.68,From RDC,"Nevirapine 10mg/ml, oral suspension, Bottle, 240 ml",15.28,3872,7085.76,PMO - US,"Aurobindo Unit III, India",Nevirapine,1.83,N/A - From RDC,SO-36310,FPQ-5201,03-03-10,ARV,104-CI-T30,09-Jul-10,Air,Pediatric,240,0.01,SCMS from RDC,N/A - From RDC,1451
12639,DN-138,Stat-Pak,Nigeria,24-May-07,24-May-07,MIssing,Test kit,Yes,9666,From RDC,"HIV 1/2, Stat-Pak HIV, Kit, 20 Tests",MIssing,6000,162000.0,PMO - US,Chembio Diagnostics Sys. Inc.,"HIV 1/2, Stat-Pak HIV, Kit",27.0,N/A - From RDC,SO-474,Pre-PQ Process,Pre-PQ Process,HRDT,102-NG-T01,24-May-07,MIssing,HIV test,20,1.35,SCMS from RDC,N/A - From RDC,1833
65555,ASN-21233,Determine,Tanzania,16-Sep-13,16-Sep-13,MIssing,Test kit,Yes,20906.77,Direct Drop,"HIV 1/2, Determine Complete HIV Kit, 100 Tests",0,3015,0.0,PMO - US,"Alere Medical Co., Ltd.","HIV 1/2, Determine Complete HIV Kit",0.0,5/29/13,SCMS-189360,FPQ-12197,4/30/13,HRDT,109-TZ-T30,17-Sep-13,Air,HIV test,100,0.0,"Standard Diagnostics, Inc.",EXW,1249
5043,ASN-3624,Stocrin/Sustiva,South Africa,23-Dec-08,23-Dec-08,50mg,Capsule,No,Freight Included in Commodity Cost,Direct Drop,"Efavirenz 50mg [Stocrin/Sustiva], capsule, 30 Caps",14.64,3000,7470.0,PMO - US,"MSD Midrand, Jburg, SA",Efavirenz,2.49,Date Not Captured,SCMS-41060,Pre-PQ Process,Pre-PQ Process,ARV,116-ZA-T01,05-May-09,Air,Pediatric,30,0.08,S. BUYS WHOLESALER,DDP,Weight Captured Separately
76071,ASN-5103,Determine,Mozambique,01-Dec-09,01-Dec-09,MIssing,Test kit,Yes,29373.14,Direct Drop,"HIV 1/2, Determine Complete HIV Kit, 100 Tests",465.7,3300,237600.0,PMO - US,Inverness Japan,"HIV 1/2, Determine Complete HIV Kit",72.0,08-11-09,SCMS-51390,FPQ-4080,08-04-09,HRDT,111-MZ-T30,01-Dec-09,Air,HIV test,100,0.72,"Orgenics, Ltd",EXW,1593
11824,DN-495,Generic,Ethiopia,20-Dec-07,20-Dec-07,10mg/ml,Oral suspension,Yes,14554.5,From RDC,"Nevirapine 10mg/ml, oral suspension, Bottle, 240 ml",110.79,11168,69241.6,PMO - US,"Aurobindo Unit III, India",Nevirapine,6.2,N/A - From RDC,SO-1009,Pre-PQ Process,Pre-PQ Process,ARV,117-ET-T01,20-Dec-07,MIssing,Pediatric,240,0.03,SCMS from RDC,N/A - From RDC,4583
85361,DN-3140,Generic,Nigeria,02-May-13,02-May-13,30/60mg,Tablet - FDC,Yes,14547.55,From RDC,"Lamivudine/Zidovudine 30/60mg, tablets, 60 Tabs",26.91,9627,21757.02,PMO - US,"Aurobindo Unit III, India",Lamivudine/Zidovudine,2.26,N/A - From RDC,SO-43845,FPQ-11022,11/15/12,ARV,151-NG-T30,21-May-13,Air Charter,Pediatric,60,0.04,SCMS from RDC,N/A - From RDC,486
10937,DN-557,Generic,Guyana,24-Jan-08,24-Jan-08,150/300mg,Tablet - FDC,No,See DN-557 (ID#:10663),From RDC,"Lamivudine/Zidovudine 150/300mg, tablets, 60 Tabs",15.32,1008,9576.0,PMO - US,"Aurobindo Unit III, India",Lamivudine/Zidovudine,9.5,N/A - From RDC,SO-1239,Pre-PQ Process,Pre-PQ Process,ARV,105-GY-T01,24-Jan-08,Air,Adult,60,0.16,SCMS from RDC,N/A - From RDC,See DN-557 (ID#:10663)
83925,DN-4328,Generic,Zambia,25-Aug-15,03-Sep-15,300mg,Tablet,Yes,Freight Included in Commodity Cost,From RDC,"Abacavir 300mg, tablets, 60 Tabs",217.74,19099,211807.91,PMO - US,"Aurobindo Unit III, India",Abacavir,11.09,N/A - From RDC,SO-49610,FPQ-14784,08-12-14,ARV,110-ZM-T30,17-Aug-15,Truck,Adult,60,0.18,SCMS from RDC,N/A - From RDC,9459
10726,DN-966,Generic,Zambia,07-Nov-08,07-Nov-08,200mg,Tablet,Yes,2938.92,From RDC,"Nevirapine 200mg, tablets, 60 Tabs",333.2,50000,170000.0,PMO - US,Hetero Unit III Hyderabad IN,Nevirapine,3.4,N/A - From RDC,SO-2492,Pre-PQ Process,Pre-PQ Process,ARV,110-ZM-T01,07-Nov-08,Truck,Adult,60,0.06,SCMS from RDC,N/A - From RDC,2764
86579,DN-3208,Generic,Tanzania,24-Jul-13,24-Jul-13,600/200/300mg,Tablet - FDC,Yes,7108.78,From RDC,"Efavirenz/Emtricitabine/Tenofovir Disoproxil Fumarate 600/200/300mg, tablets, 30 Tabs",1121.61,69963,906720.48,PMO - US,Mylan (formerly Matrix) Nashik,Efavirenz/Emtricitabine/Tenofovir Disoproxil Fumarate,12.96,N/A - From RDC,SO-44991,FPQ-12015,04-02-13,ARV,109-TZ-T30,27-Aug-13,Truck,Adult,30,0.43,SCMS from RDC,N/A - From RDC,7819
24754,ASN-27979,Generic,South Africa,27-Aug-14,27-Aug-14,150/300mg,Tablet - FDC,No,Freight Included in Commodity Cost,Direct Drop,"Lamivudine/Zidovudine 150/300mg, tablets, 60 Tabs",1.26,31,1022.62,PMO - US,Hetero Unit III Hyderabad IN,Lamivudine/Zidovudine,32.99,8/27/14,SCMS-199283,FPQ-12522,07-11-13,ARV,116-ZA-T30,27-Aug-14,Truck,Adult,60,0.55,S. BUYS WHOLESALER,DDP,Weight Captured Separately
3739,ASN-3585,Epivir,South Africa,02-Jan-09,02-Jan-09,150mg,Tablet,Yes,Freight Included in Commodity Cost,Direct Drop,"Lamivudine 150mg [Epivir], tablets, 60 Tabs",111.33,10000,56800.0,PMO - US,GSK Cape Town Factory (South Africa),Lamivudine,5.68,Date Not Captured,SCMS-40890,Pre-PQ Process,Pre-PQ Process,ARV,116-ZA-T01,19-May-09,Air,Adult,60,0.09,S. BUYS WHOLESALER,DDP,Weight Captured Separately
85733,DN-2095,Generic,CÃte dIvoire,22-Feb-11,22-Feb-11,150/30mg,Tablet - FDC,Yes,8758.36,From RDC,"Lamivudine/Stavudine 150/30mg, tablets, 60 Tabs",240.42,33998,111513.44,PMO - US,Mylan (formerly Matrix) Nashik,Lamivudine/Stavudine,3.28,N/A - From RDC,SO-37130,FPQ-5925,6/23/10,ARV,104-CI-T30,22-Feb-11,Air,Adult,60,0.05,SCMS from RDC,N/A - From RDC,7275
86018,DN-3416,Generic,Uganda,28-Nov-13,23-Dec-13,600mg,Tablet,Yes,6976.78,From RDC,"Efavirenz 600mg, tablets, 30 Tabs",275.43,66864,222657.12,PMO - US,"Strides, Bangalore, India.",Efavirenz,3.33,N/A - From RDC,SO-45560,FPQ-12253,05-08-13,ARV,114-UG-T30,31-Dec-13,Truck,Adult,30,0.11,SCMS from RDC,N/A - From RDC,4067
86727,DN-3934,Generic,Mozambique,30-Oct-14,13-Nov-14,600/300mg,Tablet - FDC,Yes,123.7,From RDC,"Abacavir/Lamivudine 600/300mg, tablets, 30 Tabs",52.72,3793,51281.36,PMO - US,"Cipla, Patalganga, India",Abacavir/Lamivudine,13.52,N/A - From RDC,SO-47590,FPQ-13165,10/21/13,ARV,111-MZ-T30,31-Oct-14,Truck,Adult,30,0.45,SCMS from RDC,N/A - From RDC,383
54296,ASN-9197,Generic,South Africa,01-Feb-11,01-Feb-11,600mg,Tablet,Yes,630.5,Direct Drop,"Efavirenz 600mg, tablets, 30 Tabs",311.96,32083,144694.33,PMO - US,"Aurobindo Unit III, India",Efavirenz,4.51,6/17/10,SCMS-75750,FPQ-5648,06-02-10,ARV,161-ZA-T30,01-Feb-11,Ocean,Adult,30,0.15,Aurobindo Pharma Limited,DDP,2808
83001,DN-2496,Generic,"Congo, DRC",14-Feb-12,14-Feb-12,150/300mg,Tablet - FDC,No,See DN-2496 (ID#:82434),From RDC,"Lamivudine/Zidovudine 150/300mg, tablets, 60 Tabs",0.91,79,652.54,PMO - US,"Aurobindo Unit III, India",Lamivudine/Zidovudine,8.26,N/A - From RDC,SO-41134,FPQ-8840,11/21/11,ARV,101-CD-T30,16-Mar-12,Air,Adult,60,0.14,SCMS from RDC,N/A - From RDC,See DN-2496 (ID#:82434)
83963,DN-1527,Generic,CÃte dIvoire,02-Dec-09,02-Dec-09,300mg,Tablet,Yes,1211.48,From RDC,"Abacavir 300mg, tablets, 60 Tabs",108.74,2590,55477.8,PMO - US,Mylan (formerly Matrix) Nashik,Abacavir,21.42,N/A - From RDC,SO-34460,FPQ-4378,10/15/09,ARV,104-CI-T30,30-Nov-09,Air,Adult,60,0.36,SCMS from RDC,N/A - From RDC,257
16794,ASN-25267,Generic,Rwanda,06-May-14,15-May-14,10mg/ml,Oral suspension,Yes,66260.33,Direct Drop,"Nevirapine 10mg/ml, oral suspension w/syringe, Bottle, 240 ml",15.04,9690,14631.9,PMO - US,"Aurobindo Unit III, India",Nevirapine,1.51,2/28/14,SCMS-227720,FPQ-13651,02-05-14,ARV,107-RW-T30,06-May-14,Air,Pediatric,240,0.01,Aurobindo Pharma Limited,EXW,3790
11675,DN-1387,Generic,CÃte dIvoire,25-Aug-09,25-Aug-09,100mg,Capsule,No,See DN-1387 (ID#:11674),From RDC,"Zidovudine 100mg, capsules, 100 Caps",35.4,3612,18060.0,PMO - US,"Aurobindo Unit III, India",Zidovudine,5.0,N/A - From RDC,SO-32830,Pre-PQ Process,Date Not Captured,ARV,104-CI-T01,25-Aug-09,Air,Pediatric,100,0.05,SCMS from RDC,N/A - From RDC,See DN-1387 (ID#:11674)
84295,DN-3356,Generic,Dominican Republic,10-Oct-13,29-Oct-13,150/300mg,Tablet - FDC,Yes,15181,From RDC,"Lamivudine/Zidovudine 150/300mg, tablets, 60 Tabs",130.58,15080,105560.0,PMO - US,"Cipla, Goa, India",Lamivudine/Zidovudine,7.0,N/A - From RDC,SO-46140,FPQ-11920,3/18/13,ARV,103-DO-T30,26-Nov-13,Air,Adult,60,0.12,SCMS from RDC,N/A - From RDC,1212
61563,ASN-7782,Norvir,Vietnam,13-Sep-10,13-Sep-10,100mg,Capsule,Yes,4092.21,Direct Drop,"Ritonavir 100mg [Norvir], capsules, cool, 4 x 84 Caps",37.05,56,17185.28,PMO - US,ABBVIE (Abbott) Logis. UK,Ritonavir,306.88,07-01-10,SCMS-77600,FPQ-5899,6/23/10,ARV,108-VN-T30,13-Sep-10,Air,Adult,336,0.91,ABBVIE LOGISTICS (FORMERLY ABBOTT LOGISTICS BV),FCA,168
86721,DN-3903,Generic,Mozambique,30-Oct-14,13-Nov-14,300/300mg,Tablet - FDC,No,See DN-3903 (ID#:86131),From RDC,"Lamivudine/Tenofovir Disoproxil Fumarate 300/300mg, tablets, 30 Tabs",184.95,38774,179911.36,PMO - US,Ranbaxy per Shasun Pharma,Lamivudine/Tenofovir Disoproxil Fumarate,4.64,N/A - From RDC,SO-48870,FPQ-14226,05-02-14,ARV,111-MZ-T30,30-Dec-14,Truck,Adult,30,0.15,SCMS from RDC,N/A - From RDC,See DN-3903 (ID#:86131)
82641,DN-3501,Generic,Tanzania,19-Feb-14,24-Feb-14,60/30mg,Tablet - FDC,Yes,Invoiced Separately,From RDC,"Abacavir/Lamivudine 60/30mg, tablets, 60 Tabs",118.57,23964,95856.0,PMO - US,"Aurobindo Unit III, India",Abacavir/Lamivudine,4.0,N/A - From RDC,SO-46000,FPQ-12587,07-04-13,ARV,109-TZ-T30,31-Jan-14,Truck,Pediatric,60,0.07,SCMS from RDC,N/A - From RDC,Weight Captured Separately
108,ASN-727,Videx,CÃte dIvoire,02-Oct-07,02-Oct-07,200mg,Tablet,Yes,Freight Included in Commodity Cost,Direct Drop,"#102198**Didanosine 200mg [Videx], tablets, 60 Tabs",224.93,5513,140581.5,PMO - US,"BMS Meymac, France",Didanosine,25.5,7/13/07,SCMS-698,Pre-PQ Process,Pre-PQ Process,ARV,104-CI-T01,02-Oct-07,Air,Pediatric,60,0.42,BRISTOL-MYERS SQUIBB,CIP,2126
83026,DN-2622,Generic,CÃte dIvoire,11-Apr-12,11-Apr-12,200mg,Delayed-release capsules,Yes,3159.12,From RDC,"Didanosine 200mg, delayed-release capsules, 30 Caps",33.12,1825,20075.0,PMO - US,"Aurobindo Unit III, India",Didanosine,11.0,N/A - From RDC,SO-40793,FPQ-8295,8/25/11,ARV,104-CI-T30,16-Apr-12,Truck,Pediatric,30,0.37,SCMS from RDC,N/A - From RDC,119
14291,ASN-26077,Determine,Tanzania,15-Jul-14,12-Aug-14,MIssing,Test kit,Yes,1176.54,Direct Drop,"HIV 1/2, Determine Complete HIV Kit, 100 Tests",8.22,100,8000.0,PMO - US,"Alere Medical Co., Ltd.","HIV 1/2, Determine Complete HIV Kit",80.0,4/29/14,SCMS-235410,FPQ-13945,3/27/14,HRDT,109-TZ-T30,15-Jul-14,Air,HIV test,100,0.8,"Orgenics, Ltd",EXW,39
12122,DN-423,Norvir,CÃte dIvoire,13-Nov-07,13-Nov-07,100mg,Capsule,No,See DN-423 (ID#:11194),From RDC,"Ritonavir 100mg [Norvir], capsules, cool, 4 x 84 Caps",73.65,1200,46032.0,PMO - US,ABBVIE (Abbott) France,Ritonavir,38.36,N/A - From RDC,SO-1245,Pre-PQ Process,Pre-PQ Process,ARV,104-CI-T01,13-Nov-07,Air,Adult,336,0.11,SCMS from RDC,N/A - From RDC,See DN-423 (ID#:11194)
85677,DN-1862,Generic,Nigeria,28-Jun-10,28-Jun-10,150/300/200mg,Tablet - FDC,Yes,Freight Included in Commodity Cost,From RDC,"Lamivudine/Nevirapine/Zidovudine 150/200/300mg, tablets, 60 Tabs",842.45,34826,390747.72,PMO - US,"Aurobindo Unit III, India",Lamivudine/Nevirapine/Zidovudine,11.22,N/A - From RDC,SO-36570,FPQ-4537,11-06-09,ARV,151-NG-T30,30-Jun-10,Air Charter,Adult,60,0.19,SCMS from RDC,N/A - From RDC,4099
84628,DN-2136,Aluvia,Haiti,20-Apr-11,20-Apr-11,200/50mg,Tablet,Yes,2080.2,From RDC,"Lopinavir/Ritonavir 200/50mg [Aluvia], tablets, 120 Tabs",102.91,1320,47731.2,PMO - US,ABBVIE Ludwigshafen Germany,Lopinavir/Ritonavir,36.16,N/A - From RDC,SO-38240,FPQ-6484,10/13/10,ARV,106-HT-T30,14-Mar-11,Air,Adult,120,0.3,SCMS from RDC,N/A - From RDC,276
84657,DN-2261,Generic,Tanzania,15-Jul-11,15-Jul-11,600/200/300mg,Tablet - FDC,Yes,13838.17,From RDC,"Efavirenz/Emtricitabine/Tenofovir Disoproxil Fumarate 600/200/300mg, tablets, 30 Tabs",1787.2,54375,1083150.0,PMO - US,Mylan (formerly Matrix) Nashik,Efavirenz/Emtricitabine/Tenofovir Disoproxil Fumarate,19.92,N/A - From RDC,SO-38160,FPQ-6713,12-02-10,ARV,109-TZ-T30,28-Apr-11,Truck,Adult,30,0.66,SCMS from RDC,N/A - From RDC,11129
83029,DN-2641,Aluvia,Libya,23-May-12,23-May-12,200/50mg,Tablet,Yes,761.91,From RDC,"Lopinavir/Ritonavir 200/50mg [Aluvia], tablets, 120 Tabs",21.6,500,15410.0,PMO - US,ABBVIE Ludwigshafen Germany,Lopinavir/Ritonavir,30.82,N/A - From RDC,SO-41900,FPQ-9665,04-04-12,ARV,102-LY-T30,23-May-12,Air,Adult,120,0.26,SCMS from RDC,N/A - From RDC,709
53327,ASN-24507,Determine,Mali,19-Mar-14,24-Mar-14,MIssing,Test kit,Yes,5346.38,Direct Drop,"HIV 1/2, Determine Complete HIV Kit, 100 Tests",35.45,431,34480.0,PMO - US,"Alere Medical Co., Ltd.","HIV 1/2, Determine Complete HIV Kit",80.0,1/22/14,SCMS-221930,FPQ-13391,12/16/13,HRDT,102-ML-T30,19-Mar-14,Air,HIV test,100,0.8,"Orgenics, Ltd",EXW,186
86440,DN-2495,Generic,"Congo, DRC",14-Feb-12,14-Feb-12,200mg,Tablet,No,See DN-2495 (ID#:83555),From RDC,"Nevirapine 200mg, tablets, 60 Tabs",0.07,18,46.44,PMO - US,"Strides, Bangalore, India.",Nevirapine,2.58,N/A - From RDC,SO-41133,FPQ-8840,11/21/11,ARV,101-CD-T30,16-Mar-12,Air,Adult,60,0.04,SCMS from RDC,N/A - From RDC,See DN-2495 (ID#:83555)
13581,ASN-11824,Determine,Swaziland,28-Sep-11,28-Sep-11,MIssing,Test kit,Yes,4504.46,Direct Drop,"HIV 1/2, Determine Complete HIV Kit, 100 Tests",49.76,377,30160.0,PMO - US,Inverness Japan,"HIV 1/2, Determine Complete HIV Kit",80.0,7/13/11,SCMS-113480,FPQ-7936,6/21/11,HRDT,102-SZ-T30,28-Sep-11,Air,HIV test,100,0.8,"Orgenics, Ltd",EXW,172
29071,ASN-16178,Generic,Vietnam,12-Oct-12,12-Oct-12,150/300mg,Tablet - FDC,Yes,2480.22,Direct Drop,"Lamivudine/Zidovudine 150/300mg, tablets, 60 Tabs",184.9,17240,131886.0,PMO - US,Hetero Unit III Hyderabad IN,Lamivudine/Zidovudine,7.65,06-08-12,SCMS-149040,FPQ-9577,04-11-12,ARV,108-VN-T30,12-Oct-12,Air,Adult,60,0.13,HETERO LABS LIMITED,EXW,1496
11041,DN-1223,Truvada,Uganda,01-Jun-09,01-Jun-09,300/200mg,Tablet - FDC,Yes,1180.71,From RDC,"Emtricitabine/Tenofovir Disoproxil Fumarate 200/300mg [Truvada], tablets, 30 Tabs",13.38,260,6825.0,PMO - US,"Aspen-OSD, Port Elizabeth, SA",Emtricitabine/Tenofovir Disoproxil Fumarate,26.25,N/A - From RDC,SO-26150,Pre-PQ Process,Pre-PQ Process,ARV,114-UG-T01,01-Jun-09,Air,Adult,30,0.88,SCMS from RDC,N/A - From RDC,28
85510,DN-3829,Generic,Mozambique,30-Oct-14,13-Nov-14,150/300mg,Tablet - FDC,Yes,684.86,From RDC,"Lamivudine/Zidovudine 150/300mg, tablets, 60 Tabs",78.91,9784,63791.68,PMO - US,"Aurobindo Unit III, India",Lamivudine/Zidovudine,6.52,N/A - From RDC,SO-45899,FPQ-12416,6/28/13,ARV,111-MZ-T30,29-Aug-14,Truck,Adult,60,0.11,SCMS from RDC,N/A - From RDC,884
76135,ASN-11955,Generic,Vietnam,26-Sep-11,26-Sep-11,150/200/30mg,Tablet - FDC,No,See ASN-11955 (ID#:61190),Direct Drop,"Lamivudine/Nevirapine/Stavudine 150/200/30mg, tablets, 60 Tabs",293.63,37075,177960.0,PMO - US,Hetero Unit III Hyderabad IN,Lamivudine/Nevirapine/Stavudine,4.8,4/14/11,SCMS-105530,FPQ-7427,3/31/11,ARV,108-VN-T30,26-Sep-11,Air,Adult,60,0.08,HETERO LABS LIMITED,EXW,See ASN-11955 (ID#:61190)
12261,DN-1124,Generic,Nigeria,19-Mar-09,19-Mar-09,30mg,Capsule,No,See DN-1124 (ID#:11620),From RDC,"Stavudine 30mg, capsules, 60 Caps",3.14,1033,1601.15,PMO - US,"Aurobindo Unit III, India",Stavudine,1.55,N/A - From RDC,SO-20960,Pre-PQ Process,Pre-PQ Process,ARV,112-NG-T01,19-Mar-09,Air Charter,Adult,60,0.03,SCMS from RDC,N/A - From RDC,See DN-1124 (ID#:11620)
86449,DN-2513,Generic,Zambia,17-Feb-12,17-Feb-12,300mg,Tablet,No,See DN-2513 (ID#:82444),From RDC,"Zidovudine 300mg, tablets, 60 Tabs",237.6,20513,144001.26,PMO - US,Hetero Unit III Hyderabad IN,Zidovudine,7.02,N/A - From RDC,SO-40270,FPQ-7767,7/26/11,ARV,110-ZM-T30,28-Feb-12,Truck,Adult,60,0.12,SCMS from RDC,N/A - From RDC,See DN-2513 (ID#:82444)
81380,ASN-7470,Generic,South Africa,24-Aug-10,24-Aug-10,600mg,Tablet,Yes,5886.96,Direct Drop,"Efavirenz 600mg, tablets, 30 Tabs",535.99,53234,248602.78,PMO - US,"Aurobindo Unit III, India",Efavirenz,4.67,3/19/10,SCMS-68910,FPQ-5303,3/18/10,ARV,161-ZA-T30,24-Aug-10,Air,Adult,30,0.16,Aurobindo Pharma Limited,DDP,4507
70991,ASN-12628,Generic,South Africa,07-Dec-11,07-Dec-11,600mg,Tablet,Yes,8134.37,Direct Drop,"Efavirenz 600mg, tablets, 30 Tabs",718.86,92500,435675.0,PMO - US,Hetero Unit III Hyderabad IN,Efavirenz,4.71,3/23/11,SCMS-103700,FPQ-7175,03-10-11,ARV,161-ZA-T30,07-Dec-11,Ocean,Adult,30,0.16,HETERO LABS LIMITED,DDP,7878
68577,ASN-15986,Determine,"Congo, DRC",27-Feb-13,27-Feb-13,MIssing,Test kit,Yes,13037.01,Direct Drop,"HIV 1/2, Determine Complete HIV Kit, 100 Tests",168.8,1505,120400.0,PMO - US,"Alere Medical Co., Ltd.","HIV 1/2, Determine Complete HIV Kit",80.0,6/27/12,SCMS-149140,FPQ-10044,06-05-12,HRDT,101-CD-T30,27-Feb-13,Air,HIV test,100,0.8,"Orgenics, Ltd",EXW,746
85804,DN-2430,Generic,Zambia,28-Nov-11,28-Nov-11,600mg,Tablet,Yes,22168.18,From RDC,"Efavirenz 600mg, tablets, 30 Tabs",1601.49,230000,970600.0,PMO - US,Mylan (formerly Matrix) Nashik,Efavirenz,4.22,N/A - From RDC,SO-40250,FPQ-7767,7/26/11,ARV,110-ZM-T30,24-Jan-12,Truck,Adult,30,0.14,SCMS from RDC,N/A - From RDC,18968
11662,DN-1328,Generic,Zambia,04-Sep-09,04-Sep-09,150/200/30mg,Tablet - FDC,Yes,4506.2,From RDC,"Lamivudine/Nevirapine/Stavudine 150/200/30mg, tablets, 60 Tabs",559.97,40126,285697.12,PMO - US,"Cipla, Goa, India",Lamivudine/Nevirapine/Stavudine,7.12,N/A - From RDC,SO-32490,Pre-PQ Process,Date Not Captured,ARV,110-ZM-T01,04-Sep-09,Truck,Adult,60,0.12,SCMS from RDC,N/A - From RDC,4414
62116,ASN-26466,Generic,Zambia,21-Jul-14,06-Aug-14,200mg,Tablet,Yes,20555.45,Direct Drop,"Nevirapine 200mg, tablets, 60 Tabs",90.67,39201,88202.25,PMO - US,"Aurobindo Unit III, India",Nevirapine,2.25,5/21/14,SCMS-240080,FPQ-14151,4/30/14,ARV,110-ZM-T30,20-Jul-14,Air,Adult,60,0.04,Aurobindo Pharma Limited,EXW,3986
76298,ASN-17659,Determine,Kenya,28-Feb-13,28-Feb-13,MIssing,Test kit,Yes,91.67,Direct Drop,"HIV 1/2, Determine Complete HIV Kit, 100 Tests",767.63,6152,547528.0,PMO - US,"Alere Medical Co., Ltd.","HIV 1/2, Determine Complete HIV Kit",89.0,11-06-12,SCMS-153910,FPQ-10314,07-12-12,HRDT,101-KE-T30,28-Feb-13,Air,HIV test,100,0.89,"Orgenics, Ltd",CIP,1059
21666,ASN-33290,Generic,Vietnam,07-Sep-15,07-Sep-15,600mg,Tablet,Yes,Invoiced Separately,Direct Drop,"Efavirenz 600mg, tablets, 30 Tabs",19.42,5000,16500.0,PMO - US,"Aurobindo Unit III, India",Efavirenz,3.3,05-11-15,SCMS-285450,FPQ-16194,4/14/15,ARV,108-VN-T30,07-Sep-15,Air,Adult,30,0.11,Aurobindo Pharma Limited,EXW,Weight Captured Separately
1281,ASN-93,Generic,Nigeria,07-Dec-06,07-Dec-06,150mg,Tablet,Yes,4861.14,Direct Drop,"Lamivudine 150mg, tablets, 60 Tabs",MIssing,894,2994.9,PMO - US,"Aurobindo Unit III, India",Lamivudine,3.35,Date Not Captured,SCMS-156,Pre-PQ Process,Pre-PQ Process,ARV,112-NG-T01,07-Dec-06,Air,Adult,60,0.06,Aurobindo Pharma Limited,EXW,479
64594,ASN-31141,Kaletra,Haiti,24-Apr-15,24-Apr-15,80/20mg/ml,Oral solution,Yes,3428.37,Direct Drop,"Lopinavir/Ritonavir 80/20mg/ml [Kaletra], oral solution, cool, Bottle 5 x 60 ml",19.33,610,18800.2,PMO - US,ABBVIE (Abbott) Logis. UK,Lopinavir/Ritonavir,30.82,11/14/14,SCMS-261140,FPQ-14895,9/24/14,ARV,106-HT-T30,24-Apr-15,Air,Pediatric,300,0.1,ABBVIE LOGISTICS (FORMERLY ABBOTT LOGISTICS BV),FCA,708
14710,ASN-27716,Generic,Haiti,12-Sep-14,17-Sep-14,600mg,Tablet,Yes,14650.41,Direct Drop,"Efavirenz 600mg, tablets, 30 Tabs",91.62,29908,89125.84,PMO - US,"Micro labs, Verna, Goa, India",Efavirenz,2.98,4/28/14,SCMS-233990,FPQ-13797,3/20/14,ARV,106-HT-T30,12-Sep-14,Air,Adult,30,0.1,MICRO LABS LIMITED,EXW,2423
84732,DN-2734,Generic,Nigeria,10-Jul-12,10-Jul-12,200/300mg,Tablet - FDC,Yes,21347.13,From RDC,"Emtricitabine/Tenofovir Disoproxil Fumarate 200/300mg, tablets, 30 Tabs",528.32,53000,376830.0,PMO - US,"Aurobindo Unit III, India",Emtricitabine/Tenofovir Disoproxil Fumarate,7.11,N/A - From RDC,SO-42643,FPQ-9432,03-01-12,ARV,151-NG-T30,02-Aug-12,Air Charter,Adult,30,0.24,SCMS from RDC,N/A - From RDC,5252
57344,ASN-29257,Generic,South Africa,05-Nov-14,05-Nov-14,20mg/ml,Oral solution,No,Freight Included in Commodity Cost,Direct Drop,"Abacavir 20mg/ml, oral solution, Bottle, 240 ml",1.13,45,1102.97,PMO - US,"Aurobindo Unit III, India",Abacavir,24.51,11-04-14,SCMS-238555,FPQ-13973,4/30/14,ARV,116-ZA-T30,05-Nov-14,Truck,Pediatric,240,0.1,PHARMACY DIRECT,DDP,Weight Captured Separately
2571,ASN-4511,Generic,Namibia,18-Aug-09,18-Aug-09,30/6mg,Chewable/dispersible tablet - FDC,Yes,1484.75,Direct Drop,"Lamivudine/Stavudine 30/6mg, dispersible tablets, 60 Tabs",7.45,2000,3800.0,PMO - US,"Cipla, Goa, India",Lamivudine/Stavudine,1.9,05-08-09,SCMS-45620,Pre-PQ Process,Pre-PQ Process,ARV,119-NA-T01,18-Aug-09,Air,Pediatric,60,0.03,CIPLA LIMITED,EXW,251
86662,DN-3588,Generic,Zimbabwe,21-Mar-14,17-Apr-14,600/300/300mg,Tablet - FDC,No,See DN-3588 (ID#:83225),From RDC,"Efavirenz/Lamivudine/Tenofovir Disoproxil Fumarate 600/300/300mg, tablets, 30 Tabs",1972.65,143023,1594706.45,PMO - US,Mylan (formerly Matrix) Nashik,Efavirenz/Lamivudine/Tenofovir Disoproxil Fumarate,11.15,N/A - From RDC,SO-46620,FPQ-12950,09-10-13,ARV,113-ZW-T30,06-May-14,Truck,Adult,30,0.37,SCMS from RDC,N/A - From RDC,See DN-3588 (ID#:83225)
7720,ASN-3607,Aluvia,South Africa,28-Nov-08,28-Nov-08,200/50mg,Tablet,No,Freight Included in Commodity Cost,Direct Drop,"Lopinavir/Ritonavir 200/50mg [Aluvia], tablets, 120 Tabs",93.84,1500,47880.0,PMO - US,ABBVIE Ludwigshafen Germany,Lopinavir/Ritonavir,31.92,Date Not Captured,SCMS-40780,Pre-PQ Process,Pre-PQ Process,ARV,116-ZA-T01,17-Mar-09,Air,Adult,120,0.27,S. BUYS WHOLESALER,DDP,Weight Captured Separately
1357,ASN-744,Generic,Vietnam,02-Oct-07,02-Oct-07,10mg/ml,Oral solution,No,See ASN-744 (ID#:1356),Direct Drop,"Zidovudine 10mg/ml, oral solution, Bottle, 240 ml",3.36,1000,2100.0,PMO - US,"Aurobindo Unit III, India",Zidovudine,2.1,07-03-07,SCMS-749,Pre-PQ Process,Pre-PQ Process,ARV,108-VN-T01,02-Oct-07,Air,Pediatric,240,0.01,Aurobindo Pharma Limited,EXW,See ASN-744 (ID#:1356)
73261,ASN-27980,Generic,South Africa,27-Aug-14,27-Aug-14,10mg/ml,Oral solution,No,Freight Included in Commodity Cost,Direct Drop,"Lamivudine 10mg/ml, oral solution w/syringe, Bottle, 240 ml",0.12,12,95.96,PMO - US,"Aurobindo Unit III, India",Lamivudine,8.0,8/27/14,SCMS-199283,FPQ-12522,07-11-13,ARV,116-ZA-T30,27-Aug-14,Truck,Pediatric,240,0.03,S. BUYS WHOLESALER,DDP,Weight Captured Separately
86464,DN-2605,Generic,Zimbabwe,10-Apr-12,10-Apr-12,600mg,Tablet,No,See DN-2605 (ID#:82467),From RDC,"Efavirenz 600mg, tablets, 30 Tabs",118.43,17422,71778.64,PMO - US,"Strides, Bangalore, India.",Efavirenz,4.12,N/A - From RDC,SO-40850,FPQ-8464,10-04-11,ARV,113-ZW-T30,13-Apr-12,Truck,Adult,30,0.14,SCMS from RDC,N/A - From RDC,See DN-2605 (ID#:82467)
43286,ASN-15571,Generic,Haiti,22-Oct-12,22-Oct-12,600/300/300mg,Tablet - FDC,No,See ASN-15571 (ID#:21091),Direct Drop,"Efavirenz/Lamivudine/Tenofovir Disoproxil Fumarate 600/300/300mg, tablets, 30 Tabs",610.21,33480,435240.0,PMO - US,Mylan (formerly Matrix) Nashik,Efavirenz/Lamivudine/Tenofovir Disoproxil Fumarate,13.0,6/28/12,SCMS-148440,FPQ-9635,5/14/12,ARV,106-HT-T30,22-Oct-12,Ocean,Adult,30,0.43,MYLAN LABORATORIES LTD (FORMERLY MATRIX LABORATORIES),EXW,See ASN-15571 (ID#:21091)
83660,DN-3044,Generic,Haiti,21-Mar-13,21-Mar-13,30/50/6mg,Chewable/dispersible tablet - FDC,No,See DN-3044 (ID#:83116),From RDC,"Lamivudine/Nevirapine/Stavudine 30/50/6mg, dispersible tablets, 60 Tabs",1.76,619,1423.7,PMO - US,"Cipla, Goa, India",Lamivudine/Nevirapine/Stavudine,2.3,N/A - From RDC,SO-44440,FPQ-11526,1/30/13,ARV,106-HT-T30,30-Apr-13,Air,Pediatric,60,0.04,SCMS from RDC,N/A - From RDC,See DN-3044 (ID#:83116)
12120,DN-415,Uni-Gold,Mozambique,30-Nov-07,30-Nov-07,MIssing,Test kit,Yes,10698.63,From RDC,"HIV 1/2, Uni-Gold HIV Kit, 20 Tests",178.18,3480,111360.0,PMO - US,"Trinity Biotech, Plc","HIV 1/2, Uni-Gold HIV Kit",32.0,N/A - From RDC,SO-1064,Pre-PQ Process,Pre-PQ Process,HRDT,111-MZ-T01,30-Nov-07,Air,HIV test,20,1.6,SCMS from RDC,N/A - From RDC,2766
84891,DN-3534,Generic,Uganda,19-Mar-14,20-Mar-14,300/300mg,Tablet - FDC,Yes,6951.84,From RDC,"Lamivudine/Tenofovir Disoproxil Fumarate 300/300mg, tablets, 30 Tabs",306.97,52800,248160.0,PMO - US,Hetero Unit III Hyderabad IN,Lamivudine/Tenofovir Disoproxil Fumarate,4.7,N/A - From RDC,SO-45531,FPQ-12253,05-08-13,ARV,114-UG-T30,31-Jan-14,Truck,Adult,30,0.16,SCMS from RDC,N/A - From RDC,5412
10596,DN-338,Generic,Zimbabwe,26-Sep-07,26-Sep-07,150/200/30mg,Tablet - FDC,Yes,18941.31,From RDC,"Lamivudine/Nevirapine/Stavudine 150/200/30mg, tablets, 60 Tabs",633.98,53546,396240.4,PMO - US,"Cipla, Goa, India",Lamivudine/Nevirapine/Stavudine,7.4,N/A - From RDC,SO-719,Pre-PQ Process,Pre-PQ Process,ARV,100-ZW-T01,26-Sep-07,Truck,Adult,60,0.12,SCMS from RDC,N/A - From RDC,5467
83136,DN-3131,Generic,Zimbabwe,29-Apr-13,29-Apr-13,200mg,Tablet,Yes,21173.75,From RDC,"Nevirapine 200mg, tablets, 60 Tabs",113.28,40520,91575.2,PMO - US,"Aurobindo Unit III, India",Nevirapine,2.26,N/A - From RDC,SO-43710,FPQ-11002,11/16/12,ARV,113-ZW-T30,06-May-13,Truck,Adult,60,0.04,SCMS from RDC,N/A - From RDC,20226
10855,DN-288,Generic,CÃte dIvoire,13-Aug-07,13-Aug-07,300mg,Tablet,Yes,3473,From RDC,"Zidovudine 300mg, tablets, 60 Tabs",249.33,18290,155830.8,PMO - US,"Aurobindo Unit III, India",Zidovudine,8.52,N/A - From RDC,SO-616,Pre-PQ Process,Pre-PQ Process,ARV,104-CI-T01,13-Aug-07,MIssing,Adult,60,0.14,SCMS from RDC,N/A - From RDC,1114
53556,ASN-22152,Generic,Tanzania,21-Nov-13,21-Nov-13,300mg,Tablet,Yes,9612.49,Direct Drop,"Abacavir 300mg, tablets, 60 Tabs",267.93,19000,216600.0,PMO - US,"Aurobindo Unit III, India",Abacavir,11.4,09-09-13,SCMS-205680,FPQ-12868,8/23/13,ARV,109-TZ-T30,21-Nov-13,Air,Adult,60,0.19,Aurobindo Pharma Limited,EXW,1909
12530,DN-1004,Bioline,Pakistan,17-Nov-08,17-Nov-08,MIssing,Test kit,No,See DN-1004 (ID#:11280),From RDC,"HIV 1/2, Bioline 3.0 Kit, Lancets, Capillary pipets, Alcohol swabs included, 25 Tests",0.63,16,320.0,PMO - US,"Standard Diagnostics, Korea","HIV 1/2, Bioline 3.0 Kit, Lancets, Capillary pipets, Alcohol swabs included",20.0,N/A - From RDC,SO-14930,Pre-PQ Process,Pre-PQ Process,HRDT,100-PK-T01,17-Nov-08,Air,HIV test,25,0.8,SCMS from RDC,N/A - From RDC,See DN-1004 (ID#:11280)
84557,DN-1809,Generic,Nigeria,18-May-10,18-May-10,200mg,Tablet,Yes,9736.1,From RDC,"Nevirapine 200mg, tablets, 60 Tabs",87.74,15299,40695.34,PMO - US,"Aurobindo Unit III, India",Nevirapine,2.66,N/A - From RDC,SO-36004,FPQ-4537,11-06-09,ARV,151-NG-T30,31-May-10,Air Charter,Adult,60,0.04,SCMS from RDC,N/A - From RDC,1792
11000,DN-1092,Generic,Uganda,19-Mar-09,19-Mar-09,150/300/200mg,Tablet - FDC,Yes,2408.91,From RDC,"Lamivudine/Nevirapine/Zidovudine 150/200/300mg, tablets, 60 Tabs",43.78,1893,22337.4,PMO - US,"Aurobindo Unit III, India",Lamivudine/Nevirapine/Zidovudine,11.8,N/A - From RDC,SO-17890,Pre-PQ Process,Pre-PQ Process,ARV,114-UG-T01,19-Mar-09,Air,Adult,60,0.2,SCMS from RDC,N/A - From RDC,215
36453,ASN-11003,Determine,Sudan,27-Jun-11,27-Jun-11,MIssing,Test kit,Yes,2542.17,Direct Drop,"HIV 1/2, Determine Complete HIV Kit, 100 Tests",31.28,213,18957.0,PMO - US,Inverness Japan,"HIV 1/2, Determine Complete HIV Kit",89.0,03-02-11,SCMS-100480,FPQ-6991,02-05-11,HRDT,102-SD-T30,27-Jun-11,Air,HIV test,100,0.89,"Orgenics, Ltd",EXW,97
84527,DN-1653,Truvada,CÃte dIvoire,02-Mar-10,02-Mar-10,300/200mg,Tablet - FDC,Yes,1949.42,From RDC,"Emtricitabine/Tenofovir Disoproxil Fumarate 200/300mg [Truvada], tablets, 30 Tabs",176.58,3120,81900.0,PMO - US,"Aspen-OSD, Port Elizabeth, SA",Emtricitabine/Tenofovir Disoproxil Fumarate,26.25,N/A - From RDC,SO-34490,FPQ-4393,10/15/09,ARV,104-CI-T30,09-Mar-10,Air,Adult,30,0.88,SCMS from RDC,N/A - From RDC,275
3956,ASN-294,Viracept,Vietnam,27-Mar-07,27-Mar-07,250mg,Tablet,Yes,13981.96,Direct Drop,"Nelfinavir (as mesilate) 250mg [Viracept], tablets, 270 Tabs",MIssing,200,32688.0,PMO - US,Roche Madrid,Nelfinavir (as mesilate),163.44,11/13/06,SCMS-171,Pre-PQ Process,Pre-PQ Process,ARV,108-VN-T01,27-Mar-07,Air,Adult,270,0.61,Hoffmann-La Roche ltd Basel,FCA,54
23831,ASN-24982,Colloidal Gold,Haiti,14-Apr-14,16-Apr-14,MIssing,Test kit,Yes,3126.61,Direct Drop,"HIV 1/2, SKB Colloidal Gold, Diagnostic Kit, Antibody, 50 Tests",8.82,350,8575.0,PMO - US,"KHB Test Kit Facility, Shanghai China","HIV 1/2, Colloidal Gold, Diagnostic Kit, Antibody",24.5,2/19/14,SCMS-225420,FPQ-13494,1/21/14,HRDT,106-HT-T30,14-Apr-14,Air,HIV test,1,24.5,"SHANGHAI KEHUA BIOENGINEERING CO.,LTD.  (KHB)",EXW,240
84236,DN-3052,Generic,Zambia,15-Mar-13,15-Mar-13,200mg,Tablet,Yes,12315.5,From RDC,"Nevirapine 200mg, tablets, 60 Tabs",72.66,25991,58739.66,PMO - US,"Aurobindo Unit III, India",Nevirapine,2.26,N/A - From RDC,SO-44472,FPQ-11553,1/28/13,ARV,110-ZM-T30,25-Jun-13,Truck,Adult,60,0.04,SCMS from RDC,N/A - From RDC,2504
82712,DN-3844,Generic,Guyana,30-Jul-14,05-Sep-14,300mg,Tablet,No,See DN-3844 (ID#:82710),From RDC,"Zidovudine 300mg, tablets, 60 Tabs",4.42,791,4303.04,PMO - US,"Aurobindo Unit III, India",Zidovudine,5.44,N/A - From RDC,SO-48520,FPQ-14042,04-09-14,ARV,105-GY-T30,30-Sep-14,Air,Adult,60,0.09,SCMS from RDC,N/A - From RDC,See DN-3844 (ID#:82710)
85453,DN-3601,Generic,CÃte dIvoire,14-Apr-14,22-May-14,150mg,Tablet,Yes,1400,From RDC,"Lamivudine 150mg, tablets, 60 Tabs",3.94,1481,3184.15,PMO - US,"Aurobindo Unit III, India",Lamivudine,2.15,N/A - From RDC,SO-46380,FPQ-12800,08-09-13,ARV,104-CI-T30,31-Mar-14,Air,Adult,60,0.04,SCMS from RDC,N/A - From RDC,141
10844,DN-217,Uni-Gold,Rwanda,30-Jul-07,30-Jul-07,MIssing,Test kit,Yes,1324.61,From RDC,"HIV 1/2, Uni-Gold HIV Kit, 20 Tests",12.8,250,8000.0,PMO - US,"Trinity Biotech, Plc","HIV 1/2, Uni-Gold HIV Kit",32.0,N/A - From RDC,SO-644,Pre-PQ Process,Pre-PQ Process,HRDT,107-RW-T01,30-Jul-07,Air,HIV test,20,1.6,SCMS from RDC,N/A - From RDC,78
85164,DN-2053,Generic,Zambia,03-Dec-10,03-Dec-10,300mg,Tablet,Yes,17520.43,From RDC,"Abacavir 300mg, tablets, 60 Tabs",583.94,17045,270845.05,PMO - US,"Cipla, Patalganga, India",Abacavir,15.89,N/A - From RDC,SO-36851,FPQ-5702,5/20/10,ARV,110-ZM-T30,26-Nov-10,Truck,Adult,60,0.26,SCMS from RDC,N/A - From RDC,20752
85394,DN-3271,Generic,Uganda,02-Sep-13,02-Sep-13,150/300/200mg,Tablet - FDC,Yes,58707,From RDC,"Lamivudine/Nevirapine/Zidovudine 150/200/300mg, tablets, 60 Tabs",633.41,59680,512054.4,PMO - US,Hetero Unit III Hyderabad IN,Lamivudine/Nevirapine/Zidovudine,8.58,N/A - From RDC,SO-45460,FPQ-12253,05-08-13,ARV,114-UG-T30,02-Sep-13,Air,Adult,60,0.14,SCMS from RDC,N/A - From RDC,9886
82486,DN-2724,Generic,Uganda,16-Jul-12,16-Jul-12,600mg,Tablet,Yes,27321.52,From RDC,"Efavirenz 600mg, tablets, 30 Tabs",251.29,45840,179234.4,PMO - US,"Strides, Bangalore, India.",Efavirenz,3.91,N/A - From RDC,SO-42580,FPQ-10048,06-06-12,ARV,900-UG-T30,05-Jul-12,Air,Adult,30,0.13,SCMS from RDC,N/A - From RDC,5486
12813,DN-976,Generic,Zambia,07-Nov-08,07-Nov-08,600mg,Tablet,Yes,2938.92,From RDC,"Efavirenz 600mg, tablets, 30 Tabs",823.89,35000,420350.0,PMO - US,Mylan (formerly Matrix) Nashik,Efavirenz,12.01,N/A - From RDC,SO-2484,Pre-PQ Process,Pre-PQ Process,ARV,110-ZM-T01,07-Nov-08,Truck,Adult,30,0.4,SCMS from RDC,N/A - From RDC,2641
9655,ASN-1665,Stocrin/Sustiva,South Africa,24-Apr-08,24-Apr-08,200mg,Capsule,No,Freight Included in Commodity Cost,Direct Drop,"Efavirenz 200mg [Stocrin/Sustiva], capsule, 90 Caps",3.6,80,2252.0,PMO - US,"MSD Midrand, Jburg, SA",Efavirenz,28.15,2/20/08,SCMS-19800,Pre-PQ Process,Pre-PQ Process,ARV,116-ZA-T01,24-Apr-08,Truck,Pediatric,90,0.31,S. BUYS WHOLESALER,DDP,Weight Captured Separately
6546,ASN-4488,Videx,Vietnam,28-Jul-09,28-Jul-09,25mg,Chewable/dispersible tablet,No,See ASN-4488 (ID#:1213),Direct Drop,"Didanosine 25mg [Videx], chewable tablets, 60 Tabs",4.39,320,2240.0,PMO - US,"BMS Meymac, France",Didanosine,7.0,5/27/09,SCMS-46550,Pre-PQ Process,Pre-PQ Process,ARV,108-VN-T01,28-Jul-09,Air,Pediatric,60,0.12,BRISTOL-MYERS SQUIBB,CIP,See ASN-4488 (ID#:1213)
12228,DN-939,Truvada,Nigeria,28-Sep-08,28-Sep-08,300/200mg,Tablet - FDC,Yes,11584.54,From RDC,"Emtricitabine/Tenofovir Disoproxil Fumarate 200/300mg [Truvada], tablets, 30 Tabs",1890,45000,1181250.0,PMO - US,"Aspen-OSD, Port Elizabeth, SA",Emtricitabine/Tenofovir Disoproxil Fumarate,26.25,N/A - From RDC,SO-15540,Pre-PQ Process,Pre-PQ Process,ARV,132-NG-T01,28-Sep-08,Air,Adult,30,0.88,SCMS from RDC,N/A - From RDC,3951
11890,DN-705,Invirase,CÃte dIvoire,17-Apr-08,17-Apr-08,200mg,Capsule,Yes,1765.4,From RDC,"Saquinavir 200mg [Invirase], capsules, 270 Caps",122.93,977,76831.28,PMO - US,Roche Basel,Saquinavir,78.64,N/A - From RDC,SO-1547,Pre-PQ Process,Pre-PQ Process,ARV,104-CI-T01,17-Apr-08,Air,Adult,270,0.29,SCMS from RDC,N/A - From RDC,490
11289,DN-968,Aluvia,Uganda,09-Dec-08,09-Dec-08,200/50mg,Tablet,Yes,2437.63,From RDC,"Lopinavir/Ritonavir 200/50mg [Aluvia], tablets, 120 Tabs",4.83,60,2466.0,PMO - US,ABBVIE Ludwigshafen Germany,Lopinavir/Ritonavir,41.1,N/A - From RDC,SO-17430,Pre-PQ Process,Pre-PQ Process,ARV,114-UG-T01,09-Dec-08,Air,Adult,120,0.34,SCMS from RDC,N/A - From RDC,547
14874,ASN-8545,Ziagen,South Africa,06-Oct-10,06-Oct-10,20mg/ml,Oral solution,Yes,7707.42,Direct Drop,"Abacavir 20mg/ml [Ziagen], oral solution, Bottle, 240 ml",845.32,26000,392080.0,PMO - US,GSK Mississauga (Canada),Abacavir,15.08,6/16/10,SCMS-75520,FPQ-5648,06-02-10,ARV,161-ZA-T30,06-Oct-10,Air,Pediatric,240,0.06,ASPEN PHARMACARE,DDP,Weight Captured Separately
10931,DN-516,Viread,Ethiopia,10-Jan-08,10-Jan-08,300mg,Tablet,Yes,504,From RDC,"Tenofovir Disoproxil Fumarate 300mg [Viread], tablets, 30 Tabs",16.08,591,10047.0,PMO - US,Gilead(Nycomed) Oranienburg DE,Tenofovir Disoproxil Fumarate,17.0,N/A - From RDC,SO-1513,Pre-PQ Process,Pre-PQ Process,ARV,117-ET-T01,10-Jan-08,Air,Adult,30,0.57,SCMS from RDC,N/A - From RDC,37
83670,DN-3091,Generic,Haiti,02-Apr-13,02-Apr-13,600/300/300mg,Tablet - FDC,Yes,25984.75,From RDC,"Efavirenz/Lamivudine/Tenofovir Disoproxil Fumarate 600/300/300mg, tablets, 30 Tabs",329.56,22000,266420.0,PMO - US,Mylan (formerly Matrix) Nashik,Efavirenz/Lamivudine/Tenofovir Disoproxil Fumarate,12.11,N/A - From RDC,SO-44421,FPQ-11281,1/16/13,ARV,106-HT-T30,23-Apr-13,Air,Adult,30,0.4,SCMS from RDC,N/A - From RDC,2435
6257,ASN-3561,Generic,Vietnam,07-Apr-09,07-Apr-09,30mg,Capsule,No,See ASN-3561 (ID#:2297),Direct Drop,"Stavudine 30mg, capsules, 60 Caps",27.21,9576,13885.2,PMO - US,"Aurobindo Unit III, India",Stavudine,1.45,1/16/09,SCMS-37160,Pre-PQ Process,Pre-PQ Process,ARV,108-VN-T01,07-Apr-09,Air,Adult,60,0.02,Aurobindo Pharma Limited,EXW,See ASN-3561 (ID#:2297)
7093,ASN-1833,Uni-Gold,Botswana,03-Jul-08,03-Jul-08,MIssing,Test kit,Yes,2442.32,Direct Drop,"HIV 1/2, Uni-Gold HIV Kit, 20 Tests",25.6,500,16000.0,PMO - US,"Trinity Biotech, Plc","HIV 1/2, Uni-Gold HIV Kit",32.0,4/28/08,SCMS-22710,Pre-PQ Process,Pre-PQ Process,HRDT,102-BW-T01,03-Jul-08,Air,HIV test,20,1.6,"Trinity Biotech, Plc",EXW,500
45158,ASN-7571,Aluvia,Vietnam,31-Jul-10,31-Jul-10,200/50mg,Tablet,Yes,8227.99,Direct Drop,"Lopinavir/Ritonavir 200/50mg [Aluvia], tablets, 120 Tabs",179,1010,83022.0,PMO - US,ABBVIE Ludwigshafen Germany,Lopinavir/Ritonavir,82.2,3/31/10,SCMS-69230,FPQ-5317,3/22/10,ARV,108-VN-T30,31-Jul-10,Air,Adult,120,0.68,ABBVIE LOGISTICS (FORMERLY ABBOTT LOGISTICS BV),FCA,255
12926,DN-1502,Generic,Ethiopia,27-Oct-09,27-Oct-09,200mg,Tablet,Yes,6027.68,From RDC,"Nevirapine 200mg, tablets, 60 Tabs",80.49,12873,37331.7,PMO - US,"Aurobindo Unit III, India",Nevirapine,2.9,N/A - From RDC,SO-34350,Pre-PQ Process,Date Not Captured,ARV,117-ET-T01,27-Oct-09,Air,Adult,60,0.05,SCMS from RDC,N/A - From RDC,1258
75139,ASN-5445,Generic,Vietnam,27-Nov-09,27-Nov-09,30mg,Capsule,Yes,1615.88,Direct Drop,"Stavudine 30mg, capsules, 60 Caps",8.59,3024,4384.8,PMO - US,"Aurobindo Unit III, India",Stavudine,1.45,8/14/09,SCMS-51760,FPQ-4098,08-12-09,ARV,108-VN-T30,27-Nov-09,Air,Adult,60,0.02,Aurobindo Pharma Limited,EXW,202
85466,DN-3656,Generic,CÃte dIvoire,22-Apr-14,11-Jun-14,60/30mg,Chewable/dispersible tablet - FDC,No,See DN-3656 (ID#:84922),From RDC,"Abacavir/Lamivudine 60/30mg, dispersible tablets, 60 Tabs",63.66,11000,61930.0,PMO - US,"Cipla, Patalganga, India",Abacavir/Lamivudine,5.63,N/A - From RDC,SO-47150,FPQ-13142,10/22/13,ARV,104-CI-T30,30-Apr-14,Truck,Pediatric,60,0.09,SCMS from RDC,N/A - From RDC,See DN-3656 (ID#:84922)
86378,DN-2180,Generic,Zimbabwe,20-May-11,20-May-11,30/60mg,Tablet - FDC,No,See DN-2180 (ID#:85755),From RDC,"Lamivudine/Zidovudine 30/60mg, tablets, 60 Tabs",13.2,1884,6123.0,PMO - US,"Aurobindo Unit III, India",Lamivudine/Zidovudine,3.25,N/A - From RDC,SO-39290,FPQ-6483,10/13/10,ARV,200-ZW-T30,20-Apr-11,Truck,Pediatric,60,0.05,SCMS from RDC,N/A - From RDC,See DN-2180 (ID#:85755)
10677,DN-759,Generic,Namibia,19-Jun-08,19-Jun-08,600mg,Tablet,Yes,4528.5,From RDC,"Efavirenz 600mg, tablets, 30 Tabs",467.33,24320,292083.2,PMO - US,"Aurobindo Unit III, India",Efavirenz,12.01,N/A - From RDC,SO-1765,Pre-PQ Process,Pre-PQ Process,ARV,119-NA-T01,19-Jun-08,Air,Adult,30,0.4,SCMS from RDC,N/A - From RDC,2094
84323,DN-3497,Generic,Rwanda,03-Feb-14,24-Feb-14,300/300mg,Tablet - FDC,No,See DN-3497 (ID#:82640),From RDC,"Lamivudine/Tenofovir Disoproxil Fumarate 300/300mg, tablets, 30 Tabs",7.58,1303,6124.1,PMO - US,Mylan (formerly Matrix) Nashik,Lamivudine/Tenofovir Disoproxil Fumarate,4.7,N/A - From RDC,SO-46483,FPQ-12766,08-02-13,ARV,107-RW-T30,31-Jan-14,Truck,Adult,30,0.16,SCMS from RDC,N/A - From RDC,See DN-3497 (ID#:82640)
7749,ASN-4385,Aluvia,South Africa,20-Apr-09,20-Apr-09,200/50mg,Tablet,No,Freight Included in Commodity Cost,Direct Drop,"Lopinavir/Ritonavir 200/50mg [Aluvia], tablets, 120 Tabs",209.09,2965,106680.7,PMO - US,ABBVIE Ludwigshafen Germany,Lopinavir/Ritonavir,35.98,3/27/09,SCMS-41584,Pre-PQ Process,Pre-PQ Process,ARV,116-ZA-T01,25-Jun-09,Air,Adult,120,0.3,S. BUYS WHOLESALER,DDP,Weight Captured Separately
54957,ASN-28049,Norvir,Vietnam,07-Oct-14,08-Oct-14,100mg,Tablet,Yes,Invoiced Separately,Direct Drop,"Ritonavir 100mg [Norvir], film coated tablets, 30 Tabs",2.39,100,2326.0,PMO - US,ABBVIE Ludwigshafen Germany,Ritonavir,23.26,4/30/14,SCMS-235630,FPQ-13976,04-08-14,ARV,108-VN-T30,07-Oct-14,Air,Adult,30,0.78,ABBVIE LOGISTICS (FORMERLY ABBOTT LOGISTICS BV),FCA,Weight Captured Separately
48497,ASN-9508,Generic,South Africa,11-Feb-11,11-Feb-11,150mg,Tablet,Yes,13677.68,Direct Drop,"Lamivudine 150mg, tablets, 60 Tabs",990.26,185954,459306.38,PMO - US,"Strides, Bangalore, India.",Lamivudine,2.47,9/21/10,SCMS-84230,FPQ-6262,8/31/10,ARV,161-ZA-T30,14-Feb-11,Ocean,Adult,60,0.04,STRIDES ARCOLAB LIMITED,DDP,9019
12555,DN-960,Generic,Nigeria,30-Oct-08,30-Oct-08,150/300mg,Tablet - FDC,No,See DN-960 (ID#:11945),From RDC,"Lamivudine/Zidovudine 150/300mg, tablets, 60 Tabs",50.16,2708,25590.6,PMO - US,Mylan (formerly Matrix) Nashik,Lamivudine/Zidovudine,9.45,N/A - From RDC,SO-2554,Pre-PQ Process,Pre-PQ Process,ARV,123-NG-T01,30-Oct-08,Air,Adult,60,0.16,SCMS from RDC,N/A - From RDC,See DN-960 (ID#:11945)
12047,DN-76,Generic,CÃte dIvoire,30-Apr-07,30-Apr-07,600mg,Tablet,Yes,2656,From RDC,"Efavirenz 600mg, tablets, 30 Tabs",MIssing,8148,132405.0,PMO - US,"Aurobindo Unit III, India",Efavirenz,16.25,N/A - From RDC,SO-431,Pre-PQ Process,Pre-PQ Process,ARV,100-CI-T01,30-Apr-07,MIssing,Adult,30,0.54,SCMS from RDC,N/A - From RDC,741
80804,ASN-21906,Determine,Zambia,06-Nov-13,06-Nov-13,MIssing,Test kit,Yes,20644.03,Direct Drop,"HIV 1/2, Determine Complete HIV Kit, 100 Tests",395.84,4000,320000.0,PMO - US,"Alere Medical Co., Ltd.","HIV 1/2, Determine Complete HIV Kit",80.0,08-06-13,SCMS-201920,FPQ-12634,7/17/13,HRDT,110-ZM-T30,06-Nov-13,Air,HIV test,100,0.8,"Orgenics, Ltd",EXW,1623
15241,ASN-19166,Generic,South Africa,16-Apr-13,16-Apr-13,600mg,Tablet,Yes,Freight Included in Commodity Cost,Direct Drop,"Efavirenz 600mg, tablets, 30 Tabs",27.21,1368,21995.87,South Africa Field Office,"Cipla, Goa, India",Efavirenz,16.08,Date Not Captured,SCMS-183950,FPQ-11828,3/18/13,ARV,116-ZA-T30,16-Apr-13,Truck,Adult,30,0.54,S. BUYS WHOLESALER,DDP,Weight Captured Separately
85963,DN-3135,Generic,CÃte dIvoire,30-Apr-13,30-Apr-13,60/30mg,Tablet - FDC,Yes,1799.58,From RDC,"Abacavir/Lamivudine 60/30mg, tablets, 60 Tabs",14.79,2600,11960.0,PMO - US,"Aurobindo Unit III, India",Abacavir/Lamivudine,4.6,N/A - From RDC,SO-44160,FPQ-11253,12/14/12,ARV,104-CI-T30,28-Jun-13,Truck,Pediatric,60,0.08,SCMS from RDC,N/A - From RDC,122
83309,DN-4132,Generic,Nigeria,05-Feb-15,10-Feb-15,300/300mg,Tablet - FDC,Yes,20992.67,From RDC,"Lamivudine/Tenofovir Disoproxil Fumarate 300/300mg, tablets, 30 Tabs",455.99,95597,443570.08,PMO - US,"Cipla, Kurkumbh, India",Lamivudine/Tenofovir Disoproxil Fumarate,4.64,N/A - From RDC,SO-50880,FPQ-14156,4/25/14,ARV,151-NG-T30,02-Mar-15,Air Charter,Adult,30,0.15,SCMS from RDC,N/A - From RDC,10656
53989,ASN-22749,Determine,South Sudan,24-Jan-14,24-Jan-14,MIssing,Test kit,No,See ASN-22749 (ID#:45723),Direct Drop,"HIV 1/2, Determine Complete HIV Kit, 100 Tests",38.53,350,31150.0,PMO - US,"Alere Medical Co., Ltd.","HIV 1/2, Determine Complete HIV Kit",89.0,08-05-13,SCMS-200911,FPQ-12623,7/18/13,HRDT,105-SS-T30,24-Jan-14,Air,HIV test,100,0.89,"Orgenics, Ltd",EXW,See ASN-22749 (ID#:45723)
86541,DN-2981,Generic,"Congo, DRC",11-Sep-13,11-Sep-13,300/300mg,Tablet - FDC,No,See DN-2981 (ID#:82538),From RDC,"Lamivudine/Tenofovir Disoproxil Fumarate 300/300mg, tablets, 30 Tabs",5.34,897,4314.57,PMO - US,"Cipla, Kurkumbh, India",Lamivudine/Tenofovir Disoproxil Fumarate,4.81,N/A - From RDC,SO-43680,FPQ-11054,11/16/12,ARV,101-CD-T30,11-Sep-13,Air,Adult,30,0.16,SCMS from RDC,N/A - From RDC,See DN-2981 (ID#:82538)
48665,ASN-31408,Stat-Pak,Burundi,21-Apr-15,21-Apr-15,MIssing,Test kit,Yes,812.84,Direct Drop,"HIV 1/2, Stat-Pak Dipstick Assay Kit, 30 Tests",16.79,517,14269.2,PMO - US,Chembio Diagnostics Sys. Inc.,"HIV 1/2, Stat-Pak Dipstick Assay Kit",27.6,11-12-14,SCMS-260810,FPQ-15186,10/17/14,HRDT,102-BI-T30,21-Apr-15,Air,HIV test,30,0.92,"CHEMBIO DIAGNOSTIC SYSTEMS, INC.",EXW,56
66641,ASN-8326,Generic,South Africa,13-Dec-10,13-Dec-10,10mg/ml,Oral suspension,Yes,4876.34,Direct Drop,"Nevirapine 10mg/ml, oral suspension w/syringe, Bottle, 240 ml",129.38,19050,60007.5,PMO - US,"Aurobindo Unit III, India",Nevirapine,3.15,6/17/10,SCMS-75480,FPQ-5648,06-02-10,ARV,161-ZA-T30,13-Dec-10,Air,Pediatric,240,0.01,Aurobindo Pharma Limited,DDP,7349
62709,ASN-18691,Aluvia,Vietnam,03-Apr-13,03-Apr-13,200/50mg,Tablet,Yes,958.85,Direct Drop,"Lopinavir/Ritonavir 200/50mg [Aluvia], tablets, 120 Tabs",138.13,1836,111665.52,PMO - US,ABBVIE Ludwigshafen Germany,Lopinavir/Ritonavir,60.82,11-07-12,SCMS-164520,FPQ-10811,10/15/12,ARV,108-VN-T30,03-Apr-13,Air,Adult,120,0.51,ABBVIE LOGISTICS (FORMERLY ABBOTT LOGISTICS BV),FCA,439
85214,DN-2441,Generic,Zimbabwe,09-Dec-11,09-Dec-11,150/30mg,Tablet - FDC,No,See DN-2441 (ID#:82993),From RDC,"Lamivudine/Stavudine 150/30mg, tablets, 60 Tabs",22.73,4669,13773.55,PMO - US,"Strides, Bangalore, India.",Lamivudine/Stavudine,2.95,N/A - From RDC,SO-38521,FPQ-7052,1/19/11,ARV,113-ZW-T30,07-Dec-11,Truck,Adult,60,0.05,SCMS from RDC,N/A - From RDC,See DN-2441 (ID#:82993)
85602,DN-4327,Generic,Rwanda,06-Aug-15,11-Aug-15,150/300/200mg,Tablet - FDC,No,See DN-4327 (ID#:83349),From RDC,"Lamivudine/Nevirapine/Zidovudine 150/200/300mg, tablets, 60 Tabs",85.89,8998,72973.78,PMO - US,"Hetero, Jadcherla, unit 5, IN",Lamivudine/Nevirapine/Zidovudine,8.11,N/A - From RDC,SO-51540,FPQ-16284,5/27/15,ARV,107-RW-T30,18-Aug-15,Air,Adult,60,0.14,SCMS from RDC,N/A - From RDC,See DN-4327 (ID#:83349)
32986,ASN-33289,Generic,Haiti,10-Aug-15,11-Aug-15,10mg/ml,Oral solution,Yes,Invoiced Separately,Direct Drop,"Lamivudine 10mg/ml, oral solution, Bottle, 240 ml",4.13,2292,3506.76,PMO - US,Hetero Unit III Hyderabad IN,Lamivudine,1.53,5/27/15,SCMS-288910,FPQ-16241,05-05-15,ARV,106-HT-T30,10-Aug-15,Air,Pediatric,240,0.01,HETERO LABS LIMITED,EXW,Weight Captured Separately
55706,ASN-15616,Generic,Haiti,07-Aug-12,07-Aug-12,150/30mg,Tablet - FDC,Yes,950.05,Direct Drop,"Lamivudine/Stavudine 150/30mg, tablets, 60 Tabs",1.57,384,1121.28,PMO - US,"Strides, Bangalore, India.",Lamivudine/Stavudine,2.92,6/28/12,SCMS-148420,FPQ-9635,5/14/12,ARV,106-HT-T30,07-Aug-12,Air,Adult,60,0.05,STRIDES ARCOLAB LIMITED,EXW,20
12618,DN-1485,Generic,Mozambique,13-Nov-09,13-Nov-09,30mg,Capsule,Yes,1074.8,From RDC,"Stavudine 30mg, capsules, 60 Caps",3.04,945,1408.05,PMO - US,"Aurobindo Unit III, India",Stavudine,1.49,N/A - From RDC,SO-33340,Pre-PQ Process,Date Not Captured,ARV,111-MZ-T01,13-Nov-09,Air,Adult,60,0.02,SCMS from RDC,N/A - From RDC,62
85190,DN-2234,Generic,Ethiopia,01-Jun-11,01-Jun-11,600mg,Tablet,No,See DN-2234 (ID#:82386),From RDC,"Efavirenz 600mg, tablets, 30 Tabs",342.18,49142,207379.24,PMO - US,Hetero Unit III Hyderabad IN,Efavirenz,4.22,N/A - From RDC,SO-39770,FPQ-7798,5/23/11,ARV,117-ET-T30,21-Jun-11,Air,Adult,30,0.14,SCMS from RDC,N/A - From RDC,See DN-2234 (ID#:82386)
85281,DN-2763,Generic,Zambia,01-Aug-12,01-Aug-12,300mg,Tablet,No,See DN-2763 (ID#:82493),From RDC,"Abacavir 300mg, tablets, 60 Tabs",498.8,27452,355777.92,PMO - US,Mylan (formerly Matrix) Nashik,Abacavir,12.96,N/A - From RDC,SO-41720,FPQ-9472,03-08-12,ARV,110-ZM-T30,31-Jul-12,Truck,Adult,60,0.22,SCMS from RDC,N/A - From RDC,See DN-2763 (ID#:82493)
10768,DN-1237,Generic,Swaziland,20-May-09,20-May-09,200mg,Capsule,No,See DN-1237 (ID#:10767),From RDC,"Efavirenz 200mg, capsule, 90 Caps",13.05,523,6657.79,PMO - US,"Aurobindo Unit III, India",Efavirenz,12.73,N/A - From RDC,SO-30800,Pre-PQ Process,Pre-PQ Process,ARV,100-SZ-T01,20-May-09,Air,Pediatric,90,0.14,SCMS from RDC,N/A - From RDC,See DN-1237 (ID#:10767)
12011,DN-1434,Generic,Nigeria,20-Oct-09,20-Oct-09,150/300/200mg,Tablet - FDC,Yes,9341.49,From RDC,"Lamivudine/Nevirapine/Zidovudine 150/200/300mg, tablets, 60 Tabs",1182.44,52920,603288.0,PMO - US,"Aurobindo Unit III, India",Lamivudine/Nevirapine/Zidovudine,11.4,N/A - From RDC,SO-33331,Pre-PQ Process,Date Not Captured,ARV,151-NG-T01,20-Oct-09,Air Charter,Adult,60,0.19,SCMS from RDC,N/A - From RDC,5960
3897,ASN-4836,Generic,South Africa,28-Jul-09,28-Jul-09,10mg/ml,Oral suspension,No,Freight Included in Commodity Cost,Direct Drop,"Nevirapine 10mg/ml, oral suspension, Bottle, 240 ml",0.64,30,328.2,PMO - US,"Aurobindo Unit III, India",Nevirapine,10.94,06-05-09,SCMS-47051,Pre-PQ Process,Pre-PQ Process,ARV,116-ZA-T01,12-Oct-09,Truck,Pediatric,240,0.05,S. BUYS WHOLESALER,DDP,Weight Captured Separately
57849,ASN-5591,Bioline,Tanzania,24-Dec-09,24-Dec-09,MIssing,Test kit,Yes,11737.26,Direct Drop,"HIV 1/2, Bioline 3.0 Kit, (no accessories), 30 Tests",232.85,4950,118800.0,PMO - US,"Standard Diagnostics, Korea","HIV 1/2, Bioline 3.0 Kit (no accessories)",24.0,09-11-09,SCMS-52776,FPQ-4157,8/27/09,HRDT,109-TZ-T30,24-Dec-09,Air,HIV test,30,0.8,"Standard Diagnostics, Inc.",EXW,1650
83178,DN-3386,Aluvia,Uganda,22-Nov-13,20-Jan-14,200/50mg,Tablet,Yes,5856.65,From RDC,"Lopinavir/Ritonavir 200/50mg [Aluvia], tablets, 120 Tabs",219.11,8760,177127.2,PMO - US,ABBVIE Ludwigshafen Germany,Lopinavir/Ritonavir,20.22,N/A - From RDC,SO-45590,FPQ-12255,05-08-13,ARV,114-UG-T30,15-Nov-13,Truck,Adult,120,0.17,SCMS from RDC,N/A - From RDC,1798
40274,ASN-17804,Uni-Gold,Uganda,04-Feb-13,04-Feb-13,MIssing,Test kit,Yes,4462.61,Direct Drop,"HIV 1/2, Uni-Gold HIV Kit, 20 Tests",34.64,875,28000.0,PMO - US,"Trinity Biotech, Plc","HIV 1/2, Uni-Gold HIV Kit",32.0,01-02-13,SCMS-171660,FPQ-11098,12/13/12,HRDT,114-UG-T30,04-Feb-13,Air,HIV test,20,1.6,"Trinity Biotech, Plc",EXW,292
11411,DN-255,Determine,CÃte dIvoire,31-Jul-07,31-Jul-07,MIssing,Test kit,Yes,286.76,From RDC,"HIV 1/2, Determine Complete HIV Kit, 100 Tests",10.11,79,6320.0,PMO - US,ABBVIE GmbH & Co.KG Wiesbaden,"HIV 1/2, Determine Complete HIV Kit",80.0,N/A - From RDC,SO-788,Pre-PQ Process,Pre-PQ Process,HRDT,104-CI-T01,31-Jul-07,MIssing,HIV test,100,0.8,SCMS from RDC,N/A - From RDC,27
28331,ASN-13946,Determine,Kenya,22-Mar-12,22-Mar-12,MIssing,Test kit,Yes,24428.55,Direct Drop,"HIV 1/2, Determine Complete HIV Kit, 100 Tests",875.69,7018,624602.0,PMO - US,"Alere Medical Co., Ltd.","HIV 1/2, Determine Complete HIV Kit",89.0,02-01-12,SCMS-133470,FPQ-9100,01-09-12,HRDT,102-KE-T30,22-Mar-12,Air,HIV test,100,0.89,"Orgenics, Ltd",EXW,2305
28908,ASN-8441,Generic,South Africa,08-Dec-10,08-Dec-10,200mg,Tablet,Yes,5159.33,Direct Drop,"Nevirapine 200mg, tablets, 60 Tabs",166.01,26369,76997.48,PMO - US,"Aurobindo Unit III, India",Nevirapine,2.92,3/19/10,SCMS-68981,FPQ-5303,3/18/10,ARV,161-ZA-T30,08-Dec-10,Air,Adult,60,0.05,Aurobindo Pharma Limited,DDP,3110
12204,DN-703,Generic,Ethiopia,21-Apr-08,21-Apr-08,200mg,Tablet,No,See DN-703 (ID#:11263),From RDC,"Nevirapine 200mg, tablets, 60 Tabs",7.83,1440,4896.0,PMO - US,Hetero Unit III Hyderabad IN,Nevirapine,3.4,N/A - From RDC,SO-1974,Pre-PQ Process,Pre-PQ Process,ARV,117-ET-T01,21-Apr-08,Air,Adult,60,0.06,SCMS from RDC,N/A - From RDC,See DN-703 (ID#:11263)
2733,ASN-452,OraQuick,CÃte dIvoire,28-Jun-07,28-Jun-07,MIssing,Test kit,Yes,3004.62,Direct Drop,"HIV 1/2, OraQuick Advance HIV Rapid Antibody Kit, 100 Tests",MIssing,50,20000.0,PMO - US,"Pacific Biotech, Thailand","HIV 1/2, OraQuick Advance HIV Rapid Antibody Kit",400.0,05-01-07,SCMS-593,Pre-PQ Process,Pre-PQ Process,HRDT,104-CI-T01,28-Jun-07,Air,HIV test,100,4.0,Orasure Technologies Inc.,EXW,120
51535,ASN-13551,CareStart,Haiti,14-Feb-12,14-Feb-12,MIssing,Test kit,Yes,5642.36,Direct Drop,"Malaria, Antigen P.f., HRP2 CareStart Kit, 60 Tests",70.83,2159,50520.6,PMO - US,"Access BIO, L.C.","Malaria, Antigen P.f., HRP2 CareStart Kit",23.4,12/29/11,SCMS-131050,FPQ-8671,11-09-11,MRDT,122-HT-T30,14-Feb-12,Air,Malaria,60,0.39,"ACCESS BIO, INC.",EXW,5
9656,ASN-1665,Norvir,South Africa,24-Apr-08,24-Apr-08,100mg,Capsule,No,Freight Included in Commodity Cost,Direct Drop,"Ritonavir 100mg [Norvir], capsules, cool, 84 Caps",0.15,10,91.9,PMO - US,ABBVIE (Abbott) Logis. UK,Ritonavir,9.19,2/20/08,SCMS-19800,Pre-PQ Process,Pre-PQ Process,ARV,116-ZA-T01,24-Apr-08,Truck,Adult,84,0.11,S. BUYS WHOLESALER,DDP,Weight Captured Separately
69659,ASN-28246,Generic,Haiti,17-Nov-14,17-Nov-14,30/50/60mg,Chewable/dispersible tablet - FDC,No,See ASN-28246 (ID#:33379),Direct Drop,"Lamivudine/Nevirapine/Zidovudine 30/50/60mg, dispersible tablets, 60 Tabs",4.26,1152,4147.2,PMO - US,Mylan (formerly Matrix) Nashik,Lamivudine/Nevirapine/Zidovudine,3.6,7/31/14,SCMS-240202,FPQ-14083,05-11-14,ARV,106-HT-T30,17-Nov-14,Ocean,Pediatric,60,0.06,MYLAN LABORATORIES LTD (FORMERLY MATRIX LABORATORIES),EXW,See ASN-28246 (ID#:33379)
85414,DN-3383,Generic,Burundi,20-Nov-13,27-Nov-13,600/300/300mg,Tablet - FDC,Yes,4581.26,From RDC,"Efavirenz/Lamivudine/Tenofovir Disoproxil Fumarate 600/300/300mg, tablets, 30 Tabs",84.41,6120,68238.0,PMO - US,Hetero Unit III Hyderabad IN,Efavirenz/Lamivudine/Tenofovir Disoproxil Fumarate,11.15,N/A - From RDC,SO-46050,FPQ-12602,07-09-13,ARV,102-BI-T30,29-Dec-13,Air,Adult,30,0.37,SCMS from RDC,N/A - From RDC,820
85468,DN-3661,Generic,Uganda,08-May-14,13-Jun-14,150/300mg,Tablet - FDC,Yes,4909.97,From RDC,"Lamivudine/Zidovudine 150/300mg, tablets, 60 Tabs",793.06,114630,771459.9,PMO - US,Hetero Unit III Hyderabad IN,Lamivudine/Zidovudine,6.73,N/A - From RDC,SO-46873,FPQ-13108,10/16/13,ARV,114-UG-T30,20-May-14,Truck,Adult,60,0.11,SCMS from RDC,N/A - From RDC,10166
39833,ASN-26927,Generic,Vietnam,13-Aug-14,25-Aug-14,600/300/300mg,Tablet - FDC,No,See ASN-26927 (ID#:26612),Direct Drop,"Efavirenz/Lamivudine/Tenofovir Disoproxil Fumarate 600/300/300mg, tablets, 30 Tabs",7.77,720,7560.0,PMO - US,Hetero Unit III Hyderabad IN,Efavirenz/Lamivudine/Tenofovir Disoproxil Fumarate,10.5,03-10-14,SCMS-226260,FPQ-13524,02-06-14,ARV,108-VN-T30,13-Aug-14,Air,Adult,30,0.35,HETERO LABS LIMITED,EXW,See ASN-26927 (ID#:26612)
46858,ASN-16634,Determine,Mozambique,18-Oct-12,18-Oct-12,MIssing,Test kit - Ancillary,Yes,1001.02,Direct Drop,"Chase Buffer, Determine, 100 Tests, 2.5ml x 1 Vial",1.51,215,1075.0,PMO - US,"Alere Medical Co., Ltd.","Chase Buffer, Determine, 100 Tests, 2.5ml x 1 Vial",5.0,8/22/12,SCMS-157230,FPQ-10369,7/23/12,HRDT,111-MZ-T30,18-Oct-12,Air,HIV test - Ancillary,1,5.0,"Orgenics, Ltd",EXW,41
84237,DN-3059,Generic,Guyana,15-Mar-13,15-Mar-13,10mg/ml,Oral solution,No,See DN-3059 (ID#:82560),From RDC,"Lamivudine 10mg/ml, oral solution w/syringe, Bottle, 240 ml",0.51,225,416.25,PMO - US,"Aurobindo Unit III, India",Lamivudine,1.85,N/A - From RDC,SO-44530,FPQ-11546,1/28/13,ARV,105-GY-T30,18-Apr-13,Truck,Pediatric,240,0.01,SCMS from RDC,N/A - From RDC,See DN-3059 (ID#:82560)
62152,ASN-7108,Videx,CÃte dIvoire,11-Jun-10,11-Jun-10,50mg,Chewable/dispersible tablet,Yes,781.5,Direct Drop,"Didanosine 50mg [Videx], chewable tablets, 60 Tabs",38.65,1887,17926.5,PMO - US,"BMS Meymac, France",Didanosine,9.5,11-09-09,SCMS-56641,FPQ-4509,10/29/09,ARV,104-CI-T30,11-Jun-10,Air,Pediatric,60,0.16,BRISTOL-MYERS SQUIBB,CIP,312
83817,DN-3886,Aluvia,Mozambique,30-Oct-14,13-Nov-14,200/50mg,Tablet,Yes,5982.43,From RDC,"Lopinavir/Ritonavir 200/50mg [Aluvia], tablets, 120 Tabs",952.03,49000,926100.0,PMO - US,ABBVIE Ludwigshafen Germany,Lopinavir/Ritonavir,18.9,N/A - From RDC,SO-49390,FPQ-14226,05-02-14,ARV,111-MZ-T30,30-Sep-14,Truck,Adult,120,0.16,SCMS from RDC,N/A - From RDC,11107
25522,ASN-9407,Generic,Vietnam,09-Feb-11,09-Feb-11,200mg,Tablet,No,See ASN-9407 (ID#:17697),Direct Drop,"Nevirapine 200mg, tablets, 60 Tabs",31.31,5977,14524.11,PMO - US,Hetero Unit III Hyderabad IN,Nevirapine,2.43,10/18/10,SCMS-87770,FPQ-6384,9/30/10,ARV,108-VN-T30,09-Feb-11,Air,Adult,60,0.04,HETERO LABS LIMITED,EXW,See ASN-9407 (ID#:17697)
85504,DN-3816,Generic,Guyana,25-Aug-14,08-Sep-14,200/300mg,Tablet - FDC,Yes,3009.33,From RDC,"Emtricitabine/Tenofovir Disoproxil Fumarate 200/300mg, tablets, 30 Tabs",12.73,2158,12386.92,PMO - US,"Aurobindo Unit III, India",Emtricitabine/Tenofovir Disoproxil Fumarate,5.74,N/A - From RDC,SO-47741,FPQ-13567,1/16/14,ARV,105-GY-T30,21-Jul-14,Air,Adult,30,0.19,SCMS from RDC,N/A - From RDC,196
28545,ASN-5606,OraQuick,Botswana,05-Feb-10,05-Feb-10,MIssing,Test kit,Yes,1716.47,Direct Drop,"HIV 1/2, OraQuick Advance HIV Rapid Antibody Kit, 100 Tests",13.72,20,7000.0,PMO - US,"Pacific Biotech, Thailand","HIV 1/2, OraQuick Advance HIV Rapid Antibody Kit",350.0,3/25/09,SCMS-41860,FPQ-4207,03-10-09,HRDT,144-BW-T30,05-Feb-10,Air,HIV test,100,3.5,Orasure Technologies Inc.,EXW,48
55030,ASN-8512,Atripla,CÃte dIvoire,27-Oct-10,27-Oct-10,600/200/300mg,Tablet - FDC,Yes,1315.14,Direct Drop,"Efavirenz/Emtricitabine/Tenofovir Disoproxil Fumarate 600/200/300mg [Atripla], tablets, 30 Tabs",217.32,2000,100800.0,PMO - US,"MSD, Haarlem, NL",Efavirenz/Emtricitabine/Tenofovir Disoproxil Fumarate,50.4,09-10-10,SCMS-83691,FPQ-6183,08-10-10,ARV,104-CI-T30,27-Oct-10,Air,Adult,30,1.68,MERCK SHARP & DOHME IDEA GMBH (FORMALLY MERCK SHARP & DOHME B.V.),CIP,269
77671,ASN-29127,Generic,Ghana,24-Dec-14,02-Jan-15,10mg/ml,Oral solution,Yes,22212.75,Direct Drop,"Lamivudine 10mg/ml, oral solution, Bottle, 240 ml",17.24,11730,16773.9,PMO - US,"Aurobindo Unit III, India",Lamivudine,1.43,07-08-14,SCMS-245400,FPQ-14101,4/30/14,ARV,901-GH-T30,24-Dec-14,Air,Pediatric,240,0.01,Aurobindo Pharma Limited,EXW,4673
10549,DN-44,Invirase,Mozambique,17-Apr-07,17-Apr-07,200mg,Capsule,Yes,7364.3,From RDC,"Saquinavir 200mg [Invirase], capsules, 270 Caps",MIssing,470,35856.3,PMO - US,Roche Basel,Saquinavir,76.29,N/A - From RDC,SO-293,Pre-PQ Process,Pre-PQ Process,ARV,111-MZ-T01,17-Apr-07,Air,Adult,270,0.28,SCMS from RDC,N/A - From RDC,Weight Captured Separately
11014,DN-944,Generic,Haiti,04-Nov-08,04-Nov-08,200mg,Capsule,No,See DN-944 (ID#:11012),From RDC,"Efavirenz 200mg, capsule, 90 Caps",29.91,1000,15260.0,PMO - US,"Aurobindo Unit III, India",Efavirenz,15.26,N/A - From RDC,SO-15930,Pre-PQ Process,Pre-PQ Process,ARV,106-HT-T01,04-Nov-08,Air,Pediatric,90,0.17,SCMS from RDC,N/A - From RDC,See DN-944 (ID#:11012)
12714,DN-329,Aluvia,Zambia,31-Aug-07,31-Aug-07,200/50mg,Tablet,Yes,4119.6,From RDC,"Lopinavir/Ritonavir 200/50mg [Aluvia], tablets, 120 Tabs",268.17,4078,167605.8,PMO - US,ABBVIE Ludwigshafen Germany,Lopinavir/Ritonavir,41.1,N/A - From RDC,SO-626,Pre-PQ Process,Pre-PQ Process,ARV,110-ZM-T01,31-Aug-07,MIssing,Adult,120,0.34,SCMS from RDC,N/A - From RDC,885
84695,DN-2496,Generic,"Congo, DRC",14-Feb-12,14-Feb-12,600mg,Tablet,No,See DN-2496 (ID#:82434),From RDC,"Efavirenz 600mg, tablets, 30 Tabs",0.11,19,78.28,PMO - US,"Strides, Bangalore, India.",Efavirenz,4.12,N/A - From RDC,SO-41134,FPQ-8840,11/21/11,ARV,101-CD-T30,16-Mar-12,Air,Adult,30,0.14,SCMS from RDC,N/A - From RDC,See DN-2496 (ID#:82434)
11027,DN-1159,Norvir,CÃte dIvoire,20-Mar-09,20-Mar-09,100mg,Capsule,Yes,Invoiced Separately,From RDC,"Ritonavir 100mg [Norvir], capsules, cool, 4 x 84 Caps",61.47,4660,31361.8,PMO - US,ABBVIE (Abbott) France,Ritonavir,6.73,N/A - From RDC,SO-1409,Pre-PQ Process,Pre-PQ Process,ARV,104-CI-T01,20-Mar-09,Air,Adult,336,0.02,SCMS from RDC,N/A - From RDC,Weight Captured Separately
84900,DN-3561,Generic,"Congo, DRC",19-May-14,26-Jun-14,200/50mg,Tablet,No,See DN-3561 (ID#:82654),From RDC,"Lopinavir/Ritonavir 200/50mg, tablets, 120 Tabs",16.36,777,15912.96,PMO - US,Mylan (formerly Matrix) Nashik,Lopinavir/Ritonavir,20.48,N/A - From RDC,SO-47630,FPQ-13554,1/15/14,ARV,101-CD-T30,30-May-14,Air,Adult,120,0.17,SCMS from RDC,N/A - From RDC,See DN-3561 (ID#:82654)
48099,ASN-31750,Uni-Gold,"Congo, DRC",02-Jul-15,30-Jul-15,MIssing,Test kit,No,See ASN-31750 (ID#:19272),Direct Drop,"HIV 1/2, Uni-Gold HIV Kit, 20 Tests",1.54,41,1312.0,PMO - US,"Trinity Biotech, Plc","HIV 1/2, Uni-Gold HIV Kit",32.0,3/16/15,SCMS-280210,FPQ-16001,03-10-15,HRDT,101-CD-T30,02-Jul-15,Air,HIV test,20,1.6,"Trinity Biotech, Plc",EXW,See ASN-31750 (ID#:19272)
82787,DN-4175,Generic,CÃte dIvoire,26-Mar-15,30-Mar-15,30/50/60mg,Chewable/dispersible tablet - FDC,Yes,5012.88,From RDC,"Lamivudine/Nevirapine/Zidovudine 30/50/60mg, dispersible tablets, 60 Tabs",61.06,16500,59400.0,PMO - US,Mylan (formerly Matrix) Nashik,Lamivudine/Nevirapine/Zidovudine,3.6,N/A - From RDC,SO-49030,FPQ-14370,5/23/14,ARV,104-CI-T30,27-Mar-15,Truck,Pediatric,60,0.06,SCMS from RDC,N/A - From RDC,904
84947,DN-3875,Generic,Mozambique,30-Oct-14,07-Nov-14,600mg,Tablet,No,See DN-3875 (ID#:83255),From RDC,"Efavirenz 600mg, tablets, 30 Tabs",27.33,8283,26588.43,PMO - US,"Cipla, Goa, India",Efavirenz,3.21,N/A - From RDC,SO-48883,FPQ-14226,05-02-14,ARV,111-MZ-T30,31-Dec-14,Truck,Adult,30,0.11,SCMS from RDC,N/A - From RDC,See DN-3875 (ID#:83255)
86593,DN-3269,Generic,"Congo, DRC",08-Feb-14,11-Mar-14,10mg/ml,Oral solution,No,See DN-3269 (ID#:83711),From RDC,"Zidovudine 10mg/ml, oral solution w/syringe, Bottle, 240 ml",1.3,502,1054.2,PMO - US,"Aurobindo Unit III, India",Zidovudine,2.1,N/A - From RDC,SO-45030,FPQ-12088,04-12-13,ARV,101-CD-T30,28-Aug-13,Air,Pediatric,240,0.01,SCMS from RDC,N/A - From RDC,See DN-3269 (ID#:83711)
73843,ASN-9179,Generic,South Africa,31-Jan-11,31-Jan-11,150mg,Tablet,No,See ASN-9179 (ID#:28515),Direct Drop,"Lamivudine 150mg, tablets, 60 Tabs",97.99,19177,45449.49,PMO - US,"Aurobindo Unit III, India",Lamivudine,2.37,9/24/10,SCMS-83790,FPQ-6262,8/31/10,ARV,161-ZA-T30,31-Jan-11,Ocean,Adult,60,0.04,Aurobindo Pharma Limited,DDP,See ASN-9179 (ID#:28515)
38266,ASN-20472,Determine,"Congo, DRC",20-Sep-13,20-Sep-13,MIssing,Test kit,Yes,24410.67,Direct Drop,"HIV 1/2, Determine Complete HIV Kit, 100 Tests",288.67,2917,233360.0,PMO - US,"Alere Medical Co., Ltd.","HIV 1/2, Determine Complete HIV Kit",80.0,05-08-13,SCMS-186710,FPQ-12073,04-12-13,HRDT,101-CD-T30,20-Sep-13,Air,HIV test,100,0.8,"Orgenics, Ltd",EXW,1361
86533,DN-2954,Generic,CÃte dIvoire,06-Dec-12,06-Dec-12,600/300/300mg,Tablet - FDC,No,See DN-2954 (ID#:82534),From RDC,"Efavirenz/Lamivudine/Tenofovir Disoproxil Fumarate 600/300/300mg, tablets, 30 Tabs",477.09,25644,340295.88,PMO - US,Mylan (formerly Matrix) Nashik,Efavirenz/Lamivudine/Tenofovir Disoproxil Fumarate,13.27,N/A - From RDC,SO-42373,FPQ-9749,4/19/12,ARV,104-CI-T30,31-Dec-12,Truck,Adult,30,0.44,SCMS from RDC,N/A - From RDC,See DN-2954 (ID#:82534)
11807,DN-414,Generic,Zambia,12-Nov-07,12-Nov-07,10mg/ml,Oral solution,Yes,17358.74,From RDC,"Lamivudine 10mg/ml, oral solution, Bottle, 240 ml",41.37,13124,25854.28,PMO - US,"Aurobindo Unit III, India",Lamivudine,1.97,N/A - From RDC,SO-995,Pre-PQ Process,Pre-PQ Process,ARV,110-ZM-T01,12-Nov-07,Air,Pediatric,240,0.01,SCMS from RDC,N/A - From RDC,5309
84445,DN-4109,Generic,Uganda,09-Feb-15,17-Feb-15,200mg,Tablet,Yes,41735,From RDC,"Nevirapine 200mg, tablets, 60 Tabs",192.17,74896,163273.28,PMO - US,"Aurobindo Unit III, India",Nevirapine,2.18,N/A - From RDC,SO-50630,FPQ-15638,12/22/14,ARV,114-UG-T30,17-Feb-15,Air,Adult,60,0.04,SCMS from RDC,N/A - From RDC,7183
80924,ASN-28034,Generic,South Africa,29-Aug-14,29-Aug-14,150/200/30mg,Tablet - FDC,No,Freight Included in Commodity Cost,Direct Drop,"Lamivudine/Nevirapine/Stavudine 150/200/30mg, tablets, 60 Tabs",0.49,13,393.18,PMO - US,"Cipla, Goa, India",Lamivudine/Nevirapine/Stavudine,30.24,8/29/14,SCMS-199289,FPQ-12522,07-11-13,ARV,116-ZA-T30,29-Aug-14,Truck,Adult,60,0.5,S. BUYS WHOLESALER,DDP,Weight Captured Separately
10551,DN-73,Generic,CÃte dIvoire,30-Apr-07,30-Apr-07,150/200/30mg,Tablet - FDC,Yes,3166,From RDC,"Lamivudine/Nevirapine/Stavudine 150/200/30mg, tablets, 60 Tabs",MIssing,9000,67500.0,PMO - US,"Cipla, Goa, India",Lamivudine/Nevirapine/Stavudine,7.5,N/A - From RDC,SO-436,Pre-PQ Process,Pre-PQ Process,ARV,100-CI-T01,30-Apr-07,MIssing,Adult,60,0.12,SCMS from RDC,N/A - From RDC,974
45695,ASN-15792,Generic,Haiti,18-Aug-12,18-Aug-12,50mg,Capsule,Yes,1615.07,Direct Drop,"Efavirenz 50mg, capsule, 30 Caps",5.54,1764,3951.36,PMO - US,"Aurobindo Unit III, India",Efavirenz,2.24,07-12-12,SCMS-148400,FPQ-9635,5/14/12,ARV,106-HT-T30,18-Aug-12,Air,Pediatric,30,0.07,Aurobindo Pharma Limited,EXW,106
1919,ASN-2562,Generic,Vietnam,03-Oct-08,03-Oct-08,30mg,Capsule,Yes,5822.44,Direct Drop,"Stavudine 30mg, capsules, 60 Caps",41.83,18030,26143.5,PMO - US,"Aurobindo Unit III, India",Stavudine,1.45,07-03-08,SCMS-26190,Pre-PQ Process,Pre-PQ Process,ARV,108-VN-T01,03-Oct-08,Air,Adult,60,0.02,Aurobindo Pharma Limited,EXW,1114
9952,ASN-2921,Generic,CÃte dIvoire,23-Jan-09,23-Jan-09,50+153mg,Tablet - FDC + co-blister,No,See ASN-2921 (ID#:719),Direct Drop,"Artesunate+Amodiaquine 50+153mg, tablets, co-blister 12+12 Tabs",27.44,20000,14000.0,PMO - US,Ipca Dadra/Nagar Haveli IN,Artesunate+Amodiaquine,0.7,09-03-08,SCMS-29340,Pre-PQ Process,Pre-PQ Process,ACT,104-CI-T01,23-Jan-09,Air,ACT,24,0.03,IDA FOUNDATION,EXW,See ASN-2921 (ID#:719)
10958,DN-711,Generic,Zambia,09-May-08,09-May-08,150/300mg,Tablet - FDC,Yes,2348.92,From RDC,"Lamivudine/Zidovudine 150/300mg, tablets, 60 Tabs",756,50000,472500.0,PMO - US,"Aurobindo Unit III, India",Lamivudine/Zidovudine,9.45,N/A - From RDC,SO-1885,Pre-PQ Process,Pre-PQ Process,ARV,110-ZM-T01,09-May-08,MIssing,Adult,60,0.16,SCMS from RDC,N/A - From RDC,4657
49169,ASN-14659,Generic,Rwanda,26-Apr-12,26-Apr-12,600/300/300mg,Tablet - FDC,Yes,5610.17,Direct Drop,"Efavirenz/Lamivudine/Tenofovir Disoproxil Fumarate 600/300/300mg, tablets, 30 Tabs",87.39,4560,62335.2,PMO - US,Mylan (formerly Matrix) Nashik,Efavirenz/Lamivudine/Tenofovir Disoproxil Fumarate,13.67,04-03-12,SCMS-137520,FPQ-8742,12-07-11,ARV,107-RW-T30,26-Apr-12,Air,Adult,30,0.46,MYLAN LABORATORIES LTD (FORMERLY MATRIX LABORATORIES),CIP,561
10898,DN-376,Determine,CÃte dIvoire,02-Oct-07,02-Oct-07,MIssing,Test kit,No,See DN-376 (ID#:10628),From RDC,"HIV 1/2, Determine Complete HIV Kit, 100 Tests",40.32,350,25200.0,PMO - US,Inverness Japan,"HIV 1/2, Determine Complete HIV Kit",72.0,N/A - From RDC,SO-845,Pre-PQ Process,Pre-PQ Process,HRDT,104-CI-T01,02-Oct-07,Air,HIV test,100,0.72,SCMS from RDC,N/A - From RDC,See DN-376 (ID#:10628)
12075,DN-223,Generic,Zambia,16-Jul-07,16-Jul-07,200mg,Tablet,Yes,30412.53,From RDC,"Nevirapine 200mg, tablets, 60 Tabs",451.41,79029,282133.53,PMO - US,"Aurobindo Unit III, India",Nevirapine,3.57,N/A - From RDC,SO-464,Pre-PQ Process,Pre-PQ Process,ARV,110-ZM-T01,16-Jul-07,MIssing,Adult,60,0.06,SCMS from RDC,N/A - From RDC,7393
11222,DN-535,Generic,Nigeria,09-Jan-08,09-Jan-08,150/200/30mg,Tablet - FDC,No,See DN-535 (ID#:10658),From RDC,"Lamivudine/Nevirapine/Stavudine 150/200/30mg, tablets, 60 Tabs",34.63,2925,21645.0,PMO - US,"Cipla, Goa, India",Lamivudine/Nevirapine/Stavudine,7.4,N/A - From RDC,SO-1570,Pre-PQ Process,Pre-PQ Process,ARV,112-NG-T01,09-Jan-08,Air,Adult,60,0.12,SCMS from RDC,N/A - From RDC,See DN-535 (ID#:10658)
85961,DN-3125,Generic,South Sudan,24-Apr-13,24-Apr-13,30/60mg,Tablet - FDC,No,See DN-3125 (ID#:82571),From RDC,"Lamivudine/Zidovudine 30/60mg, tablets, 60 Tabs",0.37,132,298.32,PMO - US,Mylan (formerly Matrix) Nashik,Lamivudine/Zidovudine,2.26,N/A - From RDC,SO-44630,FPQ-11489,1/16/13,ARV,103-SS-T30,30-Apr-13,Air,Pediatric,60,0.04,SCMS from RDC,N/A - From RDC,See DN-3125 (ID#:82571)
33665,ASN-27495,Generic,Ghana,11-Sep-14,11-Sep-14,600/300/300mg,Tablet - FDC,Yes,32683.47,Direct Drop,"Efavirenz/Lamivudine/Tenofovir Disoproxil Fumarate 600/300/300mg, tablets, 30 Tabs",427.19,38692,415552.08,PMO - US,Mylan (formerly Matrix) Nashik,Efavirenz/Lamivudine/Tenofovir Disoproxil Fumarate,10.74,5/15/14,SCMS-236690,FPQ-14050,04-12-14,ARV,105-GH-T30,11-Sep-14,Air,Adult,30,0.36,MYLAN LABORATORIES LTD (FORMERLY MATRIX LABORATORIES),EXW,4707
82462,DN-2597,Generic,Uganda,27-Feb-12,27-Feb-12,150/300/200mg,Tablet - FDC,Yes,4054.19,From RDC,"Lamivudine/Nevirapine/Zidovudine 150/200/300mg, tablets, 60 Tabs",85.21,5525,60775.0,PMO - US,Mylan (formerly Matrix) Nashik,Lamivudine/Nevirapine/Zidovudine,11.0,N/A - From RDC,SO-41520,FPQ-9321,02-10-12,ARV,114-UG-T30,24-Apr-12,Truck,Adult,60,0.18,SCMS from RDC,N/A - From RDC,1414
46867,ASN-31497,Determine,Uganda,05-May-15,05-May-15,MIssing,Test kit,Yes,19775.55,Direct Drop,"HIV 1/2, Determine Complete HIV Kit, 100 Tests",576.07,6118,489440.0,PMO - US,"Alere Medical Co., Ltd.","HIV 1/2, Determine Complete HIV Kit",80.0,12-04-14,SCMS-264750,FPQ-15314,11-11-14,HRDT,114-UG-T30,05-May-15,Air,HIV test,100,0.8,"Orgenics, Ltd",EXW,2477
57590,ASN-22495,Generic,Uganda,16-Nov-13,26-Nov-13,300/300mg,Tablet - FDC,Yes,18550.93,Direct Drop,"Lamivudine/Tenofovir Disoproxil Fumarate 300/300mg, tablets, 30 Tabs",227.61,40000,184000.0,PMO - US,"Cipla, Kurkumbh, India",Lamivudine/Tenofovir Disoproxil Fumarate,4.6,09-10-13,SCMS-198541,FPQ-12477,07-08-13,ARV,114-UG-T30,16-Nov-13,Air,Adult,30,0.15,CIPLA LIMITED,EXW,4620
13886,ASN-22594,Intelence,Uganda,20-Nov-13,21-Nov-13,100mg,Tablet,Yes,265,Direct Drop,"Etravirine 100mg [Intelence], tablets, 120 Tabs",4.81,108,3888.0,PMO - US,"Janssen-Cilag, Latina, IT",Etravirine,36.0,07-03-13,SCMS-192080,FPQ-12290,5/17/13,ARV,114-UG-T30,20-Nov-13,Air,Adult,120,0.3,ASPEN PHARMACARE,CIP,22
61864,ASN-7630,Bioline,CÃte dIvoire,17-Aug-10,17-Aug-10,MIssing,Test kit,Yes,3489.46,Direct Drop,"HIV 1/2, Bioline 3.0 Kit, (no accessories), 30 Tests",46.57,900,21600.0,PMO - US,"Standard Diagnostics, Korea","HIV 1/2, Bioline 3.0 Kit (no accessories)",24.0,06-07-10,SCMS-75371,FPQ-5208,2/25/10,HRDT,104-CI-T30,17-Aug-10,Air,HIV test,30,0.8,"Standard Diagnostics, Inc.",EXW,300
79424,ASN-33413,Stat-Pak,Nigeria,07-Aug-15,10-Aug-15,MIssing,Test kit,Yes,Invoiced Separately,Direct Drop,"HIV 1/2, Stat-Pak HIV, Kit, 20 Tests",58.91,1564,50048.0,PMO - US,Chembio Diagnostics Sys. Inc.,"HIV 1/2, Stat-Pak HIV, Kit",32.0,5/26/15,SCMS-289120,FPQ-16329,05-07-15,HRDT,133-NG-T30,07-Aug-15,Air,HIV test,20,1.6,"CHEMBIO DIAGNOSTIC SYSTEMS, INC.",EXW,Weight Captured Separately
42243,ASN-31070,Generic,South Africa,09-Mar-15,09-Mar-15,200/300mg,Tablet - FDC,No,Freight Included in Commodity Cost,Direct Drop,"Emtricitabine/Tenofovir Disoproxil Fumarate 200/300mg, tablets, 30 Tabs",0.2,9,196.47,PMO - US,"Aurobindo Unit III, India",Emtricitabine/Tenofovir Disoproxil Fumarate,21.83,03-09-15,SCMS-259074,FPQ-14942,09-11-14,ARV,116-ZA-T30,09-Mar-15,Truck,Adult,30,0.73,PHARMACY DIRECT,DDP,Weight Captured Separately
65732,ASN-4636,Norvir,Tanzania,09-Sep-09,09-Sep-09,100mg,Capsule,Yes,2278.11,Direct Drop,"Ritonavir 100mg [Norvir], capsules, cool, 4 x 84 Caps",12.03,160,6137.6,PMO - US,ABBVIE (Abbott) Logis. UK,Ritonavir,38.36,6/23/09,SCMS-47740,FPQ-3782,06-11-09,ARV,109-TZ-T30,09-Sep-09,Air,Adult,336,0.11,ABBVIE LOGISTICS (FORMERLY ABBOTT LOGISTICS BV),FCA,325
24384,ASN-17430,Prezista,Uganda,14-Dec-12,14-Dec-12,300mg,Tablet,Yes,1061,Direct Drop,"Darunavir 300mg [Prezista], tablets, 120 Tabs",23.73,288,19180.8,PMO - US,"Aspen-OSD, Port Elizabeth, SA",Darunavir,66.6,10/25/12,SCMS-162740,FPQ-10788,10-10-12,ARV,114-UG-T30,14-Dec-12,Air,Adult,120,0.55,ASPEN PHARMACARE,DAP,94
12572,DN-1205,Generic,Haiti,19-May-09,19-May-09,20mg/ml,Oral solution,No,See DN-1205 (ID#:11314),From RDC,"Abacavir 20mg/ml, oral solution, Bottle, 240 ml",11.7,398,5970.0,PMO - US,"Aurobindo Unit III, India",Abacavir,15.0,N/A - From RDC,SO-24830,Pre-PQ Process,Pre-PQ Process,ARV,106-HT-T01,19-May-09,Air,Pediatric,240,0.06,SCMS from RDC,N/A - From RDC,See DN-1205 (ID#:11314)
85685,DN-1910,Generic,Nigeria,28-Jun-10,28-Jun-10,150mg,Tablet,Yes,Freight Included in Commodity Cost,From RDC,"Lamivudine 150mg, tablets, 60 Tabs",31.56,6000,14640.0,PMO - US,"Aurobindo Unit III, India",Lamivudine,2.44,N/A - From RDC,SO-36491,FPQ-5023,02-10-10,ARV,151-NG-T30,15-Jul-10,Air,Adult,60,0.04,SCMS from RDC,N/A - From RDC,285
32559,ASN-19219,Determine,Haiti,15-Mar-13,15-Mar-13,MIssing,Test kit,Yes,Freight Included in Commodity Cost,Direct Drop,"HIV 1/2, Determine Complete HIV Kit, 100 Tests",3.87,25,3125.0,PMO - US,"Alere Medical Co., Ltd.","HIV 1/2, Determine Complete HIV Kit",125.0,02-12-13,SCMS-176450,FPQ-11304,1/22/13,HRDT,106-HT-T30,15-Mar-13,Truck,HIV test,100,1.25,REINBOLD EXPORT IMPORT,DAP,Weight Captured Separately
85958,DN-3110,Generic,Mozambique,20-Jun-13,20-Jun-13,300mg,Tablet,No,See DN-3110 (ID#:84809),From RDC,"Zidovudine 300mg, tablets, 60 Tabs",17.4,2151,14067.54,PMO - US,"Aurobindo Unit III, India",Zidovudine,6.54,N/A - From RDC,SO-44830,FPQ-11882,3/19/13,ARV,111-MZ-T30,06-Jun-13,Truck,Adult,60,0.11,SCMS from RDC,N/A - From RDC,See DN-3110 (ID#:84809)
82499,DN-2804,Generic,Zimbabwe,04-Sep-12,04-Sep-12,300/300mg,Tablet - FDC,Yes,6014.22,From RDC,"Lamivudine/Tenofovir Disoproxil Fumarate 300/300mg, tablets, 30 Tabs",396.93,44881,240562.16,PMO - US,Mylan (formerly Matrix) Nashik,Lamivudine/Tenofovir Disoproxil Fumarate,5.36,N/A - From RDC,SO-40900,FPQ-8464,10-04-11,ARV,113-ZW-T30,11-Dec-12,Truck,Adult,30,0.18,SCMS from RDC,N/A - From RDC,7191
11395,DN-204,Aluvia,Zambia,20-Jun-07,20-Jun-07,200/50mg,Tablet,Yes,2880.35,From RDC,"Lopinavir/Ritonavir 200/50mg [Aluvia], tablets, 120 Tabs",185.44,2820,115902.0,PMO - US,ABBVIE Ludwigshafen Germany,Lopinavir/Ritonavir,41.1,N/A - From RDC,SO-623,Pre-PQ Process,Pre-PQ Process,ARV,110-ZM-T01,20-Jun-07,MIssing,Adult,120,0.34,SCMS from RDC,N/A - From RDC,614
11357,DN-1466,Generic,Haiti,21-Oct-09,21-Oct-09,150/300mg,Tablet - FDC,Yes,75688.58,From RDC,"Lamivudine/Zidovudine 150/300mg, tablets, 60 Tabs",1029.35,59952,525179.52,PMO - US,"Aurobindo Unit III, India",Lamivudine/Zidovudine,8.76,N/A - From RDC,SO-32720,Pre-PQ Process,Date Not Captured,ARV,106-HT-T01,21-Oct-09,Air,Adult,60,0.15,SCMS from RDC,N/A - From RDC,6967
84229,DN-3025,Generic,Uganda,07-Mar-13,07-Mar-13,300/300mg,Tablet - FDC,No,See DN-3025 (ID#:82546),From RDC,"Lamivudine/Tenofovir Disoproxil Fumarate 300/300mg, tablets, 30 Tabs",187.78,32298,151800.6,PMO - US,Hetero Unit III Hyderabad IN,Lamivudine/Tenofovir Disoproxil Fumarate,4.7,N/A - From RDC,SO-43640,FPQ-10946,11-01-12,ARV,114-UG-T30,04-Apr-13,Air,Adult,30,0.16,SCMS from RDC,N/A - From RDC,See DN-3025 (ID#:82546)
16556,ASN-15286,Generic,Rwanda,29-Jun-12,29-Jun-12,200/50mg,Tablet,Yes,6072.8,Direct Drop,"Lopinavir/Ritonavir 200/50mg, tablets, 120 Tabs",104.8,2074,74746.96,PMO - US,Cipla Ltd A-42 MIDC Mahar. IN,Lopinavir/Ritonavir,36.04,3/14/12,SCMS-129500,FPQ-8741,11/30/11,ARV,107-RW-T30,29-Jun-12,Air,Adult,120,0.3,CIPLA LIMITED,EXW,627
11629,DN-1165,Truvada,Nigeria,02-Apr-09,02-Apr-09,300/200mg,Tablet - FDC,Yes,286.65,From RDC,"Emtricitabine/Tenofovir Disoproxil Fumarate 200/300mg [Truvada], tablets, 30 Tabs",2.57,50,1312.5,PMO - US,"Aspen-OSD, Port Elizabeth, SA",Emtricitabine/Tenofovir Disoproxil Fumarate,26.25,N/A - From RDC,SO-20961,Pre-PQ Process,Pre-PQ Process,ARV,112-NG-T01,02-Apr-09,Air,Adult,30,0.88,SCMS from RDC,N/A - From RDC,5
86704,DN-3793,Generic,Nigeria,20-Jun-14,25-Jun-14,30/50/60mg,Chewable/dispersible tablet - FDC,Yes,28812.57,From RDC,"Lamivudine/Nevirapine/Zidovudine 30/50/60mg, dispersible tablets, 60 Tabs",252.16,65761,245288.53,PMO - US,"Strides, Bangalore, India.",Lamivudine/Nevirapine/Zidovudine,3.73,N/A - From RDC,SO-47287,FPQ-13293,11/19/13,ARV,151-NG-T30,30-Jun-14,Air Charter,Pediatric,60,0.06,SCMS from RDC,N/A - From RDC,3156
84633,DN-2153,Generic,CÃte dIvoire,10-Jun-11,10-Jun-11,10mg/ml,Oral solution,No,See DN-2153 (ID#:82374),From RDC,"Lamivudine 10mg/ml, oral solution w/syringe, Bottle, 240 ml",22.65,7420,13727.0,PMO - US,"Aurobindo Unit III, India",Lamivudine,1.85,N/A - From RDC,SO-38540,FPQ-6891,12/21/10,ARV,104-CI-T30,20-Apr-11,Air,Pediatric,240,0.01,SCMS from RDC,N/A - From RDC,See DN-2153 (ID#:82374)
84788,DN-3023,Generic,CÃte dIvoire,28-Feb-13,28-Feb-13,600mg,Tablet,No,See DN-3023 (ID#:83111),From RDC,"Efavirenz 600mg, tablets, 30 Tabs",140.06,30000,99900.0,PMO - US,"Hetero, Jadcherla, unit 5, IN",Efavirenz,3.33,N/A - From RDC,SO-43000,FPQ-10405,7/24/12,ARV,104-CI-T30,27-Mar-13,Truck,Adult,30,0.11,SCMS from RDC,N/A - From RDC,See DN-3023 (ID#:83111)
86577,DN-3197,Generic,Nigeria,28-May-13,28-May-13,200/50mg,Tablet,No,See DN-3197 (ID#:84271),From RDC,"Lopinavir/Ritonavir 200/50mg, tablets, 120 Tabs",511.9,19000,413820.0,PMO - US,Hetero Unit III Hyderabad IN,Lopinavir/Ritonavir,21.78,N/A - From RDC,SO-43840,FPQ-11022,11/15/12,ARV,151-NG-T30,31-May-13,Air Charter,Adult,120,0.18,SCMS from RDC,N/A - From RDC,See DN-3197 (ID#:84271)
46348,ASN-21426,Generic,Mozambique,09-Oct-13,06-Nov-13,150/30mg,Tablet - FDC,Yes,4683.02,Direct Drop,"Lamivudine/Stavudine 150/30mg, tablets, 60 Tabs",65.11,18025,52633.0,PMO - US,"Strides, Bangalore, India.",Lamivudine/Stavudine,2.92,04-11-13,SCMS-185200,FPQ-11915,3/20/13,ARV,111-MZ-T30,09-Oct-13,Air,Adult,60,0.05,STRIDES ARCOLAB LIMITED,EXW,1139
12088,DN-304,Trizivir,Mozambique,21-Sep-07,21-Sep-07,300/150/300mg,Tablet - FDC,No,See DN-304 (ID#:10589),From RDC,"Abacavir/Lamivudine/Zidovudine 300/150/300mg [Trizivir], tablets, 60 Tabs",59.36,530,37100.0,PMO - US,GSK Ware (UK),Abacavir/Lamivudine/Zidovudine,70.0,N/A - From RDC,SO-298,Pre-PQ Process,Pre-PQ Process,ARV,111-MZ-T01,21-Sep-07,Air,Adult,60,1.17,SCMS from RDC,N/A - From RDC,See DN-304 (ID#:10589)
10652,DN-488,Generic,Zimbabwe,14-Jan-08,14-Jan-08,600mg,Tablet,Yes,12130.9,From RDC,"Efavirenz 600mg, tablets, 30 Tabs",36.96,1860,23101.2,PMO - US,"Cipla, Goa, India",Efavirenz,12.42,N/A - From RDC,SO-710,Pre-PQ Process,Pre-PQ Process,ARV,100-ZW-T01,14-Jan-08,Air,Adult,30,0.41,SCMS from RDC,N/A - From RDC,4091
44913,ASN-19166,Aluvia,South Africa,16-Apr-13,16-Apr-13,200/50mg,Tablet,No,Freight Included in Commodity Cost,Direct Drop,"Lopinavir/Ritonavir 200/50mg [Aluvia], tablets, 120 Tabs",1.92,62,1549.54,South Africa Field Office,ABBVIE Ludwigshafen Germany,Lopinavir/Ritonavir,24.99,Date Not Captured,SCMS-183950,FPQ-11828,3/18/13,ARV,116-ZA-T30,16-Apr-13,Truck,Adult,120,0.21,S. BUYS WHOLESALER,DDP,Weight Captured Separately
38308,ASN-32512,Generic,Haiti,02-Jul-15,06-Jul-15,50mg,Chewable/dispersible tablet,Yes,2251.42,Direct Drop,"Nevirapine 50mg, dispersible tablets (tablets for oral suspension), 30 Tabs",3.39,2303,2878.75,PMO - US,"Aurobindo Unit III, India",Nevirapine,1.25,5/29/15,SCMS-289480,FPQ-16241,05-05-15,ARV,106-HT-T30,02-Jul-15,Air,Pediatric,30,0.04,Aurobindo Pharma Limited,EXW,143
410,ASN-2434,Determine,Zimbabwe,17-Nov-08,17-Nov-08,MIssing,Test kit,Yes,4112.46,Direct Drop,"HIV 1/2, Determine HIV Kit, without Lancets, 100 Tests",188.21,1634,117631.66,PMO - US,Inverness Japan,"HIV 1/2, Determine HIV Kit, without Lancets",71.99,3/17/08,SCMS-18870,Pre-PQ Process,Pre-PQ Process,HRDT,113-ZW-T01,17-Nov-08,Air,HIV test,100,0.72,"Orgenics, Ltd",EXW,373
84354,DN-3626,Generic,Guyana,14-Apr-14,06-Jun-14,10mg/ml,Oral solution,No,See DN-3626 (ID#:83781),From RDC,"Zidovudine 10mg/ml, oral solution w/syringe, Bottle, 240 ml",0.38,176,369.6,PMO - US,"Aurobindo Unit III, India",Zidovudine,2.1,N/A - From RDC,SO-47730,FPQ-13567,1/16/14,ARV,105-GY-T30,30-Jun-14,Air,Pediatric,240,0.01,SCMS from RDC,N/A - From RDC,See DN-3626 (ID#:83781)
52341,ASN-20972,Uni-Gold,Dominican Republic,10-Aug-13,10-Aug-13,MIssing,Test kit,Yes,1375.8,Direct Drop,"HIV 1/2, Uni-Gold HIV Kit, 20 Tests",16.31,412,13184.0,PMO - US,"Trinity Biotech, Plc","HIV 1/2, Uni-Gold HIV Kit",32.0,01-11-13,SCMS-172491,FPQ-11295,12/17/12,HRDT,105-DO-T30,10-Aug-13,Air,HIV test,20,1.6,"Trinity Biotech, Plc",EXW,123
10365,ASN-4386,Aluvia,South Africa,21-Apr-09,21-Apr-09,200/50mg,Tablet,No,Freight Included in Commodity Cost,Direct Drop,"Lopinavir/Ritonavir 200/50mg [Aluvia], tablets, 120 Tabs",133.99,1900,68362.0,PMO - US,ABBVIE Ludwigshafen Germany,Lopinavir/Ritonavir,35.98,3/27/09,SCMS-41585,Pre-PQ Process,Pre-PQ Process,ARV,116-ZA-T01,25-Jun-09,Air,Adult,120,0.3,S. BUYS WHOLESALER,DDP,Weight Captured Separately
65323,ASN-22833,Generic,Tanzania,27-Dec-13,27-Dec-13,150/300/200mg,Tablet - FDC,Yes,33442.63,Direct Drop,"Lamivudine/Nevirapine/Zidovudine 150/200/300mg, tablets, 60 Tabs",533.44,53239,431235.9,PMO - US,"Cipla, Goa, India",Lamivudine/Nevirapine/Zidovudine,8.1,8/27/13,SCMS-198771,FPQ-12540,07-03-13,ARV,109-TZ-T30,27-Dec-13,Air,Adult,60,0.13,CIPLA LIMITED,EXW,7696
70795,ASN-16037,Generic,Tanzania,04-Oct-12,04-Oct-12,150/300mg,Tablet - FDC,Yes,21225.33,Direct Drop,"Lamivudine/Zidovudine 150/300mg, tablets, 60 Tabs",531.8,53051,379314.65,PMO - US,"Aurobindo Unit III, India",Lamivudine/Zidovudine,7.15,08-09-12,SCMS-156520,FPQ-10394,7/26/12,ARV,109-TZ-T30,27-Sep-12,Air,Adult,60,0.12,Aurobindo Pharma Limited,EXW,4611
52999,ASN-6101,Generic,CÃte dIvoire,05-Mar-10,05-Mar-10,600/300mg,Tablet - FDC,Yes,1664.12,Direct Drop,"Abacavir/Lamivudine 600/300mg, scored tablets, 30 Tabs",64.57,1461,29950.5,PMO - US,"Aurobindo Unit III, India",Abacavir/Lamivudine,20.5,02-03-10,SCMS-64530,FPQ-5022,02-02-10,ARV,104-CI-T30,05-Mar-10,Air,Adult,30,0.68,Aurobindo Pharma Limited,EXW,154780
54265,ASN-10811,Videx EC,Tanzania,27-Jun-11,27-Jun-11,400mg,Delayed-release capsules - blister,No,See ASN-10811 (ID#:17259),Direct Drop,"Didanosine EC 400mg [Videx EC], delayed-release capsules, Blister 3 x 10 Caps",30.15,772,18273.24,PMO - US,Bristol-Myers Squibb Anagni IT,Didanosine EC,23.67,4/14/11,SCMS-103290,FPQ-6795,1/27/11,ARV,109-TZ-T30,27-Jun-11,Air,Adult,30,0.79,LAWRENCE LABORATORIES (SUBSIDIARY OF BRISTOL MYERS SQUIBB),FCA,See ASN-10811 (ID#:17259)
84868,DN-3421,Generic,Rwanda,23-Dec-13,17-Jan-14,20mg/ml,Oral solution,No,See DN-3421 (ID#:82617),From RDC,"Abacavir 20mg/ml, oral solution w/syringe, Bottle, 240 ml",71.75,6816,58004.16,PMO - US,"Aurobindo Unit III, India",Abacavir,8.51,N/A - From RDC,SO-45390,FPQ-12190,05-06-13,ARV,107-RW-T30,31-Jan-14,Truck,Pediatric,240,0.04,SCMS from RDC,N/A - From RDC,See DN-3421 (ID#:82617)
12724,DN-373,Generic,Nigeria,20-Sep-07,20-Sep-07,10mg/ml,Oral suspension,No,See DN-373 (ID#:10623),From RDC,"Nevirapine 10mg/ml, oral suspension, Bottle, 240 ml",16.09,1622,10056.4,PMO - US,"Aurobindo Unit III, India",Nevirapine,6.2,N/A - From RDC,SO-565,Pre-PQ Process,Pre-PQ Process,ARV,112-NG-T01,20-Sep-07,Air,Pediatric,240,0.03,SCMS from RDC,N/A - From RDC,See DN-373 (ID#:10623)
84597,DN-2034,Generic,CÃte dIvoire,23-Nov-10,23-Nov-10,200mg,Capsule,Yes,7816.45,From RDC,"Efavirenz 200mg, capsule, 90 Caps",38.75,1785,17974.95,PMO - US,"Aurobindo Unit III, India",Efavirenz,10.07,N/A - From RDC,SO-36380,FPQ-5201,03-03-10,ARV,104-CI-T30,30-Oct-10,Air,Pediatric,90,0.11,SCMS from RDC,N/A - From RDC,168
12766,DN-614,Generic,Haiti,21-Feb-08,21-Feb-08,150mg,Tablet,No,See DN-614 (ID#:11219),From RDC,"Lamivudine 150mg, tablets, 60 Tabs",156.28,32129,97672.16,PMO - US,"Ranbaxy, Paonta Shahib, India",Lamivudine,3.04,N/A - From RDC,SO-1287,Pre-PQ Process,Pre-PQ Process,ARV,106-HT-T01,04-Mar-08,Air,Adult,60,0.05,SCMS from RDC,N/A - From RDC,See DN-614 (ID#:11219)
82947,DN-2200,Generic,Ethiopia,18-May-11,18-May-11,250mg,Delayed-release capsules,Yes,2143.5,From RDC,"Didanosine 250mg, delayed-release capsules, 30 Caps",147.4,6872,89336.0,PMO - US,"Aurobindo Unit III, India",Didanosine,13.0,N/A - From RDC,SO-38410,FPQ-7000,01-07-11,ARV,117-ET-T30,10-May-11,Air,Adult,30,0.43,SCMS from RDC,N/A - From RDC,577
35146,ASN-22601,Intelence,Uganda,20-Nov-13,21-Nov-13,100mg,Tablet,Yes,294.86,Direct Drop,"Etravirine 100mg [Intelence], tablets, 120 Tabs",9.66,217,7812.0,PMO - US,"Janssen-Cilag, Latina, IT",Etravirine,36.0,07-03-13,SCMS-192190,FPQ-12290,5/17/13,ARV,114-UG-T30,20-Nov-13,Air,Adult,120,0.3,ASPEN PHARMACARE,CIP,74
84416,DN-3950,Generic,Zambia,02-Oct-14,22-Oct-14,150/300mg,Tablet - FDC,Yes,9410.57,From RDC,"Lamivudine/Zidovudine 150/300mg, tablets, 60 Tabs",542.2,79914,527432.4,PMO - US,"Aurobindo Unit III, India",Lamivudine/Zidovudine,6.6,N/A - From RDC,SO-48672,FPQ-14162,4/24/14,ARV,110-ZM-T30,31-Oct-14,Truck,Adult,60,0.11,SCMS from RDC,N/A - From RDC,7194
44942,ASN-9590,Norvir,Nigeria,08-Feb-11,08-Feb-11,100mg,Capsule,Yes,3759.22,Direct Drop,"Ritonavir 100mg [Norvir], capsules, cool, 4 x 84 Caps",22.58,273,10472.28,PMO - US,ABBVIE (Abbott) Logis. UK,Ritonavir,38.36,9/23/10,SCMS-86060,FPQ-6249,8/27/10,ARV,151-NG-T30,08-Feb-11,Air,Adult,336,0.11,ABBVIE LOGISTICS (FORMERLY ABBOTT LOGISTICS BV),FCA,520
10389,ASN-4224,Epivir,South Africa,15-May-09,15-May-09,10mg/ml,Oral solution,No,Freight Included in Commodity Cost,Direct Drop,"Lamivudine 10mg/ml [Epivir], oral solution, Bottle, 240 ml",7.08,650,3614.0,PMO - US,GSK Mississauga (Canada),Lamivudine,5.56,04-02-09,SCMS-47320,Pre-PQ Process,Pre-PQ Process,ARV,116-ZA-T01,15-May-09,Truck,Pediatric,240,0.02,S. BUYS WHOLESALER,DDP,Weight Captured Separately
33863,ASN-21706,Generic,Cameroon,09-Nov-13,19-Nov-13,150/300/200mg,Tablet - FDC,Yes,41173.77,Direct Drop,"Lamivudine/Nevirapine/Zidovudine 150/200/300mg, tablets, 60 Tabs",387.34,38515,313126.95,PMO - US,"Aurobindo Unit III, India",Lamivudine/Nevirapine/Zidovudine,8.13,8/23/13,SCMS-204300,FPQ-12837,8/19/13,ARV,901-CM-T30,18-Oct-13,Air,Adult,60,0.14,Aurobindo Pharma Limited,EXW,4892
84903,DN-3565,Generic,Zambia,25-Mar-14,04-Apr-14,150mg,Tablet,Yes,3526.69,From RDC,"Lamivudine 150mg, tablets, 60 Tabs",3.34,1209,2696.07,PMO - US,"Micro labs, Verna, Goa, India",Lamivudine,2.23,N/A - From RDC,SO-45940,FPQ-12497,6/20/13,ARV,100-ZM-T30,25-Mar-14,Truck,Adult,60,0.04,SCMS from RDC,N/A - From RDC,609
74609,ASN-17660,Determine,Kenya,28-Feb-13,28-Feb-13,MIssing,Test kit,Yes,91.66,Direct Drop,"HIV 1/2, Determine Complete HIV Kit, 100 Tests",0.12,1,89.0,PMO - US,"Alere Medical Co., Ltd.","HIV 1/2, Determine Complete HIV Kit",89.0,11-06-12,SCMS-153910,FPQ-10314,07-12-12,HRDT,101-KE-T30,28-Feb-13,Air,HIV test,100,0.89,"Orgenics, Ltd",CIP,1476
11999,DN-1374,Generic,Haiti,31-Jul-09,31-Jul-09,15mg,Capsule,Yes,6811.4,From RDC,"Stavudine 15mg, capsules, 60 Caps",0.32,108,162.0,PMO - US,"Aurobindo Unit III, India",Stavudine,1.5,N/A - From RDC,SO-32730,Pre-PQ Process,Date Not Captured,ARV,106-HT-T01,31-Jul-09,Air,Adult,60,0.02,SCMS from RDC,N/A - From RDC,78
10571,DN-141,Generic,Zimbabwe,20-May-07,20-May-07,600mg,Tablet,Yes,1956.93,From RDC,"Efavirenz 600mg, tablets, 30 Tabs",MIssing,6000,97500.0,PMO - US,"Aurobindo Unit III, India",Efavirenz,16.25,N/A - From RDC,SO-278,Pre-PQ Process,Pre-PQ Process,ARV,113-ZW-T01,20-May-07,MIssing,Adult,30,0.54,SCMS from RDC,N/A - From RDC,553
31963,ASN-19166,Generic,South Africa,16-Apr-13,16-Apr-13,250mg,Delayed-release capsules,No,Freight Included in Commodity Cost,Direct Drop,"Didanosine 250mg, delayed-release capsules, 30 Caps",0.04,2,30.85,South Africa Field Office,"Aurobindo Unit III, India",Didanosine,15.42,Date Not Captured,SCMS-183950,FPQ-11828,3/18/13,ARV,116-ZA-T30,16-Apr-13,Truck,Adult,30,0.51,S. BUYS WHOLESALER,DDP,Weight Captured Separately
12632,DN-98,Generic,Zambia,27-Apr-07,27-Apr-07,200mg,Tablet,Yes,18137.64,From RDC,"Nevirapine 200mg, tablets, 60 Tabs",MIssing,43470,155187.9,PMO - US,"Ranbaxy, Paonta Shahib, India",Nevirapine,3.57,N/A - From RDC,SO-309,Pre-PQ Process,Pre-PQ Process,ARV,110-ZM-T01,27-Apr-07,MIssing,Adult,60,0.06,SCMS from RDC,N/A - From RDC,4398
51775,ASN-24696,Aluvia,Vietnam,07-Apr-14,07-Apr-14,200/50mg,Tablet,Yes,5324.08,Direct Drop,"Lopinavir/Ritonavir 200/50mg [Aluvia], tablets, 120 Tabs",528.97,7031,427625.42,PMO - US,ABBVIE Ludwigshafen Germany,Lopinavir/Ritonavir,60.82,10-10-13,SCMS-210040,FPQ-13034,10-04-13,ARV,108-VN-T30,07-Apr-14,Air,Adult,120,0.51,ABBVIE LOGISTICS (FORMERLY ABBOTT LOGISTICS BV),FCA,1720
23691,ASN-19695,Generic,Vietnam,02-Jul-13,02-Jul-13,600mg,Tablet,Yes,9648.44,Direct Drop,"Efavirenz 600mg, tablets, 30 Tabs",120.34,30118,97281.14,PMO - US,"Micro labs, Verna, Goa, India",Efavirenz,3.23,02-05-13,SCMS-176200,FPQ-11418,1/29/13,ARV,108-VN-T30,02-Jul-13,Air,Adult,30,0.11,MICRO LABS LIMITED,EXW,1782
85419,DN-3401,Generic,Tanzania,16-Dec-13,17-Jan-14,200mg,Tablet,No,See DN-3401 (ID#:83180),From RDC,"Nevirapine 200mg, tablets, 60 Tabs",202.73,72518,163890.68,PMO - US,"Strides, Bangalore, India.",Nevirapine,2.26,N/A - From RDC,SO-46680,FPQ-13042,10-01-13,ARV,109-TZ-T30,26-Dec-13,Truck,Adult,60,0.04,SCMS from RDC,N/A - From RDC,See DN-3401 (ID#:83180)
60316,ASN-27423,Generic,Haiti,12-Sep-14,17-Sep-14,10mg/ml,Oral solution,Yes,Invoiced Separately,Direct Drop,"Zidovudine 10mg/ml, oral solution, Bottle, 240 ml",1.73,864,1684.8,PMO - US,"Cipla, Goa, India",Zidovudine,1.95,05-01-14,SCMS-233960,FPQ-13797,3/20/14,ARV,106-HT-T30,12-Sep-14,Air,Pediatric,240,0.01,CIPLA LIMITED,EXW,Weight Captured Separately
44340,ASN-28627,Generic,South Africa,03-Oct-14,03-Oct-14,150mg,Tablet,No,Freight Included in Commodity Cost,Direct Drop,"Lamivudine 150mg, tablets, 60 Tabs",0.48,51,466.28,PMO - US,"Aurobindo Unit III, India",Lamivudine,9.14,10-03-14,SCMS-238554,FPQ-13973,4/30/14,ARV,116-ZA-T30,03-Oct-14,Truck,Adult,60,0.15,PHARMACY DIRECT,DDP,Weight Captured Separately
6705,ASN-719,Videx,Rwanda,14-Sep-07,14-Sep-07,50mg,Chewable/dispersible tablet,Yes,86.4,Direct Drop,"Didanosine 50mg [Videx], chewable tablets, 60 Tabs",2.77,182,1729.0,PMO - US,"BMS Meymac, France",Didanosine,9.5,7/17/07,SCMS-800,Pre-PQ Process,Pre-PQ Process,ARV,107-RW-T01,14-Sep-07,Air,Pediatric,60,0.16,BRISTOL-MYERS SQUIBB,CIP,40
64936,ASN-21549,Aluvia,Vietnam,03-Oct-13,04-Oct-13,200/50mg,Tablet,Yes,3315.82,Direct Drop,"Lopinavir/Ritonavir 200/50mg [Aluvia], tablets, 120 Tabs",258.35,3434,208855.88,PMO - US,ABBVIE Ludwigshafen Germany,Lopinavir/Ritonavir,60.82,8/19/13,SCMS-188571,FPQ-12051,05-03-13,ARV,108-VN-T30,03-Oct-13,Air,Adult,120,0.51,ABBVIE LOGISTICS (FORMERLY ABBOTT LOGISTICS BV),FCA,826
86548,DN-3017,Generic,"Congo, DRC",08-Aug-13,08-Aug-13,30/50/60mg,Chewable/dispersible tablet - FDC,No,See DN-3017 (ID#:83108),From RDC,"Lamivudine/Nevirapine/Zidovudine 30/50/60mg, dispersible tablets, 60 Tabs",20.33,3960,16434.0,PMO - US,Mylan (formerly Matrix) Nashik,Lamivudine/Nevirapine/Zidovudine,4.15,N/A - From RDC,SO-43750,FPQ-11096,11/20/12,ARV,101-CD-T30,18-Mar-13,Air,Pediatric,60,0.07,SCMS from RDC,N/A - From RDC,See DN-3017 (ID#:83108)
77610,ASN-5056,Generic,South Africa,24-Aug-09,24-Aug-09,600mg,Tablet,No,Freight Included in Commodity Cost,Direct Drop,"Efavirenz 600mg, tablets, 30 Tabs",20.59,560,10506.86,PMO - US,"Cipla, Goa, India",Efavirenz,18.76,08-07-09,SCMS-51250,FPQ-4054,7/29/09,ARV,116-ZA-T30,24-Aug-09,Truck,Adult,30,0.63,S. BUYS WHOLESALER,DDP,Weight Captured Separately
83292,DN-4041,Generic,Uganda,24-Jan-15,03-Feb-15,60/30mg,Tablet - FDC,No,See DN-4041 (ID#:83291),From RDC,"Abacavir/Lamivudine 60/30mg, tablets, 60 Tabs",1.16,276,1128.84,PMO - US,Mylan (formerly Matrix) Nashik,Abacavir/Lamivudine,4.09,N/A - From RDC,SO-48993,FPQ-14396,06-04-14,ARV,114-UG-T30,16-Feb-15,Truck,Pediatric,60,0.07,SCMS from RDC,N/A - From RDC,See DN-4041 (ID#:83291)
85922,DN-2971,Generic,Uganda,01-Feb-13,01-Feb-13,200mg,Tablet,No,See DN-2971 (ID#:84212),From RDC,"Nevirapine 200mg, tablets, 60 Tabs",2.37,699,1691.58,PMO - US,Hetero Unit III Hyderabad IN,Nevirapine,2.42,N/A - From RDC,SO-43470,FPQ-10780,10-10-12,ARV,114-UG-T30,31-Jan-13,Air,Adult,60,0.04,SCMS from RDC,N/A - From RDC,See DN-2971 (ID#:84212)
2681,ASN-86,Generic,Zambia,13-Nov-06,13-Nov-06,150/300mg,Tablet - FDC,Yes,14364.29,Direct Drop,"Lamivudine/Zidovudine 150/300mg, tablets, 60 Tabs",MIssing,38780,432009.2,PMO - US,"Aurobindo Unit III, India",Lamivudine/Zidovudine,11.14,Date Not Captured,SCMS-138,Pre-PQ Process,Pre-PQ Process,ARV,110-ZM-T01,13-Nov-06,Air,Adult,60,0.19,Aurobindo Pharma Limited,EXW,3217
86532,DN-2947,Generic,Nigeria,04-Dec-12,04-Dec-12,150/300/200mg,Tablet - FDC,No,See DN-2947 (ID#:83642),From RDC,"Lamivudine/Nevirapine/Zidovudine 150/200/300mg, tablets, 60 Tabs",1868.09,138508,1332446.96,PMO - US,Mylan (formerly Matrix) Nashik,Lamivudine/Nevirapine/Zidovudine,9.62,N/A - From RDC,SO-42680,FPQ-9968,5/23/12,ARV,151-NG-T30,04-Dec-12,Air,Adult,60,0.16,SCMS from RDC,N/A - From RDC,See DN-2947 (ID#:83642)
85635,DN-1530,Generic,Haiti,30-Nov-09,30-Nov-09,200mg,Capsule,No,See DN-1530 (ID#:83964),From RDC,"Efavirenz 200mg, capsule, 90 Caps",19.21,735,8908.2,PMO - US,"Aurobindo Unit III, India",Efavirenz,12.12,N/A - From RDC,SO-34240,FPQ-4469,9/23/09,ARV,106-HT-T30,30-Nov-09,Air,Pediatric,90,0.13,SCMS from RDC,N/A - From RDC,See DN-1530 (ID#:83964)
37829,ASN-23182,Aluvia,Vietnam,08-Jan-14,08-Jan-14,200/50mg,Tablet,No,See ASN-23182 (ID#:16967),Direct Drop,"Lopinavir/Ritonavir 200/50mg [Aluvia], tablets, 120 Tabs",531.68,7067,429814.94,PMO - US,ABBVIE Ludwigshafen Germany,Lopinavir/Ritonavir,60.82,7/30/13,SCMS-199710,FPQ-12539,07-11-13,ARV,108-VN-T30,08-Jan-14,Air,Adult,120,0.51,ABBVIE LOGISTICS (FORMERLY ABBOTT LOGISTICS BV),FCA,See ASN-23182 (ID#:16967)
12849,DN-1115,Generic,Zimbabwe,06-Apr-09,06-Apr-09,150/30mg,Tablet - FDC,No,See DN-1115 (ID#:11008),From RDC,"Lamivudine/Stavudine 150/30mg, tablets, 30 Tabs",31.36,8000,16000.0,PMO - US,"Cipla, Goa, India",Lamivudine/Stavudine,2.0,N/A - From RDC,SO-18100,Pre-PQ Process,Pre-PQ Process,ARV,113-ZW-T01,06-Apr-09,Truck,Adult,30,0.07,SCMS from RDC,N/A - From RDC,See DN-1115 (ID#:11008)
86044,DN-3530,Generic,CÃte dIvoire,13-Feb-14,04-Mar-14,300mg,Tablet,No,See DN-3530 (ID#:86041),From RDC,"Abacavir 300mg, tablets, 60 Tabs",87.12,6200,70432.0,PMO - US,"Aurobindo Unit III, India",Abacavir,11.36,N/A - From RDC,SO-46421,FPQ-12800,08-09-13,ARV,104-CI-T30,31-Jan-14,Air,Adult,60,0.19,SCMS from RDC,N/A - From RDC,See DN-3530 (ID#:86041)
43079,ASN-17400,Generic,Vietnam,28-Dec-12,28-Dec-12,200mg,Tablet,Yes,2220.86,Direct Drop,"Nevirapine 200mg, tablets, 60 Tabs",44.34,14055,31623.75,PMO - US,"Aurobindo Unit III, India",Nevirapine,2.25,9/24/12,SCMS-161060,FPQ-10644,9/19/12,ARV,108-VN-T30,28-Dec-12,Air,Adult,60,0.04,Aurobindo Pharma Limited,EXW,1304
79810,ASN-28279,Uni-Gold,"Congo, DRC",04-Nov-14,20-Nov-14,MIssing,Test kit,No,See ASN-28279 (ID#:13547),Direct Drop,"HIV 1/2, Uni-Gold HIV Kit, 20 Tests",1.12,34,1088.0,PMO - US,"Trinity Biotech, Plc","HIV 1/2, Uni-Gold HIV Kit",32.0,8/27/14,SCMS-253260,FPQ-14654,08-11-14,HRDT,101-CD-T30,04-Nov-14,Air,HIV test,20,1.6,"Trinity Biotech, Plc",EXW,See ASN-28279 (ID#:13547)
68116,ASN-26882,Generic,South Africa,25-Jun-14,25-Jun-14,600mg,Tablet,No,Freight Included in Commodity Cost,Direct Drop,"Efavirenz 600mg, tablets, 30 Tabs",1.7,106,1653.18,PMO - US,"Aurobindo Unit III, India",Efavirenz,15.6,6/25/14,SCMS-238551,FPQ-13973,4/30/14,ARV,116-ZA-T30,25-Jun-14,Truck,Adult,30,0.52,PHARMACY DIRECT,DDP,Weight Captured Separately
62808,ASN-26882,Generic,South Africa,25-Jun-14,25-Jun-14,150mg,Tablet,No,Freight Included in Commodity Cost,Direct Drop,"Lamivudine 150mg, tablets, 60 Tabs",1.3,138,1261.73,PMO - US,"Aurobindo Unit III, India",Lamivudine,9.14,6/25/14,SCMS-238551,FPQ-13973,4/30/14,ARV,116-ZA-T30,25-Jun-14,Truck,Adult,60,0.15,PHARMACY DIRECT,DDP,Weight Captured Separately
76327,ASN-32265,Generic,Vietnam,10-Jul-15,10-Jul-15,150mg,Tablet,No,See ASN-32265 (ID#:56716),Direct Drop,"Lamivudine 150mg, tablets, 60 Tabs",37.29,17600,31680.0,PMO - US,Hetero Unit III Hyderabad IN,Lamivudine,1.8,2/17/15,SCMS-274390,FPQ-15692,1/28/15,ARV,108-VN-T30,10-Jul-15,Air,Adult,60,0.03,HETERO LABS LIMITED,EXW,See ASN-32265 (ID#:56716)
86749,DN-4019,Generic,Uganda,17-Dec-14,22-Dec-14,600mg,Tablet,No,See DN-4019 (ID#:84429),From RDC,"Efavirenz 600mg, tablets, 30 Tabs",74.25,22500,72225.0,PMO - US,"Strides, Bangalore, India.",Efavirenz,3.21,N/A - From RDC,SO-48973,FPQ-14396,06-04-14,ARV,114-UG-T30,15-Jan-15,Truck,Adult,30,0.11,SCMS from RDC,N/A - From RDC,See DN-4019 (ID#:84429)
60547,ASN-14556,Uni-Gold,Ethiopia,26-Apr-12,26-Apr-12,MIssing,Test kit,Yes,315.44,Direct Drop,"HIV 1/2, Uni-Gold HIV Kit, 20 Tests",1.08,24,768.0,PMO - US,"Trinity Biotech, Plc","HIV 1/2, Uni-Gold HIV Kit",32.0,1/23/12,SCMS-134710,FPQ-9209,1/18/12,HRDT,117-ET-T30,26-Apr-12,Air,HIV test,20,1.6,"Trinity Biotech, Plc",EXW,8
10771,DN-1242,Generic,CÃte dIvoire,17-Jun-09,17-Jun-09,200mg,Tablet,Yes,2280.64,From RDC,"Nevirapine 200mg, tablets, 60 Tabs",32.93,5601,16803.0,PMO - US,"Aurobindo Unit III, India",Nevirapine,3.0,N/A - From RDC,SO-21881,Pre-PQ Process,Pre-PQ Process,ARV,104-CI-T01,17-Jun-09,Air,Adult,60,0.05,SCMS from RDC,N/A - From RDC,545
46956,ASN-10065,Determine,Namibia,22-Mar-11,22-Mar-11,MIssing,Test kit,Yes,947.35,Direct Drop,"HIV 1/2, Determine HIV Kit, without Lancets, 100 Tests",19.23,150,11655.0,PMO - US,Inverness Japan,"HIV 1/2, Determine HIV Kit, without Lancets",77.7,02-02-11,SCMS-98340,FPQ-7007,1/13/11,HRDT,119-NA-T30,22-Mar-11,Air,HIV test,100,0.78,"Orgenics, Ltd",EXW,34
4312,ASN-2006,Uni-Gold,Guyana,21-Jul-08,21-Jul-08,MIssing,Test kit,Yes,4717.51,Direct Drop,"HIV 1/2, Uni-Gold HIV Kit, 20 Tests",54.37,1062,33984.0,PMO - US,"Trinity Biotech, Plc","HIV 1/2, Uni-Gold HIV Kit",32.0,2/28/08,SCMS-18510,Pre-PQ Process,Pre-PQ Process,HRDT,102-GY-T01,21-Jul-08,Air,HIV test,20,1.6,"Trinity Biotech, Plc",EXW,362
11491,DN-443,Generic,CÃte dIvoire,14-Dec-07,14-Dec-07,200mg,Tablet,Yes,10722.75,From RDC,"Nevirapine 200mg, tablets, 60 Tabs",71.49,13141,44679.4,PMO - US,"Aurobindo Unit III, India",Nevirapine,3.4,N/A - From RDC,SO-1143,Pre-PQ Process,Pre-PQ Process,ARV,104-CI-T01,14-Dec-07,Air,Adult,60,0.06,SCMS from RDC,N/A - From RDC,1271
12798,DN-801,Viread,Nigeria,30-Jun-08,30-Jun-08,300mg,Tablet,Yes,213.75,From RDC,"Tenofovir Disoproxil Fumarate 300mg [Viread], tablets, 30 Tabs",1.31,48,816.0,PMO - US,"Aspen-OSD, Port Elizabeth, SA",Tenofovir Disoproxil Fumarate,17.0,N/A - From RDC,SO-2356,Pre-PQ Process,Pre-PQ Process,ARV,112-NG-T01,30-Jun-08,Air,Adult,30,0.57,SCMS from RDC,N/A - From RDC,4
8590,ASN-2488,Kaletra,South Africa,08-Jul-08,08-Jul-08,80/20mg/ml,Oral solution,No,Freight Included in Commodity Cost,Direct Drop,"Lopinavir/Ritonavir 80/20mg/ml [Kaletra], oral solution, cool, Bottle 5 x 60 ml",0.57,10,354.6,PMO - US,ABBVIE (Abbott) Logis. UK,Lopinavir/Ritonavir,35.46,Date Not Captured,SCMS-26820,Pre-PQ Process,Pre-PQ Process,ARV,116-ZA-T01,10-Jul-08,Truck,Pediatric,300,0.12,S. BUYS WHOLESALER,DDP,Weight Captured Separately
19246,ASN-20340,Generic,Tanzania,05-Sep-13,05-Sep-13,300/100mg,Tablet,Yes,4136.58,Direct Drop,"Atazanavir/Ritonavir 300/100mg, tablets, 30 Tabs",144.03,5175,116437.5,PMO - US,Mylan (formerly Matrix) Nashik,Atazanavir/Ritonavir,22.5,5/14/13,SCMS-186920,FPQ-12050,04-12-13,ARV,109-TZ-T30,05-Sep-13,Air,Adult,30,0.75,MYLAN LABORATORIES LTD (FORMERLY MATRIX LABORATORIES),EXW,775
84570,DN-1860,Generic,Uganda,22-Jun-10,22-Jun-10,600mg,Tablet,Yes,4600.45,From RDC,"Efavirenz 600mg, tablets, 30 Tabs",179.73,17550,83362.5,PMO - US,Mylan (formerly Matrix) Nashik,Efavirenz,4.75,N/A - From RDC,SO-36832,FPQ-5451,05-07-10,ARV,114-UG-T30,30-Jun-10,Air,Adult,30,0.16,SCMS from RDC,N/A - From RDC,1325
6768,ASN-968,Paramax,Guyana,07-Nov-07,07-Nov-07,MIssing,Test kit,Yes,186.25,Direct Drop,"Malaria Paramax-3 Kit, 25 Tests",23.4,390,14625.0,PMO - US,Not Applicable,Malaria Paramax-3 Kit,37.5,10-02-07,SCMS-12680,Pre-PQ Process,Pre-PQ Process,MRDT,102-GY-T01,07-Nov-07,MIssing,Malaria,25,1.5,ZEPHYR BIOMEDICALS,CIF,145
82004,ASN-14784,Uni-Gold,Guyana,23-May-12,23-May-12,MIssing,Test kit,Yes,5577.13,Direct Drop,"HIV 1/2, Uni-Gold HIV Kit, 20 Tests",67.88,1513,48416.0,PMO - US,"Trinity Biotech, Plc","HIV 1/2, Uni-Gold HIV Kit",32.0,04-09-12,SCMS-139640,FPQ-9180,1/17/12,HRDT,102-GY-T30,23-May-12,Air,HIV test,20,1.6,"Trinity Biotech, Plc",EXW,410
83233,DN-3625,Generic,Zambia,04-Jun-14,12-Jun-14,200/50mg,Tablet,Yes,47532.09,From RDC,"Lopinavir/Ritonavir 200/50mg, tablets, 120 Tabs",536.48,25482,521871.36,PMO - US,"Aurobindo Unit III, India",Lopinavir/Ritonavir,20.48,N/A - From RDC,SO-47202,FPQ-13221,10/31/13,ARV,110-ZM-T30,06-May-14,Truck,Adult,120,0.17,SCMS from RDC,N/A - From RDC,7140
86000,DN-3323,Generic,Nigeria,12-Sep-13,12-Sep-13,30/50/60mg,Chewable/dispersible tablet - FDC,Yes,5703.06,From RDC,"Lamivudine/Nevirapine/Zidovudine 30/50/60mg, dispersible tablets, 60 Tabs",221.59,46050,179134.5,PMO - US,Mylan (formerly Matrix) Nashik,Lamivudine/Nevirapine/Zidovudine,3.89,N/A - From RDC,SO-44925,FPQ-11864,3/14/13,ARV,151-NG-T30,20-Sep-13,Air Charter,Pediatric,60,0.06,SCMS from RDC,N/A - From RDC,2847
70763,ASN-6261,Generic,Vietnam,23-Mar-10,23-Mar-10,300mg,Tablet,Yes,5964.52,Direct Drop,"Tenofovir Disoproxil Fumarate 300mg, tablets, 30 Tabs",140.36,8400,65100.0,PMO - US,"Aurobindo Unit III, India",Tenofovir Disoproxil Fumarate,7.75,02-03-10,SCMS-64570,FPQ-5019,02-02-10,ARV,108-VN-T30,23-Mar-10,Air,Adult,30,0.26,Aurobindo Pharma Limited,EXW,909
82945,DN-2174,Generic,Nigeria,11-May-11,11-May-11,300mg,Tablet,Yes,12601.07,From RDC,"Tenofovir Disoproxil Fumarate 300mg, tablets, 30 Tabs",9.15,844,5545.08,PMO - US,"Aurobindo Unit III, India",Tenofovir Disoproxil Fumarate,6.57,N/A - From RDC,SO-39240,FPQ-6800,12-07-10,ARV,151-NG-T30,21-Jun-11,Air Charter,Adult,30,0.22,SCMS from RDC,N/A - From RDC,76
83069,DN-2821,Generic,Nigeria,14-Aug-12,14-Aug-12,300/300mg,Tablet - FDC,Yes,18461.22,From RDC,"Lamivudine/Tenofovir Disoproxil Fumarate 300/300mg, tablets, 30 Tabs",187.87,25000,134000.0,PMO - US,Hetero Unit III Hyderabad IN,Lamivudine/Tenofovir Disoproxil Fumarate,5.36,N/A - From RDC,SO-42937,FPQ-9432,03-01-12,ARV,151-NG-T30,31-Aug-12,Air,Adult,30,0.18,SCMS from RDC,N/A - From RDC,5897
20383,ASN-16472,Generic,Haiti,20-Dec-12,20-Dec-12,150/300/200mg,Tablet - FDC,Yes,7208.11,Direct Drop,"Lamivudine/Nevirapine/Zidovudine 150/200/300mg, tablets, 60 Tabs",446.74,34080,318648.0,PMO - US,Mylan (formerly Matrix) Nashik,Lamivudine/Nevirapine/Zidovudine,9.35,07-03-12,SCMS-148370,FPQ-9636,5/14/12,ARV,106-HT-T30,20-Dec-12,Ocean,Adult,60,0.16,MYLAN LABORATORIES LTD (FORMERLY MATRIX LABORATORIES),EXW,4726
70366,ASN-6443,Atripla,CÃte dIvoire,16-Apr-10,16-Apr-10,600/200/300mg,Tablet - FDC,Yes,1924.57,Direct Drop,"Efavirenz/Emtricitabine/Tenofovir Disoproxil Fumarate 600/200/300mg [Atripla], tablets, 30 Tabs",355.62,3600,181440.0,PMO - US,"MSD, Haarlem, NL",Efavirenz/Emtricitabine/Tenofovir Disoproxil Fumarate,50.4,11/17/09,SCMS-57280,FPQ-4381,11-05-09,ARV,104-CI-T30,16-Apr-10,Air,Adult,30,1.68,MERCK SHARP & DOHME IDEA GMBH (FORMALLY MERCK SHARP & DOHME B.V.),CIP,402
12545,DN-1106,Generic,Nigeria,26-Feb-09,26-Feb-09,30mg,Capsule,Yes,6315.3,From RDC,"Stavudine 30mg, capsules, 60 Caps",33.85,11142,17270.1,PMO - US,"Aurobindo Unit III, India",Stavudine,1.55,N/A - From RDC,SO-23040,Pre-PQ Process,Pre-PQ Process,ARV,123-NG-T01,26-Feb-09,Air,Adult,60,0.03,SCMS from RDC,N/A - From RDC,739
84275,DN-3237,Generic,Uganda,26-Aug-13,26-Aug-13,150/300/200mg,Tablet - FDC,No,See DN-3237 (ID#:83700),From RDC,"Lamivudine/Nevirapine/Zidovudine 150/200/300mg, tablets, 60 Tabs",449.75,44017,363580.42,PMO - US,Hetero Unit III Hyderabad IN,Lamivudine/Nevirapine/Zidovudine,8.26,N/A - From RDC,SO-43910,FPQ-11133,12/13/12,ARV,114-UG-T30,31-Jul-13,Truck,Adult,60,0.14,SCMS from RDC,N/A - From RDC,See DN-3237 (ID#:83700)
423,ASN-1665,Zerit,South Africa,24-Apr-08,24-Apr-08,1mg/ml,Powder for oral solution,No,Freight Included in Commodity Cost,Direct Drop,"Stavudine 1mg/ml [Zerit], powder for oral solution, Bottle, 200 ml",1.39,600,870.0,PMO - US,"BMS Meymac, France",Stavudine,1.45,2/20/08,SCMS-19800,Pre-PQ Process,Pre-PQ Process,ARV,116-ZA-T01,24-Apr-08,Truck,Pediatric,200,0.01,S. BUYS WHOLESALER,DDP,Weight Captured Separately
116,ASN-632,Aluvia,Vietnam,27-Aug-07,27-Aug-07,200/50mg,Tablet,Yes,1767.38,Direct Drop,"Lopinavir/Ritonavir 200/50mg [Aluvia], tablets, 120 Tabs",65.75,500,41095.0,PMO - US,ABBVIE Ludwigshafen Germany,Lopinavir/Ritonavir,82.19,07-04-07,SCMS-759,Pre-PQ Process,Pre-PQ Process,ARV,108-VN-T01,27-Aug-07,Air,Adult,120,0.68,ABBVIE LOGISTICS (FORMERLY ABBOTT LOGISTICS BV),FCA,117
6400,ASN-3635,Generic,South Africa,05-Dec-08,05-Dec-08,10mg/ml,Oral solution,No,See ASN-3635 (ID#:3745),Direct Drop,"Zidovudine 10mg/ml, oral solution, Bottle, 240 ml",0.16,23,83.72,PMO - US,"Aurobindo Unit III, India",Zidovudine,3.64,Date Not Captured,SCMS-41050,Pre-PQ Process,Pre-PQ Process,ARV,116-ZA-T01,21-Apr-09,Air,Pediatric,240,0.02,S. BUYS WHOLESALER,DDP,See ASN-3635 (ID#:3745)
44808,ASN-15399,Determine,Tanzania,25-Jul-12,25-Jul-12,MIssing,Test kit,Yes,12035.47,Direct Drop,"HIV 1/2, Determine Complete HIV Kit, 100 Tests",155.57,1387,110960.0,PMO - US,"Alere Medical Co., Ltd.","HIV 1/2, Determine Complete HIV Kit",80.0,4/23/12,SCMS-143750,FPQ-9622,04-03-12,HRDT,109-TZ-T30,25-Jul-12,Air,HIV test,100,0.8,"Orgenics, Ltd",EXW,662
25230,ASN-11045,Generic,South Africa,02-Sep-11,02-Sep-11,600mg,Tablet,Yes,21555.16,Direct Drop,"Efavirenz 600mg, tablets, 30 Tabs",1298.54,174500,786995.0,PMO - US,"Aurobindo Unit III, India",Efavirenz,4.51,3/24/11,SCMS-103330,FPQ-7175,03-10-11,ARV,161-ZA-T30,02-Sep-11,Ocean,Adult,30,0.15,Aurobindo Pharma Limited,DDP,14833
28241,ASN-21551,Aluvia,Vietnam,07-Oct-13,07-Oct-13,200/50mg,Tablet,Yes,6969.82,Direct Drop,"Lopinavir/Ritonavir 200/50mg [Aluvia], tablets, 120 Tabs",644.46,8566,520984.12,PMO - US,ABBVIE Ludwigshafen Germany,Lopinavir/Ritonavir,60.82,8/27/13,SCMS-188581,FPQ-12051,05-03-13,ARV,108-VN-T30,07-Oct-13,Air,Adult,120,0.51,ABBVIE LOGISTICS (FORMERLY ABBOTT LOGISTICS BV),FCA,2042
47870,ASN-12337,Uni-Gold,Sudan,11-Jan-12,11-Jan-12,MIssing,Test kit,Yes,581.73,Direct Drop,"HIV 1/2, Uni-Gold HIV Kit, 20 Tests",2.06,39,1248.0,PMO - US,"Trinity Biotech, Plc","HIV 1/2, Uni-Gold HIV Kit",32.0,09-07-11,SCMS-120462,FPQ-8261,8/29/11,HRDT,102-SD-T30,11-Jan-12,Air,HIV test,20,1.6,"Trinity Biotech, Plc",EXW,13
2429,ASN-3607,Generic,South Africa,28-Nov-08,28-Nov-08,200mg,Capsule,Yes,Freight Included in Commodity Cost,Direct Drop,"Efavirenz 200mg, capsule, 90 Caps",6.59,176,3359.84,PMO - US,"Aurobindo Unit III, India",Efavirenz,19.09,Date Not Captured,SCMS-40780,Pre-PQ Process,Pre-PQ Process,ARV,116-ZA-T01,17-Mar-09,Air,Pediatric,90,0.21,S. BUYS WHOLESALER,DDP,Weight Captured Separately
84744,DN-2812,Generic,"Congo, DRC",14-Feb-13,14-Feb-13,200mg,Tablet,No,See DN-2812 (ID#:83068),From RDC,"Nevirapine 200mg, tablets, 60 Tabs",2.53,739,1803.16,PMO - US,Hetero Unit III Hyderabad IN,Nevirapine,2.44,N/A - From RDC,SO-42340,FPQ-9906,5/15/12,ARV,102-CD-T30,14-Feb-13,Air,Adult,60,0.04,SCMS from RDC,N/A - From RDC,See DN-2812 (ID#:83068)
86086,DN-3721,Generic,Nigeria,09-May-14,23-May-14,150/300/200mg,Tablet - FDC,Yes,45180.62,From RDC,"Lamivudine/Nevirapine/Zidovudine 150/200/300mg, tablets, 60 Tabs",2290.32,274715,2227938.65,PMO - US,Mylan (formerly Matrix) Nashik,Lamivudine/Nevirapine/Zidovudine,8.11,N/A - From RDC,SO-47271,FPQ-13293,11/19/13,ARV,151-NG-T30,03-Jun-14,Air Charter,Adult,60,0.14,SCMS from RDC,N/A - From RDC,66966
54828,ASN-15765,Generic,Rwanda,16-Aug-12,16-Aug-12,300/300mg,Tablet - FDC,Yes,119695.66,Direct Drop,"Lamivudine/Tenofovir Disoproxil Fumarate 300/300mg, tablets, 30 Tabs",958.33,131704,683543.76,PMO - US,Mylan (formerly Matrix) Nashik,Lamivudine/Tenofovir Disoproxil Fumarate,5.19,5/31/12,SCMS-137551,FPQ-9168,1/13/12,ARV,107-RW-T30,16-Aug-12,Air,Adult,30,0.17,MYLAN LABORATORIES LTD (FORMERLY MATRIX LABORATORIES),EXW,10818
11454,DN-332,Generic,Ethiopia,04-Sep-07,04-Sep-07,150mg,Tablet,No,See DN-332 (ID#:10613),From RDC,"Lamivudine 150mg, tablets, 60 Tabs",77.63,15960,48518.4,PMO - US,"Aurobindo Unit III, India",Lamivudine,3.04,N/A - From RDC,SO-914,Pre-PQ Process,Pre-PQ Process,ARV,117-ET-T01,04-Sep-07,MIssing,Adult,60,0.05,SCMS from RDC,N/A - From RDC,See DN-332 (ID#:10613)
84388,DN-3814,Generic,Rwanda,14-Aug-14,15-Aug-14,20mg/ml,Oral solution,Yes,2282.79,From RDC,"Abacavir 20mg/ml, oral solution w/syringe, Bottle, 240 ml",6.99,800,6800.0,PMO - US,"Aurobindo Unit III, India",Abacavir,8.5,N/A - From RDC,SO-48811,FPQ-14111,4/22/14,ARV,107-RW-T30,31-Dec-14,Truck,Pediatric,240,0.04,SCMS from RDC,N/A - From RDC,297
35232,ASN-5184,Generic,CÃte dIvoire,30-Oct-09,30-Oct-09,600/300mg,Tablet - FDC,Yes,2911.16,Direct Drop,"Abacavir/Lamivudine 600/300mg, scored tablets, 30 Tabs",101.2,2245,51635.0,PMO - US,"Aurobindo Unit III, India",Abacavir/Lamivudine,23.0,8/19/09,SCMS-51830,FPQ-3882,7/24/09,ARV,104-CI-T30,30-Oct-09,Air,Adult,30,0.77,Aurobindo Pharma Limited,EXW,226
12260,DN-1080,Generic,Nigeria,16-Feb-09,16-Feb-09,600mg,Tablet,Yes,3680.33,From RDC,"Efavirenz 600mg, tablets, 30 Tabs",290.48,13473,148203.0,PMO - US,"Aurobindo Unit III, India",Efavirenz,11.0,N/A - From RDC,SO-19070,Pre-PQ Process,Pre-PQ Process,ARV,123-NG-T01,16-Feb-09,Air,Adult,30,0.37,SCMS from RDC,N/A - From RDC,1146
12844,DN-1115,Generic,Zimbabwe,06-Apr-09,06-Apr-09,600mg,Tablet,No,See DN-1115 (ID#:11008),From RDC,"Efavirenz 600mg, tablets, 30 Tabs",94.16,4000,48040.0,PMO - US,"Aurobindo Unit III, India",Efavirenz,12.01,N/A - From RDC,SO-18100,Pre-PQ Process,Pre-PQ Process,ARV,113-ZW-T01,06-Apr-09,Truck,Adult,30,0.4,SCMS from RDC,N/A - From RDC,See DN-1115 (ID#:11008)
83456,DN-1993,Generic,Nigeria,17-Aug-10,17-Aug-10,200mg,Tablet,Yes,6147.18,From RDC,"Nevirapine 200mg, tablets, 60 Tabs",277.52,47150,128719.5,PMO - US,"Aurobindo Unit III, India",Nevirapine,2.73,N/A - From RDC,SO-36468,FPQ-5023,02-10-10,ARV,151-NG-T30,12-Aug-10,Air Charter,Adult,60,0.05,SCMS from RDC,N/A - From RDC,5357
86424,DN-2435,Generic,Uganda,01-Dec-11,01-Dec-11,200mg,Tablet,No,See DN-2435 (ID#:84121),From RDC,"Nevirapine 200mg, tablets, 60 Tabs",19.01,4466,11522.28,PMO - US,"Strides, Bangalore, India.",Nevirapine,2.58,N/A - From RDC,SO-40911,FPQ-8520,10-05-11,ARV,114-UG-T30,09-Jan-12,Truck,Adult,60,0.04,SCMS from RDC,N/A - From RDC,See DN-2435 (ID#:84121)
64589,ASN-19001,Generic,Uganda,08-May-13,08-May-13,50mg,Capsule,Yes,1026.15,Direct Drop,"Efavirenz 50mg, capsule, 30 Caps",0.62,252,504.0,PMO - US,"Micro labs, Verna, Goa, India",Efavirenz,2.0,02-07-13,SCMS-176730,FPQ-11141,12/13/12,ARV,114-UG-T30,08-May-13,Air,Pediatric,30,0.07,MICRO LABS LIMITED,EXW,9
10676,DN-738,Generic,Nigeria,20-May-08,20-May-08,150/300/200mg,Tablet - FDC,Yes,2750.89,From RDC,"Lamivudine/Nevirapine/Zidovudine 150/200/300mg, tablets, 60 Tabs",68.55,3226,42841.28,PMO - US,"Aurobindo Unit III, India",Lamivudine/Nevirapine/Zidovudine,13.28,N/A - From RDC,SO-2577,Pre-PQ Process,Pre-PQ Process,ARV,131-NG-T01,20-May-08,Air,Adult,60,0.22,SCMS from RDC,N/A - From RDC,359
84715,DN-2602,Generic,Uganda,27-Mar-12,27-Mar-12,600mg,Tablet,Yes,7403.01,From RDC,"Efavirenz 600mg, tablets, 30 Tabs",167.62,24657,101586.84,PMO - US,"Strides, Bangalore, India.",Efavirenz,4.12,N/A - From RDC,SO-40932,FPQ-8522,10-05-11,ARV,114-UG-T30,16-Apr-12,Truck,Adult,30,0.14,SCMS from RDC,N/A - From RDC,1511
83522,DN-2312,Generic,Uganda,12-Aug-11,12-Aug-11,600/200/300mg,Tablet - FDC,Yes,2886.12,From RDC,"Efavirenz/Emtricitabine/Tenofovir Disoproxil Fumarate 600/200/300mg, tablets, 30 Tabs",109.45,3330,66333.6,PMO - US,Mylan (formerly Matrix) Nashik,Efavirenz/Emtricitabine/Tenofovir Disoproxil Fumarate,19.92,N/A - From RDC,SO-39060,FPQ-7267,03-04-11,ARV,114-UG-T30,31-Jul-11,Truck,Adult,30,0.66,SCMS from RDC,N/A - From RDC,370
11610,DN-1147,Uni-Gold,Pakistan,01-Apr-09,01-Apr-09,MIssing,Test kit,Yes,1764.93,From RDC,"HIV 1/2, Uni-Gold HIV Kit, 20 Tests",1.06,15,540.0,PMO - US,"Trinity Biotech, Plc","HIV 1/2, Uni-Gold HIV Kit",36.0,N/A - From RDC,SO-22440,Pre-PQ Process,Pre-PQ Process,HRDT,100-PK-T01,01-Apr-09,Air,HIV test,20,1.8,SCMS from RDC,N/A - From RDC,16
10673,DN-821,Generic,Zambia,29-Jul-08,29-Jul-08,150/200/30mg,Tablet - FDC,Yes,5014.65,From RDC,"Lamivudine/Nevirapine/Stavudine 150/200/30mg, tablets, 60 Tabs",576,50000,360000.0,PMO - US,"Strides, Bangalore, India.",Lamivudine/Nevirapine/Stavudine,7.2,N/A - From RDC,SO-2730,Pre-PQ Process,Pre-PQ Process,ARV,110-ZM-T01,29-Jul-08,Truck,Adult,60,0.12,SCMS from RDC,N/A - From RDC,3679
84781,DN-2989,Generic,Zimbabwe,11-Feb-13,11-Feb-13,150/300mg,Tablet - FDC,No,See DN-2989 (ID#:84216),From RDC,"Lamivudine/Zidovudine 150/300mg, tablets, 60 Tabs",36.69,3600,26172.0,PMO - US,"Cipla, Goa, India",Lamivudine/Zidovudine,7.27,N/A - From RDC,SO-43220,FPQ-10632,09-11-12,ARV,113-ZW-T30,11-Feb-13,Truck,Adult,60,0.12,SCMS from RDC,N/A - From RDC,See DN-2989 (ID#:84216)
86074,DN-3645,Generic,Mozambique,26-May-14,11-Jun-14,300mg,Tablet,Yes,4100,From RDC,"Tenofovir Disoproxil Fumarate 300mg, tablets, 30 Tabs",2.18,560,2116.8,PMO - US,Hetero Unit III Hyderabad IN,Tenofovir Disoproxil Fumarate,3.78,N/A - From RDC,SO-47052,FPQ-13124,10/21/13,ARV,111-MZ-T30,30-Jun-14,Truck,Adult,30,0.13,SCMS from RDC,N/A - From RDC,40
7126,ASN-2484,Truvada,South Africa,14-Aug-08,14-Aug-08,300/200mg,Tablet - FDC,Yes,Freight Included in Commodity Cost,Direct Drop,"Emtricitabine/Tenofovir Disoproxil Fumarate 200/300mg [Truvada], tablets, 30 Tabs",9.18,150,5737.5,PMO - US,Gilead(Nycomed) Oranienburg DE,Emtricitabine/Tenofovir Disoproxil Fumarate,38.25,Date Not Captured,SCMS-23500,Pre-PQ Process,Pre-PQ Process,ARV,116-ZA-T01,20-Aug-08,Truck,Adult,30,1.27,S. BUYS WHOLESALER,DDP,Weight Captured Separately
71016,ASN-26604,Generic,Ghana,17-Jul-14,17-Jul-14,50mg,Capsule,Yes,21807.62,Direct Drop,"Efavirenz 50mg, capsule, 30 Caps",61.88,38584,60191.04,PMO - US,"Aurobindo Unit III, India",Efavirenz,1.56,05-07-14,SCMS-235791,FPQ-13872,3/24/14,ARV,105-GH-T30,17-Jul-14,Air,Pediatric,30,0.05,Aurobindo Pharma Limited,EXW,2773
61009,ASN-7438,Generic,South Africa,24-Aug-10,24-Aug-10,10mg/ml,Oral solution,Yes,3283.59,Direct Drop,"Lamivudine 10mg/ml, oral solution w/syringe, Bottle, 240 ml",75.29,11640,34920.0,PMO - US,"Aurobindo Unit III, India",Lamivudine,3.0,3/19/10,SCMS-68951,FPQ-5303,3/18/10,ARV,161-ZA-T30,14-Jul-10,Air,Pediatric,240,0.01,Aurobindo Pharma Limited,DDP,4440
61658,ASN-29764,Generic,South Africa,10-Dec-14,10-Dec-14,200/300mg,Tablet - FDC,No,Freight Included in Commodity Cost,Direct Drop,"Emtricitabine/Tenofovir Disoproxil Fumarate 200/300mg, tablets, 30 Tabs",0.06,2,53.51,PMO - US,"Aurobindo Unit III, India",Emtricitabine/Tenofovir Disoproxil Fumarate,26.76,12-10-14,SCMS-267020,FPQ-15269,10/29/14,ARV,116-ZA-T30,10-Dec-14,Truck,Adult,30,0.89,S. BUYS WHOLESALER,DDP,Weight Captured Separately
60299,ASN-31070,Generic,South Africa,09-Mar-15,09-Mar-15,50mg,Capsule,No,Freight Included in Commodity Cost,Direct Drop,"Efavirenz 50mg, capsule, 30 Caps",0.01,6,13.03,PMO - US,"Aurobindo Unit III, India",Efavirenz,2.17,03-09-15,SCMS-259074,FPQ-14942,09-11-14,ARV,116-ZA-T30,09-Mar-15,Truck,Pediatric,30,0.07,PHARMACY DIRECT,DDP,Weight Captured Separately
62235,ASN-30019,Determine,CÃte dIvoire,18-Feb-15,20-Feb-15,MIssing,Test kit,Yes,30778.29,Direct Drop,"HIV 1/2, Determine Complete HIV Kit, 100 Tests",534.56,6500,520000.0,PMO - US,"Alere Medical Co., Ltd.","HIV 1/2, Determine Complete HIV Kit",80.0,07-09-14,SCMS-243800,FPQ-14253,5/14/14,HRDT,104-CI-T30,18-Feb-15,Air,HIV test,100,0.8,"Orgenics, Ltd",EXW,2634
84133,DN-2495,Generic,"Congo, DRC",14-Feb-12,14-Feb-12,150/300mg,Tablet - FDC,No,See DN-2495 (ID#:83555),From RDC,"Lamivudine/Zidovudine 150/300mg, tablets, 60 Tabs",0.87,75,619.5,PMO - US,"Aurobindo Unit III, India",Lamivudine/Zidovudine,8.26,N/A - From RDC,SO-41133,FPQ-8840,11/21/11,ARV,101-CD-T30,16-Mar-12,Air,Adult,60,0.14,SCMS from RDC,N/A - From RDC,See DN-2495 (ID#:83555)
83158,DN-3302,Generic,Mozambique,12-Oct-13,27-Nov-13,300mg,Tablet,Yes,569,From RDC,"Tenofovir Disoproxil Fumarate 300mg, tablets, 30 Tabs",5,1000,4040.0,PMO - US,Mylan (formerly Matrix) Nashik,Tenofovir Disoproxil Fumarate,4.04,N/A - From RDC,SO-44864,FPQ-11884,3/19/13,ARV,111-MZ-T30,30-Sep-13,Truck,Adult,30,0.13,SCMS from RDC,N/A - From RDC,63
75114,ASN-7236,Generic,Vietnam,06-Jul-10,06-Jul-10,150/200/30mg,Tablet - FDC,Yes,10959.54,Direct Drop,"Lamivudine/Nevirapine/Stavudine 150/200/30mg, tablets, 60 Tabs",612.4,49920,284044.8,PMO - US,"Cipla, Goa, India",Lamivudine/Nevirapine/Stavudine,5.69,3/26/10,SCMS-69430,FPQ-5317,3/22/10,ARV,108-VN-T30,06-Jul-10,Air,Adult,60,0.09,CIPLA LIMITED,EXW,4799
82502,DN-2817,Generic,Nigeria,14-Aug-12,14-Aug-12,150mg,Tablet,Yes,18461.22,From RDC,"Lamivudine 150mg, tablets, 60 Tabs",200.28,64347,142850.34,PMO - US,Hetero Unit III Hyderabad IN,Lamivudine,2.22,N/A - From RDC,SO-42935,FPQ-9432,03-01-12,ARV,151-NG-T30,31-Aug-12,Air,Adult,60,0.04,SCMS from RDC,N/A - From RDC,5950
411,ASN-1467,Stat-Pak,Nigeria,17-Apr-08,17-Apr-08,MIssing,Test kit,Yes,5468.88,Direct Drop,"HIV 1/2, Stat-Pak HIV, Kit, 20 Tests",61.56,1425,38475.0,PMO - US,Chembio Diagnostics Sys. Inc.,"HIV 1/2, Stat-Pak HIV, Kit",27.0,3/13/08,SCMS-18940,Pre-PQ Process,Pre-PQ Process,HRDT,123-NG-T01,17-Apr-08,Air,HIV test,20,1.35,"CHEMBIO DIAGNOSTIC SYSTEMS, INC.",EXW,483
43628,ASN-7210,Uni-Gold,Botswana,13-Sep-10,13-Sep-10,MIssing,Test kit - Ancillary,Yes,592.46,Direct Drop,"#109436**HIV 1, Uni-Gold Recombigen HIV Control, Vial 2 x 0.5 ml",1,15,465.0,PMO - US,"Trinity Biotech, Plc","HIV 1, Uni-Gold Recombigen HIV Control, Vial 2 x 0.5 ml",31.0,11/13/09,SCMS-57520,FPQ-4487,11-02-09,HRDT,144-BW-T30,13-Sep-10,Air,HIV test - Ancillary,2,15.5,"Trinity Biotech, Plc",EXW,5
12323,DN-1451,Generic,CÃte dIvoire,07-Oct-09,07-Oct-09,10mg/ml,Oral suspension,Yes,1234.9,From RDC,"Nevirapine 10mg/ml, oral suspension, Bottle, 240 ml",5.82,1547,2970.24,PMO - US,"Aurobindo Unit III, India",Nevirapine,1.92,N/A - From RDC,SO-32830,Pre-PQ Process,Date Not Captured,ARV,104-CI-T01,25-Aug-09,Air,Pediatric,240,0.01,SCMS from RDC,N/A - From RDC,581
83615,DN-2807,Generic,Rwanda,21-Aug-12,21-Aug-12,10mg/ml,Oral suspension,Yes,72991.45,From RDC,"Nevirapine 10mg/ml, oral suspension w/syringe, Bottle, 240 ml",92.38,33792,65894.4,PMO - US,"Aurobindo Unit III, India",Nevirapine,1.95,N/A - From RDC,SO-42170,FPQ-9888,05-11-12,ARV,107-RW-T30,31-Aug-12,Air,Pediatric,240,0.01,SCMS from RDC,N/A - From RDC,12605
3839,ASN-4047,Determine,Namibia,20-May-09,20-May-09,MIssing,Test kit,Yes,2760.11,Direct Drop,"HIV 1/2, Determine HIV Kit, without Lancets, 100 Tests",24.7,180,12600.0,PMO - US,Inverness Japan,"HIV 1/2, Determine HIV Kit, without Lancets",70.0,4/20/09,SCMS-44720,Pre-PQ Process,Pre-PQ Process,HRDT,139-NA-T01,20-May-09,Air,HIV test,100,0.7,"Orgenics, Ltd",EXW,43
10862,DN-304,Generic,Mozambique,21-Sep-07,21-Sep-07,150/300/200mg,Tablet - FDC,No,See DN-304 (ID#:10589),From RDC,"Lamivudine/Nevirapine/Zidovudine 150/200/300mg, tablets, 60 Tabs",481.35,17191,300842.5,PMO - US,"Cipla, Goa, India",Lamivudine/Nevirapine/Zidovudine,17.5,N/A - From RDC,SO-298,Pre-PQ Process,Pre-PQ Process,ARV,111-MZ-T01,21-Sep-07,Air,Adult,60,0.29,SCMS from RDC,N/A - From RDC,See DN-304 (ID#:10589)
62988,ASN-30792,Intelence,South Africa,19-Feb-15,19-Feb-15,100mg,Tablet,No,Freight Included in Commodity Cost,Direct Drop,"Etravirine 100mg [Intelence], tablets, 120 Tabs",0.11,3,106.26,PMO - US,"Janssen-Cilag, Latina, IT",Etravirine,35.42,05-08-14,SCMS-238550,FPQ-13973,4/30/14,ARV,116-ZA-T30,19-Feb-15,Truck,Adult,120,0.3,PHARMACY DIRECT,DDP,Weight Captured Separately
84806,DN-3099,Generic,Guyana,19-Apr-13,19-Apr-13,10mg/ml,Oral suspension,No,See DN-3099 (ID#:82566),From RDC,"Nevirapine 10mg/ml, oral suspension w/syringe, Bottle, 240 ml",1.41,583,1136.85,PMO - US,"Aurobindo Unit III, India",Nevirapine,1.95,N/A - From RDC,SO-44500,FPQ-11546,1/28/13,ARV,105-GY-T30,18-Apr-13,Air,Pediatric,240,0.01,SCMS from RDC,N/A - From RDC,See DN-3099 (ID#:82566)
6626,ASN-276,Generic,Vietnam,14-Mar-07,14-Mar-07,1mg/ml,Oral solution,No,See ASN-276 (ID#:2686),Direct Drop,"Stavudine 1mg/ml, powder for oral solution, 200 ml",MIssing,1000,1450.0,PMO - US,"Aurobindo Unit III, India",Stavudine,1.45,11/14/06,SCMS-168,Pre-PQ Process,Pre-PQ Process,ARV,108-VN-T01,14-Mar-07,Air,Pediatric,200,0.01,Aurobindo Pharma Limited,EXW,See ASN-276 (ID#:2686)
51452,ASN-7693,Uni-Gold,Botswana,25-Aug-10,25-Aug-10,MIssing,Test kit,Yes,659.27,Direct Drop,"HIV 1/2, Uni-Gold HIV Kit, 20 Tests",3.45,50,1600.0,PMO - US,"Trinity Biotech, Plc","HIV 1/2, Uni-Gold HIV Kit",32.0,6/23/10,SCMS-77130,FPQ-5353,3/30/10,HRDT,102-BW-T30,25-Aug-10,Air,HIV test,20,1.6,"Trinity Biotech, Plc",EXW,26
53625,ASN-13697,Isentress,Uganda,14-Feb-12,14-Feb-12,400mg,Tablet,Yes,250,Direct Drop,"Raltegravir 400mg [Isentress], tablets, 60 Tabs",34.88,231,21136.5,PMO - US,"MSD, Haarlem, NL",Raltegravir,91.5,11-02-11,SCMS-126380,FPQ-8498,10/18/11,ARV,114-UG-T30,14-Feb-12,Air,Adult,60,1.52,MERCK SHARP & DOHME IDEA GMBH (FORMALLY MERCK SHARP & DOHME B.V.),CIP,23
11766,DN-320,Generic,CÃte dIvoire,30-Aug-07,30-Aug-07,10mg/ml,Oral solution,No,See DN-320 (ID#:10593),From RDC,"Lamivudine 10mg/ml, oral solution, Bottle, 240 ml",7.95,2523,4970.31,PMO - US,"Cipla, Goa, India",Lamivudine,1.97,N/A - From RDC,SO-959,Pre-PQ Process,Pre-PQ Process,ARV,104-CI-T01,30-Aug-07,MIssing,Pediatric,240,0.01,SCMS from RDC,N/A - From RDC,See DN-320 (ID#:10593)
86605,DN-3331,Aluvia,Guyana,04-Oct-13,22-Oct-13,200/50mg,Tablet,No,See DN-3331 (ID#:82603),From RDC,"Lopinavir/Ritonavir 200/50mg [Aluvia], tablets, 120 Tabs",40.87,1634,33039.48,PMO - US,ABBVIE Ludwigshafen Germany,Lopinavir/Ritonavir,20.22,N/A - From RDC,SO-45050,FPQ-12047,4/15/13,ARV,105-GY-T30,30-Sep-13,Air,Adult,120,0.17,SCMS from RDC,N/A - From RDC,See DN-3331 (ID#:82603)
15619,ASN-27980,Generic,South Africa,27-Aug-14,27-Aug-14,600mg,Tablet,Yes,Freight Included in Commodity Cost,Direct Drop,"Efavirenz 600mg, tablets, 30 Tabs",2.38,115,1923.5,PMO - US,Hetero Unit III Hyderabad IN,Efavirenz,16.73,8/27/14,SCMS-199283,FPQ-12522,07-11-13,ARV,116-ZA-T30,27-Aug-14,Truck,Adult,30,0.56,S. BUYS WHOLESALER,DDP,Weight Captured Separately
12210,DN-818,Generic,Uganda,21-Aug-08,21-Aug-08,600mg,Tablet,No,See DN-818 (ID#:11270),From RDC,"Efavirenz 600mg, tablets, 30 Tabs",24.98,1300,15613.0,PMO - US,"Aurobindo Unit III, India",Efavirenz,12.01,N/A - From RDC,SO-2344,Pre-PQ Process,Pre-PQ Process,ARV,114-UG-T01,21-Aug-08,Air,Adult,30,0.4,SCMS from RDC,N/A - From RDC,See DN-818 (ID#:11270)
84877,DN-3381,Generic,Burundi,22-Nov-13,21-Jan-14,200/50mg,Tablet,No,See DN-3381 (ID#:84319),From RDC,"Lopinavir/Ritonavir 200/50mg, tablets, 120 Tabs",0.7,27,567.0,PMO - US,"Aurobindo Unit III, India",Lopinavir/Ritonavir,21.0,N/A - From RDC,SO-46020,FPQ-12602,07-09-13,ARV,102-BI-T30,15-Nov-13,Air,Adult,120,0.18,SCMS from RDC,N/A - From RDC,See DN-3381 (ID#:84319)
83864,DN-4061,Generic,Uganda,16-Jan-15,26-Jan-15,600/300/300mg,Tablet - FDC,Yes,40616.15,From RDC,"Efavirenz/Lamivudine/Tenofovir Disoproxil Fumarate 600/300/300mg, tablets, 30 Tabs",4020.63,350000,3416000.0,PMO - US,Mylan (formerly Matrix) Nashik,Efavirenz/Lamivudine/Tenofovir Disoproxil Fumarate,9.76,N/A - From RDC,SO-50051,FPQ-15294,11-03-14,ARV,114-UG-T30,15-Jun-15,Truck,Adult,30,0.33,SCMS from RDC,N/A - From RDC,41041
11001,DN-990,Aluvia,Uganda,09-Dec-08,09-Dec-08,200/50mg,Tablet,Yes,845.37,From RDC,"Lopinavir/Ritonavir 200/50mg [Aluvia], tablets, 120 Tabs",3.38,42,1726.2,PMO - US,ABBVIE Ludwigshafen Germany,Lopinavir/Ritonavir,41.1,N/A - From RDC,SO-17830,Pre-PQ Process,Pre-PQ Process,ARV,114-UG-T01,09-Dec-08,Air,Adult,120,0.34,SCMS from RDC,N/A - From RDC,123
11744,DN-241,Generic,Tanzania,30-Jul-07,30-Jul-07,150/300mg,Tablet - FDC,Yes,3243,From RDC,"Lamivudine/Zidovudine 150/300mg, tablets, 60 Tabs",187.57,10977,117234.36,PMO - US,"Aurobindo Unit III, India",Lamivudine/Zidovudine,10.68,N/A - From RDC,SO-445,Pre-PQ Process,Pre-PQ Process,ARV,109-TZ-T01,30-Jul-07,Air,Adult,60,0.18,SCMS from RDC,N/A - From RDC,957
80668,ASN-19772,Generic,Tanzania,18-Jul-13,18-Jul-13,100/25mg,Tablet,Yes,1396.04,Direct Drop,"Lopinavir/Ritonavir 100/25mg [Aluvia], tablets, 60 Tabs",5.62,765,4544.1,PMO - US,ABBVIE Ludwigshafen Germany,Lopinavir/Ritonavir,5.94,05-08-13,SCMS-186890,FPQ-12050,04-12-13,ARV,109-TZ-T30,18-Jul-13,Air,Pediatric,60,0.1,ABBVIE LOGISTICS (FORMERLY ABBOTT LOGISTICS BV),FCA,84
24276,ASN-28465,Determine,Zimbabwe,07-Nov-14,07-Nov-14,MIssing,Test kit,Yes,42028.45,Direct Drop,"HIV 1/2, Determine Complete HIV Kit, 100 Tests",594.84,7233,578640.0,PMO - US,"Alere Medical Co., Ltd.","HIV 1/2, Determine Complete HIV Kit",80.0,02-12-14,SCMS-225840,FPQ-13669,02-03-14,HRDT,113-ZW-T30,07-Nov-14,Air,HIV test,100,0.8,"Orgenics, Ltd",EXW,2933
26250,ASN-4981,Uni-Gold,Kenya,13-Oct-09,13-Oct-09,MIssing,Test kit,Yes,7258.89,Direct Drop,"HIV 1/2, Uni-Gold HIV Kit, 20 Tests",125.44,2000,64000.0,PMO - US,"Trinity Biotech, Plc","HIV 1/2, Uni-Gold HIV Kit",32.0,09-03-09,SCMS-52791,FPQ-3976,7/20/09,HRDT,102-KE-T30,13-Oct-09,Air,HIV test,20,1.6,"Trinity Biotech, Plc",EXW,682
76180,ASN-16720,Determine,Zambia,19-Oct-12,19-Oct-12,MIssing,Test kit,Yes,34940.02,Direct Drop,"HIV 1/2, Determine Complete HIV Kit, 100 Tests",449.09,4004,320320.0,PMO - US,"Alere Medical Co., Ltd.","HIV 1/2, Determine Complete HIV Kit",80.0,7/31/12,SCMS-153800,FPQ-10107,6/19/12,HRDT,110-ZM-T30,19-Oct-12,Air,HIV test,100,0.8,"Orgenics, Ltd",EXW,1907
84655,DN-2255,Generic,Zambia,11-Jul-11,11-Jul-11,10mg/ml,Oral suspension,Yes,6801.72,From RDC,"Nevirapine 10mg/ml, oral suspension, Bottle, 240 ml",59.4,20000,36000.0,PMO - US,"Aurobindo Unit III, India",Nevirapine,1.8,N/A - From RDC,SO-39920,FPQ-7233,03-01-11,ARV,110-ZM-T30,15-Jul-11,Truck,Pediatric,240,0.01,SCMS from RDC,N/A - From RDC,7482
82898,DN-1911,Generic,Nigeria,28-Jun-10,28-Jun-10,150mg,Tablet,Yes,Freight Included in Commodity Cost,From RDC,"Lamivudine 150mg, tablets, 60 Tabs",15.78,3000,7320.0,PMO - US,"Aurobindo Unit III, India",Lamivudine,2.44,N/A - From RDC,SO-36492,FPQ-5023,02-10-10,ARV,151-NG-T30,15-Jul-10,Air,Adult,60,0.04,SCMS from RDC,N/A - From RDC,142
83717,DN-3332,Generic,Guyana,04-Oct-13,22-Oct-13,200mg,Tablet,Yes,4317.96,From RDC,"Efavirenz 200mg, scored tablets, 90 Tabs",1.13,98,911.4,PMO - US,"Strides, Bangalore, India.",Efavirenz,9.3,N/A - From RDC,SO-45040,FPQ-12047,4/15/13,ARV,105-GY-T30,30-Sep-13,Air,Pediatric,90,0.1,SCMS from RDC,N/A - From RDC,7
11756,DN-304,Generic,Mozambique,21-Sep-07,21-Sep-07,50mg,Capsule,No,See DN-304 (ID#:10589),From RDC,"Efavirenz 50mg, capsule, 30 Caps",13.21,2414,8255.88,PMO - US,"Aurobindo Unit III, India",Efavirenz,3.42,N/A - From RDC,SO-298,Pre-PQ Process,Pre-PQ Process,ARV,111-MZ-T01,21-Sep-07,Air,Pediatric,30,0.11,SCMS from RDC,N/A - From RDC,See DN-304 (ID#:10589)
62059,ASN-11129,Crixivan,CÃte dIvoire,01-Jul-11,01-Jul-11,400mg,Capsule,No,See ASN-11129 (ID#:32064),Direct Drop,"Indinavir 400mg [Crixivan], capsules, 180 Caps",99.39,922,46100.0,PMO - US,"MSD, Haarlem, NL",Indinavir,50.0,09-10-10,SCMS-83692,FPQ-6183,08-10-10,ARV,104-CI-T30,01-Jul-11,Air,Adult,180,0.28,MERCK SHARP & DOHME IDEA GMBH (FORMALLY MERCK SHARP & DOHME B.V.),CIP,See ASN-11129 (ID#:32064)
10901,DN-384,Generic,Zambia,29-Oct-07,29-Oct-07,10mg/ml,Oral solution,Yes,25739.49,From RDC,"Lamivudine 10mg/ml, oral solution, Bottle, 240 ml",17.32,5496,10827.12,PMO - US,"Aurobindo Unit III, India",Lamivudine,1.97,N/A - From RDC,SO-976,Pre-PQ Process,Pre-PQ Process,ARV,110-ZM-T01,29-Oct-07,MIssing,Pediatric,240,0.01,SCMS from RDC,N/A - From RDC,6230
82570,DN-3122,Generic,Uganda,07-Jun-13,07-Jun-13,300mg,Tablet,Yes,23809.39,From RDC,"Zidovudine 300mg, tablets, 60 Tabs",12.38,1530,10006.2,PMO - US,"Aurobindo Unit III, India",Zidovudine,6.54,N/A - From RDC,SO-43890,FPQ-11133,12/13/12,ARV,114-UG-T30,07-Jun-13,Truck,Adult,60,0.11,SCMS from RDC,N/A - From RDC,11337
3479,ASN-3156,Colloidal Gold,Ethiopia,20-Jan-09,20-Jan-09,MIssing,Test kit,Yes,20083.74,Direct Drop,"HIV 1/2, SKB Colloidal Gold, Diagnostic Kit, Antibody, 50 Tests",158.23,3510,80730.0,PMO - US,"KHB Test Kit Facility, Shanghai China","HIV 1/2, Colloidal Gold, Diagnostic Kit, Antibody",23.0,10/27/08,SCMS-32630,Pre-PQ Process,Pre-PQ Process,HRDT,117-ET-T01,26-Jan-09,Air,HIV test,1,23.0,"SHANGHAI KEHUA BIOENGINEERING CO.,LTD.  (KHB)",EXW,2535
12784,DN-768,Norvir,Mozambique,18-Jul-08,18-Jul-08,100mg,Capsule,Yes,2107.14,From RDC,"Ritonavir 100mg [Norvir], capsules, cool, 84 Caps",20.84,1358,13023.22,PMO - US,ABBVIE (Abbott) Logis. UK,Ritonavir,9.59,N/A - From RDC,SO-2670,Pre-PQ Process,Pre-PQ Process,ARV,111-MZ-T01,18-Jul-08,Truck,Adult,84,0.11,SCMS from RDC,N/A - From RDC,387
84918,DN-3639,Generic,Guyana,25-Apr-14,13-May-14,20mg/ml,Oral solution,Yes,871.8,From RDC,"Abacavir 20mg/ml, oral solution w/syringe, Bottle, 240 ml",0.26,30,251.4,PMO - US,"Aurobindo Unit III, India",Abacavir,8.38,N/A - From RDC,SO-46801,FPQ-13071,10-09-13,ARV,105-GY-T30,05-May-14,Air,Pediatric,240,0.03,SCMS from RDC,N/A - From RDC,11
26171,ASN-5800,Generic,Rwanda,27-Jan-10,27-Jan-10,300mg,Tablet,Yes,2187.01,Direct Drop,"Tenofovir Disoproxil Fumarate 300mg, tablets, 30 Tabs",4.63,276,2362.56,PMO - US,"Aurobindo Unit III, India",Tenofovir Disoproxil Fumarate,8.56,7/16/09,SCMS-48831,FPQ-3859,6/30/09,ARV,107-RW-T30,27-Jan-10,Air,Adult,30,0.29,Aurobindo Pharma Limited,CIP,26
86505,DN-2792,Generic,Nigeria,14-Aug-12,14-Aug-12,600/300/300mg,Tablet - FDC,Yes,18461.23,From RDC,"Efavirenz/Lamivudine/Tenofovir Disoproxil Fumarate 600/300/300mg, tablets, 30 Tabs",427.9,23000,305210.0,PMO - US,Mylan (formerly Matrix) Nashik,Efavirenz/Lamivudine/Tenofovir Disoproxil Fumarate,13.27,N/A - From RDC,SO-42931,FPQ-9432,03-01-12,ARV,151-NG-T30,20-Aug-12,Air Charter,Adult,30,0.44,SCMS from RDC,N/A - From RDC,2437
76917,ASN-27384,Generic,"Congo, DRC",29-Sep-14,14-Oct-14,150/300/200mg,Tablet - FDC,Yes,12498.65,Direct Drop,"Lamivudine/Nevirapine/Zidovudine 150/200/300mg, tablets, 60 Tabs",83.27,10000,81000.0,PMO - US,"Cipla, Goa, India",Lamivudine/Nevirapine/Zidovudine,8.1,05-05-14,SCMS-234300,FPQ-13555,3/19/14,ARV,101-CD-T30,29-Sep-14,Air,Adult,60,0.13,CIPLA LIMITED,EXW,1463
86743,DN-3996,Generic,Nigeria,30-Oct-14,03-Nov-14,300/300mg,Tablet - FDC,Yes,20138,From RDC,"Lamivudine/Tenofovir Disoproxil Fumarate 300/300mg, tablets, 30 Tabs",270.71,57000,263340.0,PMO - US,"Aurobindo Unit VII, IN",Lamivudine/Tenofovir Disoproxil Fumarate,4.62,N/A - From RDC,SO-48905,FPQ-14156,4/25/14,ARV,151-NG-T30,31-Oct-14,Air Charter,Adult,30,0.15,SCMS from RDC,N/A - From RDC,5735
11418,DN-214,Aluvia,Mozambique,18-Jul-07,18-Jul-07,200/50mg,Tablet,Yes,1149.57,From RDC,"Lopinavir/Ritonavir 200/50mg [Aluvia], tablets, 120 Tabs",263.04,4000,164400.0,PMO - US,ABBVIE Ludwigshafen Germany,Lopinavir/Ritonavir,41.1,N/A - From RDC,SO-695,Pre-PQ Process,Pre-PQ Process,ARV,111-MZ-T01,18-Jul-07,Air,Adult,120,0.34,SCMS from RDC,N/A - From RDC,870
73220,ASN-13285,Generic,South Africa,27-Jan-12,27-Jan-12,10mg/ml,Oral solution,Yes,Freight Included in Commodity Cost,Direct Drop,"Lamivudine 10mg/ml, oral solution, Bottle, 240 ml",169.95,50000,103000.0,PMO - US,"Cipla, Goa, India",Lamivudine,2.06,3/28/11,SCMS-103820,FPQ-7175,03-10-11,ARV,161-ZA-T30,27-Jan-12,Ocean,Pediatric,240,0.01,CIPLA LIMITED,DDP,Weight Captured Separately
11099,DN-115,Aluvia,Zimbabwe,26-Apr-07,26-Apr-07,200/50mg,Tablet,Yes,907.41,From RDC,"Lopinavir/Ritonavir 200/50mg [Aluvia], tablets, 120 Tabs",MIssing,400,16440.0,PMO - US,ABBVIE Ludwigshafen Germany,Lopinavir/Ritonavir,41.1,N/A - From RDC,SO-337,Pre-PQ Process,Pre-PQ Process,ARV,113-ZW-T01,26-Apr-07,MIssing,Adult,120,0.34,SCMS from RDC,N/A - From RDC,87
85210,DN-2432,Generic,Rwanda,25-Nov-11,25-Nov-11,400mg,Delayed-release capsules,Yes,14622.43,From RDC,"Didanosine 400mg, delayed-release capsules, 30 Caps",8.68,263,5260.0,PMO - US,"Aurobindo Unit III, India",Didanosine,20.0,N/A - From RDC,SO-40980,FPQ-8372,10/19/11,ARV,107-RW-T30,08-Dec-11,Truck,Adult,30,0.67,SCMS from RDC,N/A - From RDC,21
83542,DN-2399,Generic,Haiti,08-Nov-11,08-Nov-11,30mg,Capsule,Yes,4692.14,From RDC,"Stavudine 30mg, capsules, 60 Caps",10.44,4520,6328.0,PMO - US,"Aurobindo Unit III, India",Stavudine,1.4,N/A - From RDC,SO-39742,FPQ-7653,05-11-11,ARV,106-HT-T30,31-Oct-11,Air,Adult,60,0.02,SCMS from RDC,N/A - From RDC,418
80473,ASN-24362,Kaletra,South Africa,05-Feb-14,05-Feb-14,80/20mg/ml,Oral solution,Yes,Freight Included in Commodity Cost,Direct Drop,"Lopinavir/Ritonavir 80/20mg/ml [Kaletra], oral solution, cool, Bottle 5 x 60 ml",0.23,8,185.0,PMO - US,ABBVIE (Abbott) Logis. UK,Lopinavir/Ritonavir,23.12,12-02-13,SCMS-215400,FPQ-13035,10-08-13,ARV,116-ZA-T30,05-Feb-14,Truck,Pediatric,300,0.08,S. BUYS WHOLESALER,DDP,Weight Captured Separately
43972,ASN-31854,Generic,South Africa,28-Apr-15,28-Apr-15,600mg,Tablet,No,Freight Included in Commodity Cost,Direct Drop,"Efavirenz 600mg, tablets, 30 Tabs",0.96,60,935.7,PMO - US,"Aurobindo Unit III, India",Efavirenz,15.6,4/28/15,SCMS-238556,FPQ-13973,4/30/14,ARV,116-ZA-T30,28-Apr-15,Truck,Adult,30,0.52,PHARMACY DIRECT,DDP,Weight Captured Separately
84027,DN-1955,Generic,Nigeria,17-Aug-10,17-Aug-10,150/300/200mg,Tablet - FDC,Yes,6147.18,From RDC,"Lamivudine/Nevirapine/Zidovudine 150/200/300mg, tablets, 60 Tabs",698.33,28868,323898.96,PMO - US,"Aurobindo Unit III, India",Lamivudine/Nevirapine/Zidovudine,11.22,N/A - From RDC,SO-36436,FPQ-5023,02-10-10,ARV,151-NG-T30,16-Aug-10,Air Charter,Adult,60,0.19,SCMS from RDC,N/A - From RDC,3570
25599,ASN-25953,Generic,Zimbabwe,14-Jun-14,16-Jun-14,200mg,Tablet,Yes,46213.4,Direct Drop,"Nevirapine 200mg, tablets, 60 Tabs",117.6,55000,114400.0,PMO - US,"Micro labs, Verna, Goa, India",Nevirapine,2.08,04-11-14,SCMS-234750,FPQ-13939,04-01-14,ARV,113-ZW-T30,14-Jun-14,Air Charter,Adult,60,0.03,MICRO LABS LIMITED,EXW,5810
76712,ASN-5607,Aluvia,Uganda,19-Dec-09,19-Dec-09,200/50mg,Tablet,Yes,995.22,Direct Drop,"Lopinavir/Ritonavir 200/50mg [Aluvia], tablets, 120 Tabs",7.8,110,3977.6,PMO - US,ABBVIE Ludwigshafen Germany,Lopinavir/Ritonavir,36.16,11-03-09,SCMS-55240,FPQ-4276,9/22/09,ARV,114-UG-T30,19-Dec-09,Air,Adult,120,0.3,ABBVIE LOGISTICS (FORMERLY ABBOTT LOGISTICS BV),FCA,33
2297,ASN-3561,Generic,Vietnam,07-Apr-09,07-Apr-09,150mg,Tablet,Yes,9809.7,Direct Drop,"Lamivudine 150mg, tablets, 60 Tabs",42.34,9000,21600.0,PMO - US,"Aurobindo Unit III, India",Lamivudine,2.4,1/16/09,SCMS-37160,Pre-PQ Process,Pre-PQ Process,ARV,108-VN-T01,07-Apr-09,Air,Adult,60,0.04,Aurobindo Pharma Limited,EXW,2228
84211,DN-2967,Generic,CÃte dIvoire,25-Jan-13,25-Jan-13,200/50mg,Tablet,No,See DN-2967 (ID#:84209),From RDC,"Lopinavir/Ritonavir 200/50mg, tablets, 120 Tabs",374.33,10000,267000.0,PMO - US,Mylan (formerly Matrix) Nashik,Lopinavir/Ritonavir,26.7,N/A - From RDC,SO-43320,FPQ-10633,09-11-12,ARV,104-CI-T30,28-Feb-13,Truck,Adult,120,0.22,SCMS from RDC,N/A - From RDC,See DN-2967 (ID#:84209)
11197,DN-603,Generic,Mozambique,08-Apr-08,08-Apr-08,150/30mg,Tablet - FDC,Yes,8405.91,From RDC,"Lamivudine/Stavudine 150/30mg, tablets, 30 Tabs",160,50000,100000.0,PMO - US,"Cipla, Goa, India",Lamivudine/Stavudine,2.0,N/A - From RDC,SO-1039,Pre-PQ Process,Pre-PQ Process,ARV,111-MZ-T01,08-Apr-08,Air,Adult,30,0.07,SCMS from RDC,N/A - From RDC,3584
67372,ASN-8574,Uni-Gold,Botswana,22-Nov-10,22-Nov-10,MIssing,Test kit,Yes,634.36,Direct Drop,"HIV 1/2, Uni-Gold HIV Kit, 20 Tests",0.31,5,160.0,PMO - US,"Trinity Biotech, Plc","HIV 1/2, Uni-Gold HIV Kit",32.0,9/30/09,SCMS-54120,FPQ-4167,09-09-09,HRDT,144-BW-T30,22-Nov-10,Air,HIV test,20,1.6,"Trinity Biotech, Plc",EXW,2
29347,ASN-11528,Generic,Swaziland,08-Aug-11,08-Aug-11,MIssing,Test kit - Ancillary,Yes,1670.06,Direct Drop,"HIV, Lancet, Safety, for HIV Test kits, 100 Pcs",1.29,156,780.0,PMO - US,INVERNESS ANY,"HIV, Lancet, Safety, for HIV Test kits, 100 Pcs",5.0,6/17/11,SCMS-109450,FPQ-7281,3/28/11,HRDT,102-SZ-T30,08-Aug-11,Air,HIV test - Ancillary,100,0.05,"Orgenics, Ltd",EXW,56
21091,ASN-15571,Generic,Haiti,22-Oct-12,22-Oct-12,30/50/60mg,Chewable/dispersible tablet - FDC,Yes,8538.03,Direct Drop,"Lamivudine/Nevirapine/Zidovudine 30/50/60mg, dispersible tablets, 60 Tabs",30.98,5324,22094.6,PMO - US,Mylan (formerly Matrix) Nashik,Lamivudine/Nevirapine/Zidovudine,4.15,6/28/12,SCMS-148440,FPQ-9635,5/14/12,ARV,106-HT-T30,22-Oct-12,Ocean,Pediatric,60,0.07,MYLAN LABORATORIES LTD (FORMERLY MATRIX LABORATORIES),EXW,4654
71241,ASN-21679,Determine,Cameroon,10-Oct-13,18-Oct-13,MIssing,Test kit - Ancillary,No,See ASN-21679 (ID#:13900),Direct Drop,"Chase Buffer, Determine, 100 Tests, 2.5ml x 1 Vial",0.31,50,250.0,PMO - US,"Alere Medical Co., Ltd.","Chase Buffer, Determine, 100 Tests, 2.5ml x 1 Vial",5.0,08-06-13,SCMS-201930,FPQ-12659,7/26/13,HRDT,103-CM-T30,10-Oct-13,Air,HIV test - Ancillary,1,5.0,"Orgenics, Ltd",EXW,See ASN-21679 (ID#:13900)
68949,ASN-25890,Generic,Zimbabwe,14-Jun-14,16-Jun-14,200mg,Tablet,Yes,68350.52,Direct Drop,"Nevirapine 200mg, tablets, 60 Tabs",357.33,158000,347600.0,PMO - US,"Strides, Bangalore, India.",Nevirapine,2.2,04-11-14,SCMS-234760,FPQ-13939,04-01-14,ARV,113-ZW-T30,14-Jun-14,Air Charter,Adult,60,0.04,STRIDES ARCOLAB LIMITED,EXW,9832
27708,ASN-14433,Determine,CÃte dIvoire,25-Apr-12,25-Apr-12,MIssing,Test kit,Yes,7024.86,Direct Drop,"HIV 1/2, Determine Complete HIV Kit, 100 Tests",66.85,596,47680.0,PMO - US,"Alere Medical Co., Ltd.","HIV 1/2, Determine Complete HIV Kit",80.0,3/27/12,SCMS-142490,FPQ-9554,3/19/12,HRDT,104-CI-T30,25-Apr-12,Air,HIV test,100,0.8,"Orgenics, Ltd",EXW,287
23051,ASN-22835,Generic,Tanzania,27-Dec-13,27-Dec-13,150/300/200mg,Tablet - FDC,Yes,11363.07,Direct Drop,"Lamivudine/Nevirapine/Zidovudine 150/200/300mg, tablets, 60 Tabs",162.77,16245,131584.5,PMO - US,"Cipla, Goa, India",Lamivudine/Nevirapine/Zidovudine,8.1,8/27/13,SCMS-198771,FPQ-12540,07-03-13,ARV,109-TZ-T30,27-Dec-13,Air,Adult,60,0.13,CIPLA LIMITED,EXW,2368
13138,ASN-17530,Determine,Nigeria,10-Jan-13,10-Jan-13,MIssing,Test kit,Yes,25193.28,Direct Drop,"HIV 1/2, Determine Complete HIV Kit, 100 Tests",342.39,2744,244216.0,PMO - US,"Alere Medical Co., Ltd.","HIV 1/2, Determine Complete HIV Kit",89.0,10/16/12,SCMS-162440,FPQ-10765,10-05-12,HRDT,133-NG-T30,09-Jan-13,Air,HIV test,100,0.89,"Orgenics, Ltd",EXW,1186
82427,DN-2469,Generic,CÃte dIvoire,08-Feb-12,08-Feb-12,150/300mg,Tablet - FDC,Yes,24940.97,From RDC,"Lamivudine/Zidovudine 150/300mg, tablets, 60 Tabs",191.91,14081,116309.06,PMO - US,"Aurobindo Unit III, India",Lamivudine/Zidovudine,8.26,N/A - From RDC,SO-40831,FPQ-8363,8/29/11,ARV,104-CI-T30,27-Apr-12,Air Charter,Adult,60,0.14,SCMS from RDC,N/A - From RDC,6410
2994,ASN-1520,Stocrin/Sustiva,South Africa,04-Jan-08,04-Jan-08,600mg,Tablet,No,Freight Included in Commodity Cost,Direct Drop,"Efavirenz 600mg [Stocrin/Sustiva], tablets, 30 Tabs",38.09,1200,23808.0,PMO - US,"MSD Midrand, Jburg, SA",Efavirenz,19.84,01-04-08,SCMS-16600,Pre-PQ Process,Pre-PQ Process,ARV,116-ZA-T01,21-Jan-08,MIssing,Adult,30,0.66,"JSI R&T INSTITUTE, INC.",DDP,Weight Captured Separately
11046,DN-1238,Generic,Swaziland,21-May-09,21-May-09,300mg,Tablet,Yes,12798.04,From RDC,"Tenofovir Disoproxil Fumarate 300mg, tablets, 30 Tabs",22.05,1250,11250.0,PMO - US,Mylan (formerly Matrix) Nashik,Tenofovir Disoproxil Fumarate,9.0,N/A - From RDC,SO-30790,Pre-PQ Process,Pre-PQ Process,ARV,100-SZ-T01,21-May-09,Air,Adult,30,0.3,SCMS from RDC,N/A - From RDC,1787
7218,ASN-2274,Generic,Vietnam,19-Sep-08,19-Sep-08,200mg,Tablet,No,See ASN-2274 (ID#:610),Direct Drop,"Nevirapine 200mg, tablets, 60 Tabs",19.49,4200,12180.0,PMO - US,"Aurobindo Unit III, India",Nevirapine,2.9,07-01-08,SCMS-26180,Pre-PQ Process,Pre-PQ Process,ARV,108-VN-T01,19-Sep-08,Air,Adult,60,0.05,Aurobindo Pharma Limited,EXW,See ASN-2274 (ID#:610)
11205,DN-451,Aluvia,CÃte dIvoire,17-Jan-08,17-Jan-08,200/50mg,Tablet,Yes,3499.1,From RDC,"Lopinavir/Ritonavir 200/50mg [Aluvia], tablets, 120 Tabs",65.3,993,40812.3,PMO - US,ABBVIE (Abbott) Logis. UK,Lopinavir/Ritonavir,41.1,N/A - From RDC,SO-1298,Pre-PQ Process,Pre-PQ Process,ARV,104-CI-T01,17-Jan-08,Air,Adult,120,0.34,SCMS from RDC,N/A - From RDC,217
83588,DN-2639,Generic,Dominican Republic,16-May-12,16-May-12,300mg,Tablet,Yes,7519.8,From RDC,"Abacavir 300mg, tablets, 60 Tabs",34.11,1850,24327.5,PMO - US,Mylan (formerly Matrix) Nashik,Abacavir,13.15,N/A - From RDC,SO-41870,FPQ-9676,04-09-12,ARV,102-DO-T30,21-May-12,Air,Adult,60,0.22,SCMS from RDC,N/A - From RDC,630
24386,ASN-32527,Generic,Nigeria,24-Jun-15,30-Jun-15,150/300mg,Tablet - FDC,Yes,42199.11,Direct Drop,"Lamivudine/Zidovudine 150/300mg, tablets, 60 Tabs",454.14,58462,385849.2,PMO - US,Hetero Unit III Hyderabad IN,Lamivudine/Zidovudine,6.6,05-07-15,SCMS-287700,FPQ-16312,05-04-15,ARV,151-NG-T30,24-Jun-15,Air,Adult,60,0.11,HETERO LABS LIMITED,EXW,6093
86303,DN-1815,Generic,Nigeria,18-May-10,18-May-10,200mg,Tablet,Yes,9736.1,From RDC,"Nevirapine 200mg, tablets, 60 Tabs",57.35,10000,26600.0,PMO - US,"Strides, Bangalore, India.",Nevirapine,2.66,N/A - From RDC,SO-36000,FPQ-4537,11-06-09,ARV,151-NG-T30,31-May-10,Air Charter,Adult,60,0.04,SCMS from RDC,N/A - From RDC,549
82748,DN-3975,Generic,"Congo, DRC",18-Feb-15,23-Feb-15,200/50mg,Tablet,Yes,24532.28,From RDC,"Lopinavir/Ritonavir 200/50mg, tablets, 120 Tabs",23.36,1156,22726.96,PMO - US,Mylan (formerly Matrix) Nashik,Lopinavir/Ritonavir,19.66,N/A - From RDC,SO-49290,FPQ-14576,7/14/14,ARV,101-CD-T30,30-Jan-15,Air,Adult,120,0.16,SCMS from RDC,N/A - From RDC,2187
52706,ASN-14517,Generic,Vietnam,16-May-12,16-May-12,600/300/300mg,Tablet - FDC,No,See ASN-14517 (ID#:44737),Direct Drop,"Efavirenz/Lamivudine/Tenofovir Disoproxil Fumarate 600/300/300mg, tablets, 30 Tabs",838.01,42392,597727.2,PMO - US,Mylan (formerly Matrix) Nashik,Efavirenz/Lamivudine/Tenofovir Disoproxil Fumarate,14.1,1/16/12,SCMS-131690,FPQ-9001,12/15/11,ARV,108-VN-T30,16-May-12,Air,Adult,30,0.47,MYLAN LABORATORIES LTD (FORMERLY MATRIX LABORATORIES),EXW,See ASN-14517 (ID#:44737)
21478,ASN-26882,Generic,South Africa,25-Jun-14,25-Jun-14,20mg/ml,Oral solution,Yes,Freight Included in Commodity Cost,Direct Drop,"Abacavir 20mg/ml, oral solution, Bottle, 240 ml",0.6,24,588.25,PMO - US,"Aurobindo Unit III, India",Abacavir,24.51,6/25/14,SCMS-238551,FPQ-13973,4/30/14,ARV,116-ZA-T30,25-Jun-14,Truck,Pediatric,240,0.1,PHARMACY DIRECT,DDP,Weight Captured Separately
12303,DN-1357,Generic,CÃte dIvoire,11-Aug-09,11-Aug-09,600mg,Tablet,Yes,1854.88,From RDC,"Efavirenz 600mg, tablets, 30 Tabs",62.49,3280,31881.6,PMO - US,"Emcure Plot No.P-2, I.T-B.T. Park, Phase II, MIDC, Hinjwadi, Pune, India",Efavirenz,9.72,N/A - From RDC,SO-27533,Pre-PQ Process,Date Not Captured,ARV,104-CI-T01,11-Aug-09,Air Charter,Adult,30,0.32,SCMS from RDC,N/A - From RDC,229
11333,DN-1295,Generic,Nigeria,16-Jun-09,16-Jun-09,150/200/30mg,Tablet - FDC,Yes,7329.83,From RDC,"Lamivudine/Nevirapine/Stavudine 150/200/30mg, tablets, 60 Tabs",558.21,40000,284800.0,PMO - US,"Strides, Bangalore, India.",Lamivudine/Nevirapine/Stavudine,7.12,N/A - From RDC,SO-24483,Pre-PQ Process,Pre-PQ Process,ARV,123-NG-T01,16-Jun-09,Air Charter,Adult,60,0.12,SCMS from RDC,N/A - From RDC,2970
65314,ASN-27749,Kaletra,South Africa,13-Aug-14,13-Aug-14,80/20mg/ml,Oral solution,Yes,Freight Included in Commodity Cost,Direct Drop,"Lopinavir/Ritonavir 80/20mg/ml [Kaletra], oral solution, cool, Bottle 5 x 60 ml",0.06,2,46.9,PMO - US,ABBVIE (Abbott) Logis. UK,Lopinavir/Ritonavir,23.45,8/13/14,SCMS-199287,FPQ-12522,07-11-13,ARV,116-ZA-T30,13-Aug-14,Truck,Pediatric,300,0.08,S. BUYS WHOLESALER,DDP,Weight Captured Separately
72193,ASN-9177,Generic,South Africa,01-Feb-11,01-Feb-11,600mg,Tablet,Yes,630.5,Direct Drop,"Efavirenz 600mg, tablets, 30 Tabs",624.84,64260,289812.6,PMO - US,"Aurobindo Unit III, India",Efavirenz,4.51,6/17/10,SCMS-75750,FPQ-5648,06-02-10,ARV,161-ZA-T30,01-Feb-11,Ocean,Adult,30,0.15,Aurobindo Pharma Limited,DDP,5623
83141,DN-3175,Generic,Nigeria,10-May-13,10-May-13,60/30mg,Tablet - FDC,Yes,20666.07,From RDC,"Abacavir/Lamivudine 60/30mg, tablets, 60 Tabs",5.43,955,4393.0,PMO - US,"Aurobindo Unit III, India",Abacavir/Lamivudine,4.6,N/A - From RDC,SO-45200,FPQ-11864,3/14/13,ARV,151-NG-T30,04-Sep-13,Air Charter,Pediatric,60,0.08,SCMS from RDC,N/A - From RDC,104
26019,ASN-15289,Kaletra,Rwanda,29-Jun-12,29-Jun-12,80/20mg/ml,Oral solution,Yes,2455.7,Direct Drop,"Lopinavir/Ritonavir 80/20mg/ml [Kaletra], oral solution, cool, Bottle 5 x 60 ml",11.02,255,7859.1,PMO - US,ABBVIE (Abbott) Logis. UK,Lopinavir/Ritonavir,30.82,06-01-12,SCMS-148040,FPQ-9965,5/25/12,ARV,107-RW-T30,29-Jun-12,Air,Pediatric,300,0.1,ABBVIE LOGISTICS (FORMERLY ABBOTT LOGISTICS BV),FCA,253
84115,DN-2387,Generic,Haiti,24-Oct-11,24-Oct-11,30mg,Capsule,Yes,2936.8,From RDC,"Stavudine 30mg, capsules, 60 Caps",8.89,3850,5390.0,PMO - US,"Aurobindo Unit III, India",Stavudine,1.4,N/A - From RDC,SO-39741,FPQ-7653,05-11-11,ARV,106-HT-T30,31-Oct-11,Air,Adult,60,0.02,SCMS from RDC,N/A - From RDC,230
1939,ASN-2448,Generic,Zambia,22-Sep-08,22-Sep-08,MIssing,Test kit - Ancillary,Yes,7303.52,Direct Drop,"HIV, Lancet, Safety, for HIV Test kits, 100 Pcs",0.05,3000,30.0,PMO - US,Inverness Japan,"HIV, Lancet, Safety, for HIV Test kits, 100 Pcs",0.01,8/21/08,SCMS-27010,Pre-PQ Process,Pre-PQ Process,HRDT,110-ZM-T01,22-Sep-08,Air,HIV test - Ancillary,100,0.0,"Orgenics, Ltd",EXW,889
60626,ASN-13475,Generic,Vietnam,01-Mar-12,01-Mar-12,200mg,Tablet,No,See ASN-13475 (ID#:15772),Direct Drop,"Nevirapine 200mg, tablets, 60 Tabs",20.62,5000,12500.0,PMO - US,"Aurobindo Unit III, India",Nevirapine,2.5,10-04-11,SCMS-123520,FPQ-8428,9/21/11,ARV,108-VN-T30,01-Mar-12,Air,Adult,60,0.04,Aurobindo Pharma Limited,EXW,See ASN-13475 (ID#:15772)
85982,DN-3244,Generic,Nigeria,30-Jul-13,30-Jul-13,30/50/60mg,Chewable/dispersible tablet - FDC,Yes,Freight Included in Commodity Cost,From RDC,"Lamivudine/Nevirapine/Zidovudine 30/50/60mg, dispersible tablets, 60 Tabs",97.54,19000,78850.0,PMO - US,"Cipla, Goa, India",Lamivudine/Nevirapine/Zidovudine,4.15,N/A - From RDC,SO-44756,FPQ-11771,2/28/13,ARV,151-NG-T30,21-Aug-13,Air Charter,Pediatric,60,0.07,SCMS from RDC,N/A - From RDC,2511
84709,DN-2549,Generic,Uganda,17-Feb-12,17-Feb-12,150mg,Tablet,Yes,1831.41,From RDC,"Lamivudine 150mg, tablets, 60 Tabs",9.98,2596,6048.68,PMO - US,"Aurobindo Unit III, India",Lamivudine,2.33,N/A - From RDC,SO-40920,FPQ-8522,10-05-11,ARV,114-UG-T30,30-Mar-12,Truck,Adult,60,0.04,SCMS from RDC,N/A - From RDC,125
12904,DN-1374,Generic,Haiti,31-Jul-09,31-Jul-09,20mg,Capsule,No,See DN-1374 (ID#:11999),From RDC,"Stavudine 20mg, capsules, 60 Caps",0.37,108,189.0,PMO - US,"Aurobindo Unit III, India",Stavudine,1.75,N/A - From RDC,SO-32730,Pre-PQ Process,Date Not Captured,ARV,106-HT-T01,31-Jul-09,Air,Adult,60,0.03,SCMS from RDC,N/A - From RDC,See DN-1374 (ID#:11999)
10957,DN-677,Generic,Zambia,28-Mar-08,28-Mar-08,600mg,Tablet,Yes,1890.76,From RDC,"Efavirenz 600mg, tablets, 30 Tabs",86.09,4332,53803.44,PMO - US,Mylan (formerly Matrix) Nashik,Efavirenz,12.42,N/A - From RDC,SO-1993,Pre-PQ Process,Pre-PQ Process,ARV,110-ZM-T01,28-Mar-08,Air,Adult,30,0.41,SCMS from RDC,N/A - From RDC,338
83425,DN-1813,Generic,Nigeria,18-May-10,18-May-10,200mg,Tablet,Yes,9736.1,From RDC,"Nevirapine 200mg, tablets, 60 Tabs",114.7,20000,53200.0,PMO - US,"Strides, Bangalore, India.",Nevirapine,2.66,N/A - From RDC,SO-34891,FPQ-4537,11-06-09,ARV,151-NG-T30,31-May-10,Air Charter,Adult,60,0.04,SCMS from RDC,N/A - From RDC,1098
33544,ASN-21340,Norvir,Mozambique,30-Sep-13,30-Sep-13,100mg,Tablet,Yes,851.62,Direct Drop,"Ritonavir 100mg [Norvir], film coated tablets, 60 Tabs",1.42,168,1150.8,PMO - US,ABBVIE Ludwigshafen Germany,Ritonavir,6.85,4/25/13,SCMS-187130,FPQ-11923,4/19/13,ARV,111-MZ-T30,30-Sep-13,Air,Adult,60,0.11,ABBVIE LOGISTICS (FORMERLY ABBOTT LOGISTICS BV),FCA,23
85262,DN-2652,Generic,CÃte dIvoire,30-May-12,30-May-12,600/300mg,Tablet - FDC,No,See DN-2652 (ID#:82477),From RDC,"Abacavir/Lamivudine 600/300mg, scored tablets, 30 Tabs",51.1,1620,36450.0,PMO - US,Mylan (formerly Matrix) Nashik,Abacavir/Lamivudine,22.5,N/A - From RDC,SO-41200,FPQ-8790,11-11-11,ARV,104-CI-T30,30-May-12,Air,Adult,30,0.75,SCMS from RDC,N/A - From RDC,See DN-2652 (ID#:82477)
11598,DN-850,Generic,Mozambique,05-Sep-08,05-Sep-08,150/30mg,Tablet - FDC,No,See DN-850 (ID#:10733),From RDC,"Lamivudine/Stavudine 150/30mg, tablets, 30 Tabs",32,10000,20000.0,PMO - US,"Cipla, Goa, India",Lamivudine/Stavudine,2.0,N/A - From RDC,SO-2424,Pre-PQ Process,Pre-PQ Process,ARV,111-MZ-T01,05-Sep-08,Air,Adult,30,0.07,SCMS from RDC,N/A - From RDC,See DN-850 (ID#:10733)
33969,ASN-7529,Generic,Tanzania,21-Sep-10,21-Sep-10,600/200/300mg,Tablet - FDC,Yes,27797.6,Direct Drop,"Efavirenz/Emtricitabine/Tenofovir Disoproxil Fumarate 600/200/300mg, tablets, 30 Tabs",2476.74,57727,1148767.3,PMO - US,Mylan (formerly Matrix) Nashik,Efavirenz/Emtricitabine/Tenofovir Disoproxil Fumarate,19.9,4/23/10,SCMS-71300,FPQ-5446,4/15/10,ARV,109-TZ-T30,21-Sep-10,Ocean,Adult,30,0.66,MYLAN LABORATORIES LTD (FORMERLY MATRIX LABORATORIES),EXW,6349
858,ASN-3332,Atripla,Tanzania,21-Apr-09,21-Apr-09,600/200/300mg,Tablet - FDC,Yes,9339,Direct Drop,"Efavirenz/Emtricitabine/Tenofovir Disoproxil Fumarate 600/200/300mg [Atripla], tablets, 30 Tabs",4939.2,50000,2520000.0,PMO - US,"MSD, Haarlem, NL",Efavirenz/Emtricitabine/Tenofovir Disoproxil Fumarate,50.4,12/19/08,SCMS-34680,Pre-PQ Process,Pre-PQ Process,ARV,109-TZ-T01,21-Apr-09,Air,Adult,30,1.68,MERCK SHARP & DOHME IDEA GMBH (FORMALLY MERCK SHARP & DOHME B.V.),CIP,4093
55453,ASN-30276,Uni-Gold,Rwanda,18-Feb-15,18-Feb-15,MIssing,Test kit,Yes,1729.95,Direct Drop,"HIV 1/2, Uni-Gold HIV Kit, 20 Tests",12.14,369,11808.0,PMO - US,"Trinity Biotech, Plc","HIV 1/2, Uni-Gold HIV Kit",32.0,12/16/14,SCMS-263310,FPQ-15065,10/15/14,HRDT,107-RW-T30,18-Feb-15,Air,HIV test,20,1.6,"Trinity Biotech, Plc",EXW,115
85459,DN-3632,Generic,CÃte dIvoire,25-Apr-14,11-Jun-14,300mg,Tablet,No,See DN-3632 (ID#:82665),From RDC,"Abacavir 300mg, tablets, 60 Tabs",122.6,10620,119262.6,PMO - US,"Aurobindo Unit III, India",Abacavir,11.23,N/A - From RDC,SO-47131,FPQ-13142,10/22/13,ARV,104-CI-T30,30-Apr-14,Truck,Adult,60,0.19,SCMS from RDC,N/A - From RDC,See DN-3632 (ID#:82665)
62421,ASN-29764,Generic,South Africa,10-Dec-14,10-Dec-14,600mg,Tablet,No,Freight Included in Commodity Cost,Direct Drop,"Efavirenz 600mg, tablets, 30 Tabs",14.83,912,12596.09,PMO - US,"Aurobindo Unit III, India",Efavirenz,13.81,12-10-14,SCMS-267020,FPQ-15269,10/29/14,ARV,116-ZA-T30,10-Dec-14,Truck,Adult,30,0.46,S. BUYS WHOLESALER,DDP,Weight Captured Separately
52646,ASN-12905,Kaletra,Guyana,30-Nov-11,30-Nov-11,80/20mg/ml,Oral solution,Yes,1454.81,Direct Drop,"Lopinavir/Ritonavir 80/20mg/ml [Kaletra], oral solution, cool, Bottle 5 x 60 ml",6.92,51,4192.2,PMO - US,ABBVIE (Abbott) Logis. UK,Lopinavir/Ritonavir,82.2,7/27/11,SCMS-116170,FPQ-8025,07-11-11,ARV,105-GY-T30,30-Nov-11,Air,Pediatric,300,0.27,ABBVIE LOGISTICS (FORMERLY ABBOTT LOGISTICS BV),FCA,99
10859,DN-290,Generic,Tanzania,10-Sep-07,10-Sep-07,300mg,Tablet,Yes,9689,From RDC,"Abacavir 300mg, tablets, 60 Tabs",223.16,3896,139476.8,PMO - US,"Aurobindo Unit III, India",Abacavir,35.8,N/A - From RDC,SO-455,Pre-PQ Process,Pre-PQ Process,ARV,109-TZ-T01,10-Sep-07,MIssing,Adult,60,0.6,SCMS from RDC,N/A - From RDC,3369
83308,DN-4125,Generic,Rwanda,25-Feb-15,05-Mar-15,200mg,Tablet,Yes,1142,From RDC,"Efavirenz 200mg, scored tablets, 90 Tabs",19.32,2021,18795.3,PMO - US,"Strides, Bangalore, India.",Efavirenz,9.3,N/A - From RDC,SO-49970,FPQ-14811,10/15/14,ARV,107-RW-T30,27-Feb-15,Truck,Pediatric,90,0.1,SCMS from RDC,N/A - From RDC,132
10709,DN-1001,Generic,CÃte dIvoire,03-Dec-08,03-Dec-08,10mg/ml,Oral solution,Yes,2605.77,From RDC,"Zidovudine 10mg/ml, oral solution, Bottle, 240 ml",4.94,1200,2520.0,PMO - US,"Aurobindo Unit III, India",Zidovudine,2.1,N/A - From RDC,SO-16180,Pre-PQ Process,Pre-PQ Process,ARV,104-CI-T01,03-Dec-08,Air,Pediatric,240,0.01,SCMS from RDC,N/A - From RDC,448
61436,ASN-33776,Generic,Uganda,28-Aug-15,31-Aug-15,600mg,Tablet,Yes,Invoiced Separately,Direct Drop,"Efavirenz 600mg, tablets, 30 Tabs",228.94,61751,194515.65,PMO - US,"Strides, Bangalore, India.",Efavirenz,3.15,7/28/15,SCMS-295010,FPQ-16569,07-06-15,ARV,114-UG-T30,28-Aug-15,Air,Adult,30,0.1,STRIDES ARCOLAB LIMITED,EXW,Weight Captured Separately
32973,ASN-33473,Isentress,South Africa,24-Jul-15,24-Jul-15,400mg,Tablet,No,Freight Included in Commodity Cost,Direct Drop,"Raltegravir 400mg [Isentress], tablets, 60 Tabs",2.03,30,1972.56,PMO - US,"MSD, Haarlem, NL",Raltegravir,65.75,10-09-14,SCMS-259078,FPQ-14942,09-11-14,ARV,116-ZA-T30,24-Jul-15,Truck,Adult,60,1.1,PHARMACY DIRECT,DDP,Weight Captured Separately
12041,DN-100,Generic,Rwanda,14-May-07,14-May-07,150mg,Tablet,No,See DN-100 (ID#:10823),From RDC,"Lamivudine 150mg, tablets, 60 Tabs",MIssing,1267,4193.77,PMO - US,"Ranbaxy, Paonta Shahib, India",Lamivudine,3.31,N/A - From RDC,SO-481,Pre-PQ Process,Pre-PQ Process,ARV,107-RW-T01,14-May-07,Air,Adult,60,0.06,SCMS from RDC,N/A - From RDC,See DN-100 (ID#:10823)
10953,DN-800,Crixivan,Nigeria,19-Jun-08,19-Jun-08,400mg,Capsule,Yes,5226.6,From RDC,"Indinavir 400mg [Crixivan], capsules, 180 Caps",1.6,20,1000.0,PMO - US,"MSD, Haarlem, NL",Indinavir,50.0,N/A - From RDC,SO-2726,Pre-PQ Process,Pre-PQ Process,ARV,112-NG-T01,19-Jun-08,Air,Adult,180,0.28,SCMS from RDC,N/A - From RDC,1024
82346,DN-1976,Generic,Nigeria,17-Aug-10,17-Aug-10,150/300/200mg,Tablet - FDC,Yes,6147.18,From RDC,"Lamivudine/Nevirapine/Zidovudine 150/200/300mg, tablets, 60 Tabs",775.06,32040,359488.8,PMO - US,"Aurobindo Unit III, India",Lamivudine/Nevirapine/Zidovudine,11.22,N/A - From RDC,SO-36932,FPQ-5688,5/27/10,ARV,151-NG-T30,31-Aug-10,Air Charter,Adult,60,0.19,SCMS from RDC,N/A - From RDC,4212
14542,ASN-9647,Generic,South Africa,04-Mar-11,04-Mar-11,10mg/ml,Oral solution,Yes,Freight Included in Commodity Cost,Direct Drop,"Lamivudine 10mg/ml, oral solution w/syringe, Bottle, 240 ml",41.36,6395,19185.0,PMO - US,"Aurobindo Unit III, India",Lamivudine,3.0,3/19/10,SCMS-68980,FPQ-5303,3/18/10,ARV,161-ZA-T30,24-Aug-10,Air,Pediatric,240,0.01,Aurobindo Pharma Limited,DDP,Weight Captured Separately
5194,ASN-4819,Ziagen,South Africa,21-Jul-09,21-Jul-09,300mg,Tablet - blister,No,Freight Included in Commodity Cost,Direct Drop,"Abacavir 300mg [Ziagen], tablets, Blister 6 x 10 Tabs",2.12,30,1081.8,PMO - US,GSK Ware (UK),Abacavir,36.06,06-05-09,SCMS-47050,Pre-PQ Process,Pre-PQ Process,ARV,116-ZA-T01,12-Oct-09,Truck,Adult,60,0.6,S. BUYS WHOLESALER,DDP,Weight Captured Separately
10548,DN-118,Generic,Nigeria,08-May-07,08-May-07,150/300+200mg,Tablet - FDC + co-blister,Yes,4104.5,From RDC,"Lamivudine/Zidovudine+Nevirapine 150/300+200mg, tablets, co-blister, 60+60 Tabs",MIssing,5661,116050.5,PMO - US,"Aspen-OSD, Port Elizabeth, SA",Lamivudine/Zidovudine+Nevirapine,20.5,N/A - From RDC,SO-343,Pre-PQ Process,Pre-PQ Process,ARV,112-NG-T01,08-May-07,MIssing,Adult,120,0.17,SCMS from RDC,N/A - From RDC,725
66062,ASN-33205,Aluvia,Vietnam,12-Aug-15,12-Aug-15,200/50mg,Tablet,Yes,Invoiced Separately,Direct Drop,"Lopinavir/Ritonavir 200/50mg [Aluvia], tablets, 120 Tabs",357.81,5000,304000.0,PMO - US,ABBVIE Ludwigshafen Germany,Lopinavir/Ritonavir,60.8,03-02-15,SCMS-277290,FPQ-15823,2/13/15,ARV,108-VN-T30,12-Aug-15,Air,Adult,120,0.51,ABBVIE LOGISTICS (FORMERLY ABBOTT LOGISTICS BV),FCA,Weight Captured Separately
63401,ASN-24273,Prezista,Uganda,14-Feb-14,19-Feb-14,300mg,Tablet,Yes,281.94,Direct Drop,"Darunavir 300mg [Prezista], tablets, 120 Tabs",37.4,454,30236.4,PMO - US,"Aspen-OSD, Port Elizabeth, SA",Darunavir,66.6,07-03-13,SCMS-192180,FPQ-12290,5/17/13,ARV,114-UG-T30,14-Feb-14,Air,Adult,120,0.55,ASPEN PHARMACARE,CIP,79
7129,ASN-2299,Retrovir,South Africa,14-May-08,14-May-08,10mg/ml,Oral solution,Yes,Freight Included in Commodity Cost,Direct Drop,"Zidovudine 10mg/ml [Retrovir], oral solution, Bottle, 200 ml",1.54,140,960.4,PMO - US,GSK Mississauga (Canada),Zidovudine,6.86,Date Not Captured,SCMS-23500,Pre-PQ Process,Pre-PQ Process,ARV,116-ZA-T01,20-Aug-08,Truck,Pediatric,200,0.03,S. BUYS WHOLESALER,DDP,Weight Captured Separately
12177,DN-642,Generic,Zambia,17-Mar-08,17-Mar-08,10mg/ml,Oral solution,Yes,37199.06,From RDC,"Lamivudine 10mg/ml, oral solution, Bottle, 240 ml",96.33,30563,60209.11,PMO - US,"Aurobindo Unit III, India",Lamivudine,1.97,N/A - From RDC,SO-979,Pre-PQ Process,Pre-PQ Process,ARV,110-ZM-T01,17-Mar-08,MIssing,Pediatric,240,0.01,SCMS from RDC,N/A - From RDC,10621
21037,ASN-10455,Isentress,Uganda,19-Apr-11,19-Apr-11,400mg,Tablet,Yes,99,Direct Drop,"Raltegravir 400mg [Isentress], tablets, 60 Tabs",8.3,55,5032.5,PMO - US,"MSD, Haarlem, NL",Raltegravir,91.5,1/21/11,SCMS-96930,FPQ-6918,01-06-11,ARV,114-UG-T30,19-Apr-11,Air,Adult,60,1.52,MERCK SHARP & DOHME IDEA GMBH (FORMALLY MERCK SHARP & DOHME B.V.),CIP,6
30784,ASN-9857,Generic,Dominican Republic,08-Mar-11,08-Mar-11,200/50mg,Tablet,Yes,16173.9,Direct Drop,"Lopinavir/Ritonavir 200/50mg, tablets, 120 Tabs",533.73,9242,323470.0,PMO - US,"Aurobindo Unit III, India",Lopinavir/Ritonavir,35.0,12-01-10,SCMS-93360,FPQ-6615,11-10-10,ARV,200-DO-T30,08-Mar-11,Air,Adult,120,0.29,Aurobindo Pharma Limited,EXW,2373
65050,ASN-22349,Determine,Nigeria,11-Nov-13,17-Nov-13,MIssing,Test kit,Yes,20705.23,Direct Drop,"HIV 1/2, Determine Complete HIV Kit, 100 Tests",338.65,3076,273764.0,PMO - US,"Alere Medical Co., Ltd.","HIV 1/2, Determine Complete HIV Kit",89.0,07-10-13,SCMS-196561,FPQ-12456,06-10-13,HRDT,133-NG-T30,07-Nov-13,Air,HIV test,100,0.89,"Orgenics, Ltd",EXW,1249
85991,DN-3289,Generic,Mozambique,13-Nov-13,02-Dec-13,200mg,Tablet,No,See DN-3289 (ID#:84844),From RDC,"Nevirapine 200mg, tablets, 60 Tabs",5.59,2000,4520.0,PMO - US,"Cipla, Goa, India",Nevirapine,2.26,N/A - From RDC,SO-44863,FPQ-11884,3/19/13,ARV,111-MZ-T30,13-Nov-13,Truck,Adult,60,0.04,SCMS from RDC,N/A - From RDC,See DN-3289 (ID#:84844)
5278,ASN-123,Generic,Zambia,20-Dec-06,20-Dec-06,200mg,Tablet,No,See ASN-123 (ID#:2685),Direct Drop,"Nevirapine 200mg, tablets, 60 Tabs",MIssing,33333,120332.13,PMO - US,"Aurobindo Unit III, India",Nevirapine,3.61,Date Not Captured,SCMS-163,Pre-PQ Process,Pre-PQ Process,ARV,110-ZM-T01,20-Dec-06,Air,Adult,60,0.06,Aurobindo Pharma Limited,EXW,See ASN-123 (ID#:2685)
11612,DN-865,Generic,Zambia,27-Aug-08,27-Aug-08,200mg,Tablet,Yes,6120.06,From RDC,"Nevirapine 200mg, tablets, 60 Tabs",241.75,44440,151096.0,PMO - US,"Aurobindo Unit III, India",Nevirapine,3.4,N/A - From RDC,SO-2489,Pre-PQ Process,Pre-PQ Process,ARV,110-ZM-T01,27-Aug-08,Truck,Adult,60,0.06,SCMS from RDC,N/A - From RDC,8276
84336,DN-3558,Generic,Mozambique,28-Mar-14,04-Apr-14,200mg,Tablet,No,See DN-3558 (ID#:83766),From RDC,"Nevirapine 200mg, tablets, 60 Tabs",3.09,1330,3005.8,PMO - US,Hetero Unit III Hyderabad IN,Nevirapine,2.26,N/A - From RDC,SO-47081,FPQ-13123,10/21/13,ARV,111-MZ-T30,15-Apr-14,Truck,Adult,60,0.04,SCMS from RDC,N/A - From RDC,See DN-3558 (ID#:83766)
84119,DN-2396,Generic,Zambia,09-Dec-11,09-Dec-11,200mg,Tablet,No,See DN-2396 (ID#:84117),From RDC,"Nevirapine 200mg, tablets, 60 Tabs",0.45,108,271.08,PMO - US,Hetero Unit III Hyderabad IN,Nevirapine,2.51,N/A - From RDC,SO-38743,FPQ-7085,02-03-11,ARV,110-ZM-T30,10-Dec-11,Truck,Adult,60,0.04,SCMS from RDC,N/A - From RDC,See DN-2396 (ID#:84117)
85632,DN-1482,Generic,CÃte dIvoire,20-Oct-09,20-Oct-09,10mg/ml,Oral solution,Yes,1668.76,From RDC,"Lamivudine 10mg/ml, oral solution, Bottle, 240 ml",3.05,819,1556.1,PMO - US,"Aurobindo Unit III, India",Lamivudine,1.9,N/A - From RDC,SO-33210,FPQ-3964,7/24/09,ARV,104-CI-T30,30-Oct-09,Air,Pediatric,240,0.01,SCMS from RDC,N/A - From RDC,284
37531,ASN-7507,Generic,South Africa,24-Aug-10,24-Aug-10,10mg/ml,Oral solution,Yes,3283.62,Direct Drop,"Lamivudine 10mg/ml, oral solution w/syringe, Bottle, 240 ml",20.59,3184,9552.0,PMO - US,"Aurobindo Unit III, India",Lamivudine,3.0,3/19/10,SCMS-68952,FPQ-5303,3/18/10,ARV,161-ZA-T30,24-Aug-10,Air,Pediatric,240,0.01,Aurobindo Pharma Limited,DDP,1205
35231,ASN-32122,Generic,South Africa,12-May-15,12-May-15,300mg,Tablet,No,Freight Included in Commodity Cost,Direct Drop,"Tenofovir Disoproxil Fumarate 300mg, tablets, 30 Tabs",0.43,30,414.5,PMO - US,Mylan (formerly Matrix) Nashik,Tenofovir Disoproxil Fumarate,13.82,05-11-15,SCMS-259075,FPQ-14942,09-11-14,ARV,116-ZA-T30,12-May-15,Truck,Adult,30,0.46,PHARMACY DIRECT,DDP,Weight Captured Separately
12471,DN-610,Generic,CÃte dIvoire,19-Feb-08,19-Feb-08,150/200/30mg,Tablet - FDC,Yes,6778.91,From RDC,"Lamivudine/Nevirapine/Stavudine 150/200/30mg, tablets, 60 Tabs",421.5,35600,263440.0,PMO - US,"Cipla, Goa, India",Lamivudine/Nevirapine/Stavudine,7.4,N/A - From RDC,SO-1284,Pre-PQ Process,Pre-PQ Process,ARV,104-CI-T01,05-Feb-08,Air,Adult,60,0.12,SCMS from RDC,N/A - From RDC,3731
16186,ASN-18971,Generic,Vietnam,16-May-13,16-May-13,150/300/200mg,Tablet - FDC,Yes,4461.72,Direct Drop,"Lamivudine/Nevirapine/Zidovudine 150/200/300mg, tablets, 60 Tabs",227.66,21858,184044.36,PMO - US,"Strides, Bangalore, India.",Lamivudine/Nevirapine/Zidovudine,8.42,11-07-12,SCMS-164660,FPQ-10811,10/15/12,ARV,108-VN-T30,16-May-13,Air,Adult,60,0.14,STRIDES ARCOLAB LIMITED,EXW,2777
11493,DN-451,Aluvia,CÃte dIvoire,17-Jan-08,17-Jan-08,200/50mg,Tablet,No,See DN-451 (ID#:11205),From RDC,"Lopinavir/Ritonavir 200/50mg [Aluvia], tablets, 120 Tabs",0.26,4,164.4,PMO - US,ABBVIE (Abbott) Logis. UK,Lopinavir/Ritonavir,41.1,N/A - From RDC,SO-1298,Pre-PQ Process,Pre-PQ Process,ARV,104-CI-T01,17-Jan-08,Air,Adult,120,0.34,SCMS from RDC,N/A - From RDC,See DN-451 (ID#:11205)
40791,ASN-13100,Generic,Vietnam,22-Dec-11,22-Dec-11,150mg,Tablet,Yes,5221.88,Direct Drop,"Lamivudine 150mg, tablets, 60 Tabs",90.56,23355,54884.25,PMO - US,"Strides, Bangalore, India.",Lamivudine,2.35,07-08-11,SCMS-113620,FPQ-7898,6/27/11,ARV,108-VN-T30,22-Dec-11,Air,Adult,60,0.04,STRIDES ARCOLAB LIMITED,EXW,1073
84566,DN-1837,Generic,Haiti,01-Jun-10,01-Jun-10,150/300mg,Tablet - FDC,No,See DN-1837 (ID#:83429),From RDC,"Lamivudine/Zidovudine 150/300mg, tablets, 60 Tabs",280.94,14875,130305.0,PMO - US,Mylan (formerly Matrix) Nashik,Lamivudine/Zidovudine,8.76,N/A - From RDC,SO-34660,FPQ-4384,10/23/09,ARV,106-HT-T30,31-May-10,Air,Adult,60,0.15,SCMS from RDC,N/A - From RDC,See DN-1837 (ID#:83429)
11975,DN-1240,Generic,Zambia,10-Jun-09,10-Jun-09,600mg,Tablet,Yes,10069.54,From RDC,"Efavirenz 600mg, tablets, 30 Tabs",2156,100000,1100000.0,PMO - US,Hetero Unit III Hyderabad IN,Efavirenz,11.0,N/A - From RDC,SO-17630,Pre-PQ Process,Pre-PQ Process,ARV,110-ZM-T01,10-Jun-09,Truck,Adult,30,0.37,SCMS from RDC,N/A - From RDC,7736
83677,DN-3121,Generic,Uganda,09-Aug-13,09-Aug-13,300/300mg,Tablet - FDC,Yes,6506.75,From RDC,"Lamivudine/Tenofovir Disoproxil Fumarate 300/300mg, tablets, 30 Tabs",178.4,30685,144219.5,PMO - US,Hetero Unit III Hyderabad IN,Lamivudine/Tenofovir Disoproxil Fumarate,4.7,N/A - From RDC,SO-43650,FPQ-10946,11-01-12,ARV,114-UG-T30,09-Aug-13,Air,Adult,30,0.16,SCMS from RDC,N/A - From RDC,5426
86381,DN-2191,Generic,Uganda,24-May-11,24-May-11,200mg,Tablet,No,See DN-2191 (ID#:82381),From RDC,"Nevirapine 200mg, tablets, 60 Tabs",43.49,10500,26355.0,PMO - US,"Strides, Bangalore, India.",Nevirapine,2.51,N/A - From RDC,SO-38810,FPQ-7162,2/14/11,ARV,114-UG-T30,11-May-11,Truck,Adult,60,0.04,SCMS from RDC,N/A - From RDC,See DN-2191 (ID#:82381)
82574,DN-3148,Generic,Nigeria,06-May-13,06-May-13,200mg,Tablet,Yes,21591.1,From RDC,"Nevirapine 200mg, tablets, 60 Tabs",159.98,57227,129333.02,PMO - US,"Strides, Bangalore, India.",Nevirapine,2.26,N/A - From RDC,SO-43842,FPQ-11022,11/15/12,ARV,151-NG-T30,21-May-13,Air Charter,Adult,60,0.04,SCMS from RDC,N/A - From RDC,4844
11856,DN-604,Generic,Zimbabwe,05-Mar-08,05-Mar-08,150/200/30mg,Tablet - FDC,No,See DN-604 (ID#:11527),From RDC,"Lamivudine/Nevirapine/Stavudine 150/200/30mg, tablets, 60 Tabs",440.92,37240,275576.0,PMO - US,"Cipla, Goa, India",Lamivudine/Nevirapine/Stavudine,7.4,N/A - From RDC,SO-711,Pre-PQ Process,Pre-PQ Process,ARV,100-ZW-T01,05-Mar-08,Air,Adult,60,0.12,SCMS from RDC,N/A - From RDC,See DN-604 (ID#:11527)
46860,ASN-8455,Generic,Vietnam,25-Oct-10,25-Oct-10,150/300/200mg,Tablet - FDC,Yes,10546.68,Direct Drop,"Lamivudine/Nevirapine/Zidovudine 150/200/300mg, tablets, 60 Tabs",569.18,24000,264000.0,PMO - US,"Strides, Bangalore, India.",Lamivudine/Nevirapine/Zidovudine,11.0,07-01-10,SCMS-77470,FPQ-5899,6/23/10,ARV,108-VN-T30,25-Oct-10,Air,Adult,60,0.18,STRIDES ARCOLAB LIMITED,EXW,2769
10846,DN-232,Generic,Guyana,18-Jul-07,18-Jul-07,300mg,Tablet,Yes,764.62,From RDC,"Zidovudine 300mg, tablets, 60 Tabs",2.73,209,1703.35,PMO - US,"Ranbaxy, Paonta Shahib, India",Zidovudine,8.15,N/A - From RDC,SO-693,Pre-PQ Process,Pre-PQ Process,ARV,105-GY-T01,18-Jul-07,Air,Adult,60,0.14,SCMS from RDC,N/A - From RDC,12
63174,ASN-16472,Generic,Haiti,20-Dec-12,20-Dec-12,300mg,Tablet,No,See ASN-16472 (ID#:20383),Direct Drop,"Abacavir 300mg, tablets, 60 Tabs",45.7,2610,32598.9,PMO - US,Mylan (formerly Matrix) Nashik,Abacavir,12.49,07-03-12,SCMS-148370,FPQ-9636,5/14/12,ARV,106-HT-T30,20-Dec-12,Ocean,Adult,60,0.21,MYLAN LABORATORIES LTD (FORMERLY MATRIX LABORATORIES),EXW,See ASN-16472 (ID#:20383)
12680,DN-322,Determine,Namibia,07-Sep-07,07-Sep-07,MIssing,Test kit,No,See DN-322 (ID#:10587),From RDC,"HIV 1/2, Determine Complete HIV Kit, 100 Tests",38.4,300,24000.0,PMO - US,ABBVIE GmbH & Co.KG Wiesbaden,"HIV 1/2, Determine Complete HIV Kit",80.0,N/A - From RDC,SO-884,Pre-PQ Process,Pre-PQ Process,HRDT,119-NA-T01,07-Sep-07,MIssing,HIV test,100,0.8,SCMS from RDC,N/A - From RDC,See DN-322 (ID#:10587)
19977,ASN-5372,Epivir,South Africa,21-Oct-09,21-Oct-09,10mg/ml,Oral solution,Yes,Freight Included in Commodity Cost,Direct Drop,"Lamivudine 10mg/ml [Epivir], oral solution, Bottle, 240 ml",13.07,1000,6669.31,PMO - US,GSK Mississauga (Canada),Lamivudine,6.67,10/15/09,SCMS-54980,FPQ-4359,10-08-09,ARV,116-ZA-T30,21-Oct-09,Truck,Pediatric,240,0.03,S. BUYS WHOLESALER,DDP,Weight Captured Separately
74915,ASN-11023,Generic,Vietnam,22-Jun-11,22-Jun-11,150/300mg,Tablet - FDC,No,See ASN-11023 (ID#:37963),Direct Drop,"Lamivudine/Zidovudine 150/300mg, tablets, 60 Tabs",271.3,19930,164422.5,PMO - US,Mylan (formerly Matrix) Nashik,Lamivudine/Zidovudine,8.25,2/15/11,SCMS-98050,FPQ-6818,1/17/11,ARV,108-VN-T30,22-Jun-11,Air,Adult,60,0.14,MYLAN LABORATORIES LTD (FORMERLY MATRIX LABORATORIES),EXW,See ASN-11023 (ID#:37963)
83470,DN-2066,Generic,Dominican Republic,14-Dec-10,14-Dec-10,300mg,Tablet,Yes,4996.2,From RDC,"Abacavir 300mg, tablets, 60 Tabs",80.57,3073,48829.97,PMO - US,Mylan (formerly Matrix) Nashik,Abacavir,15.89,N/A - From RDC,SO-38030,FPQ-6616,10/25/10,ARV,200-DO-T30,30-Nov-10,Air,Adult,60,0.26,SCMS from RDC,N/A - From RDC,594
19689,ASN-7106,Kaletra,South Africa,12-May-10,12-May-10,80/20mg/ml,Oral solution,Yes,Freight Included in Commodity Cost,Direct Drop,"Lopinavir/Ritonavir 80/20mg/ml [Kaletra], oral solution, cool, Bottle 5 x 60 ml",4.39,50,2037.29,PMO - US,ABBVIE (Abbott) Logis. UK,Lopinavir/Ritonavir,40.75,05-05-10,SCMS-72870,FPQ-5630,4/30/10,ARV,116-ZA-T30,12-May-10,Truck,Pediatric,300,0.14,S. BUYS WHOLESALER,DDP,Weight Captured Separately
83910,DN-4229,Generic,Nigeria,15-Apr-15,20-Apr-15,150/300/200mg,Tablet - FDC,No,See DN-4229 (ID#:83332),From RDC,"Lamivudine/Nevirapine/Zidovudine 150/200/300mg, tablets, 60 Tabs",1044.45,131607,1016006.04,PMO - US,Mylan (formerly Matrix) Nashik,Lamivudine/Nevirapine/Zidovudine,7.72,N/A - From RDC,SO-49933,FPQ-14989,9/19/14,ARV,151-NG-T30,30-Jun-15,Air Charter,Adult,60,0.13,SCMS from RDC,N/A - From RDC,See DN-4229 (ID#:83332)
71323,ASN-12469,Determine,Kenya,04-Nov-11,04-Nov-11,MIssing,Test kit,Yes,13336.64,Direct Drop,"HIV 1/2, Determine Complete HIV Kit, 100 Tests",1062.9,7238,644182.0,PMO - US,"Alere Medical Co., Ltd.","HIV 1/2, Determine Complete HIV Kit",89.0,8/28/11,SCMS-119190,FPQ-8155,08-05-11,HRDT,127-KE-T30,04-Nov-11,Air,HIV test,100,0.89,"Orgenics, Ltd",EXW,1246
84424,DN-4000,Generic,Nigeria,30-Oct-14,03-Nov-14,300mg,Tablet,Yes,1263,From RDC,"Zidovudine 300mg, tablets, 60 Tabs",42.55,7526,41393.0,PMO - US,"Aurobindo Unit III, India",Zidovudine,5.5,N/A - From RDC,SO-48906,FPQ-14156,4/25/14,ARV,151-NG-T30,28-Nov-14,Air Charter,Adult,60,0.09,SCMS from RDC,N/A - From RDC,507
86586,DN-3239,Generic,Nigeria,23-Jul-13,23-Jul-13,150/300/200mg,Tablet - FDC,No,Freight Included in Commodity Cost,From RDC,"Lamivudine/Nevirapine/Zidovudine 150/200/300mg, tablets, 60 Tabs",2653.09,249974,2144776.92,PMO - US,"Aurobindo Unit III, India",Lamivudine/Nevirapine/Zidovudine,8.58,N/A - From RDC,SO-44755,FPQ-11771,2/28/13,ARV,151-NG-T30,21-Aug-13,Air Charter,Adult,60,0.14,SCMS from RDC,N/A - From RDC,Weight Captured Separately
40555,ASN-6721,Aluvia,Tanzania,04-Jun-10,04-Jun-10,200/50mg,Tablet,Yes,Invoiced Separately,Direct Drop,"Lopinavir/Ritonavir 200/50mg [Aluvia], tablets, 120 Tabs",222.58,2855,103236.8,PMO - US,ABBVIE Ludwigshafen Germany,Lopinavir/Ritonavir,36.16,03-12-10,SCMS-66910,FPQ-5174,03-01-10,ARV,109-TZ-T30,11-Jun-10,Air,Adult,120,0.3,ABBVIE LOGISTICS (FORMERLY ABBOTT LOGISTICS BV),FCA,Weight Captured Separately
53665,ASN-25499,Kaletra,CÃte dIvoire,16-Apr-14,29-Apr-14,80/20mg/ml,Oral solution,Yes,5848.39,Direct Drop,"Lopinavir/Ritonavir 80/20mg/ml [Kaletra], oral solution, cool, Bottle 5 x 60 ml",19.01,600,18492.0,PMO - US,ABBVIE (Abbott) Logis. UK,Lopinavir/Ritonavir,30.82,03-03-14,SCMS-228900,FPQ-13629,1/31/14,ARV,104-CI-T30,16-Apr-14,Air,Pediatric,300,0.1,ABBVIE LOGISTICS (FORMERLY ABBOTT LOGISTICS BV),FCA,554
84435,DN-4044,Generic,Rwanda,24-Dec-14,31-Dec-14,30/50/60mg,Chewable/dispersible tablet - FDC,Yes,2232.42,From RDC,"Lamivudine/Nevirapine/Zidovudine 30/50/60mg, dispersible tablets, 60 Tabs",8.13,2196,7905.6,PMO - US,"Cipla, Goa, India",Lamivudine/Nevirapine/Zidovudine,3.6,N/A - From RDC,SO-49960,FPQ-14811,10/15/14,ARV,107-RW-T30,31-Jan-15,Truck,Pediatric,60,0.06,SCMS from RDC,N/A - From RDC,192
39708,ASN-5060,Norvir,CÃte dIvoire,23-Oct-09,23-Oct-09,100mg,Capsule,Yes,4901.51,Direct Drop,"Ritonavir 100mg [Norvir], capsules, cool, 4 x 84 Caps",22.56,300,11508.0,PMO - US,ABBVIE (Abbott) Logis. UK,Ritonavir,38.36,09-11-09,SCMS-52650,FPQ-3967,8/21/09,ARV,104-CI-T30,23-Oct-09,Air,Adult,336,0.11,ABBVIE LOGISTICS (FORMERLY ABBOTT LOGISTICS BV),FCA,546
84822,DN-3182,Generic,Mozambique,26-Jul-13,26-Jul-13,600/300/300mg,Tablet - FDC,No,Freight Included in Commodity Cost,From RDC,"Efavirenz/Lamivudine/Tenofovir Disoproxil Fumarate 600/300/300mg, tablets, 30 Tabs",91.67,7044,74102.88,PMO - US,Mylan (formerly Matrix) Nashik,Efavirenz/Lamivudine/Tenofovir Disoproxil Fumarate,10.52,N/A - From RDC,SO-43770,FPQ-11033,11-12-12,ARV,111-MZ-T30,26-Jul-13,Truck,Adult,30,0.35,SCMS from RDC,N/A - From RDC,Weight Captured Separately
85342,DN-3060,Generic,Guyana,15-Mar-13,15-Mar-13,150/300mg,Tablet - FDC,No,See DN-3060 (ID#:83121),From RDC,"Lamivudine/Zidovudine 150/300mg, tablets, 60 Tabs",4.38,487,3540.49,PMO - US,"Aurobindo Unit III, India",Lamivudine/Zidovudine,7.27,N/A - From RDC,SO-44520,FPQ-11546,1/28/13,ARV,105-GY-T30,18-Apr-13,Air,Adult,60,0.12,SCMS from RDC,N/A - From RDC,See DN-3060 (ID#:83121)
32508,ASN-30671,Generic,South Africa,12-Feb-15,12-Feb-15,50mg,Capsule,No,Freight Included in Commodity Cost,Direct Drop,"Efavirenz 50mg, capsule, 30 Caps",0.02,9,19.55,PMO - US,"Aurobindo Unit III, India",Efavirenz,2.17,02-12-15,SCMS-259073,FPQ-14942,09-11-14,ARV,116-ZA-T30,12-Feb-15,Truck,Pediatric,30,0.07,PHARMACY DIRECT,DDP,Weight Captured Separately
66578,ASN-16852,Determine,South Sudan,13-Dec-12,13-Dec-12,MIssing,Test kit - Ancillary,No,See ASN-16852 (ID#:25990),Direct Drop,"Chase Buffer, Determine, 100 Tests, 2.5ml x 1 Vial",1.67,238,1190.0,PMO - US,"Alere Medical Co., Ltd.","Chase Buffer, Determine, 100 Tests, 2.5ml x 1 Vial",5.0,8/21/12,SCMS-157880,FPQ-10504,8/15/12,HRDT,900-SS-T30,13-Dec-12,Air,HIV test - Ancillary,1,5.0,"Orgenics, Ltd",EXW,See ASN-16852 (ID#:25990)
46673,ASN-24433,Generic,South Africa,07-Feb-14,07-Feb-14,150/300mg,Tablet - FDC,No,Freight Included in Commodity Cost,Direct Drop,"Lamivudine/Zidovudine 150/300mg, tablets, 60 Tabs",7.66,189,6189.33,PMO - US,Hetero Unit III Hyderabad IN,Lamivudine/Zidovudine,32.75,8/13/13,SCMS-199280,FPQ-12522,07-11-13,ARV,116-ZA-T30,07-Feb-14,Truck,Adult,60,0.55,S. BUYS WHOLESALER,DDP,Weight Captured Separately
83287,DN-3954,Generic,"Congo, DRC",14-Apr-15,14-Apr-15,10mg/ml,Oral suspension,No,See DN-3954 (ID#:82743),From RDC,"Nevirapine 10mg/ml, oral suspension w/syringe, Bottle, 240 ml",0.92,590,890.9,PMO - US,"Aurobindo Unit III, India",Nevirapine,1.51,N/A - From RDC,SO-49310,FPQ-14576,7/14/14,ARV,101-CD-T30,14-Apr-15,Air,Pediatric,240,0.01,SCMS from RDC,N/A - From RDC,See DN-3954 (ID#:82743)
85572,DN-4178,Generic,Burundi,25-Mar-15,30-Mar-15,300/300mg,Tablet - FDC,No,See DN-4178 (ID#:84460),From RDC,"Lamivudine/Tenofovir Disoproxil Fumarate 300/300mg, tablets, 30 Tabs",1.3,240,1101.6,PMO - US,Ranbaxy per Shasun Pharma,Lamivudine/Tenofovir Disoproxil Fumarate,4.59,N/A - From RDC,SO-50280,FPQ-15406,11/19/14,ARV,102-BI-T30,29-May-15,Air,Adult,30,0.15,SCMS from RDC,N/A - From RDC,See DN-4178 (ID#:84460)
60439,ASN-5460,Generic,South Africa,29-Oct-09,29-Oct-09,300mg,Tablet,No,Freight Included in Commodity Cost,Direct Drop,"Zidovudine 300mg, tablets, 60 Tabs",39.41,770,20108.36,PMO - US,"Aurobindo Unit III, India",Zidovudine,26.11,9/22/09,SCMS-50370,FPQ-3596,05-07-09,ARV,116-ZA-T30,29-Oct-09,Truck,Adult,60,0.44,S. BUYS WHOLESALER,DDP,Weight Captured Separately
74337,ASN-24415,Generic,South Africa,06-Feb-14,06-Feb-14,600mg,Tablet,No,Freight Included in Commodity Cost,Direct Drop,"Efavirenz 600mg, tablets, 30 Tabs",42.4,2348,34277.51,PMO - US,"Aurobindo Unit III, India",Efavirenz,14.6,12-02-13,SCMS-215370,FPQ-13035,10-08-13,ARV,116-ZA-T30,06-Feb-14,Truck,Adult,30,0.49,S. BUYS WHOLESALER,DDP,Weight Captured Separately
68893,ASN-5446,Generic,South Africa,30-Sep-09,30-Sep-09,600mg,Tablet,No,Freight Included in Commodity Cost,Direct Drop,"Efavirenz 600mg, tablets, 30 Tabs",572.28,15328,291978.46,PMO - US,"Cipla, Goa, India",Efavirenz,19.05,7/21/09,SCMS-49631,FPQ-3560,05-07-09,ARV,116-ZA-T30,30-Sep-09,Truck,Adult,30,0.64,S. BUYS WHOLESALER,DDP,Weight Captured Separately
6488,ASN-4959,Coartem,Nigeria,27-Oct-09,27-Oct-09,20/120mg,Tablet - FDC + blister,Yes,14515.44,Direct Drop,"Artemether/Lumefantrine 20/120mg [Coartem], scored tablets, Blister 30 x 18 Tabs",138.02,2000,70420.0,PMO - US,"Novartis Pharma Suffern, USA",Artemether/Lumefantrine,35.21,04-10-09,SCMS-43910,Pre-PQ Process,Pre-PQ Process,ACT,123-NG-T01,27-Oct-09,Air,ACT,540,0.07,MISSIONPHARMA A/S,EXW,10
83526,DN-2324,Generic,Zimbabwe,19-Sep-11,19-Sep-11,200mg,Tablet,Yes,5479.15,From RDC,"Nevirapine 200mg, tablets, 60 Tabs",36.68,9073,22228.85,PMO - US,"Aurobindo Unit VII, IN",Nevirapine,2.45,N/A - From RDC,SO-38511,FPQ-7052,1/19/11,ARV,113-ZW-T30,30-Sep-11,Truck,Adult,60,0.04,SCMS from RDC,N/A - From RDC,1406
54312,ASN-27978,Generic,South Africa,27-Aug-14,27-Aug-14,200/300mg,Tablet - FDC,No,Freight Included in Commodity Cost,Direct Drop,"Emtricitabine/Tenofovir Disoproxil Fumarate 200/300mg, tablets, 30 Tabs",0.58,14,472.13,PMO - US,"Aurobindo Unit III, India",Emtricitabine/Tenofovir Disoproxil Fumarate,33.72,8/27/14,SCMS-199283,FPQ-12522,07-11-13,ARV,116-ZA-T30,27-Aug-14,Truck,Adult,30,1.12,S. BUYS WHOLESALER,DDP,Weight Captured Separately
11191,DN-410,Generic,Nigeria,04-Dec-07,04-Dec-07,200mg,Capsule,Yes,1161.13,From RDC,"Efavirenz 200mg, capsule, 90 Caps",10.24,400,6400.0,PMO - US,"Aurobindo Unit III, India",Efavirenz,16.0,N/A - From RDC,SO-1224,Pre-PQ Process,Pre-PQ Process,ARV,112-NG-T01,04-Dec-07,Air,Pediatric,90,0.18,SCMS from RDC,N/A - From RDC,38
84542,DN-1748,Generic,Nigeria,30-Mar-10,30-Mar-10,300mg,Tablet,Yes,Freight Included in Commodity Cost,From RDC,"Zidovudine 300mg, tablets, 60 Tabs",4.37,270,2025.0,PMO - US,Mylan (formerly Matrix) Nashik,Zidovudine,7.5,N/A - From RDC,SO-35094,FPQ-4537,11-06-09,ARV,151-NG-T30,19-Apr-10,Air Charter,Adult,60,0.12,SCMS from RDC,N/A - From RDC,15
84942,DN-3762,Generic,Tanzania,25-Sep-14,06-Oct-14,10mg/ml,Oral suspension,No,See DN-3762 (ID#:82685),From RDC,"Nevirapine 10mg/ml, oral suspension w/syringe, Bottle, 100 ml",45.77,28464,37003.2,PMO - US,"Aurobindo Unit III, India",Nevirapine,1.3,N/A - From RDC,SO-46701,FPQ-13042,10-01-13,ARV,109-TZ-T30,31-Jul-14,Air,Pediatric,100,0.01,SCMS from RDC,N/A - From RDC,See DN-3762 (ID#:82685)
83205,DN-3515,Generic,Uganda,17-Feb-14,04-Mar-14,60/30mg,Tablet - FDC,Yes,790.29,From RDC,"Abacavir/Lamivudine 60/30mg, tablets, 60 Tabs",7.15,1446,5784.0,PMO - US,"Aurobindo Unit III, India",Abacavir/Lamivudine,4.0,N/A - From RDC,SO-45500,FPQ-12253,05-08-13,ARV,114-UG-T30,31-Jan-14,Air,Pediatric,60,0.07,SCMS from RDC,N/A - From RDC,68
11351,DN-1395,Generic,Mozambique,07-Oct-09,07-Oct-09,600mg,Tablet,No,See DN-1395 (ID#:11350),From RDC,"Efavirenz 600mg, tablets, 30 Tabs",165.02,8662,84194.64,PMO - US,Mylan (formerly Matrix) Nashik,Efavirenz,9.72,N/A - From RDC,SO-32560,Pre-PQ Process,Date Not Captured,ARV,111-MZ-T01,07-Oct-09,Truck,Adult,30,0.32,SCMS from RDC,N/A - From RDC,See DN-1395 (ID#:11350)
85115,DN-1799,Generic,CÃte dIvoire,07-May-10,07-May-10,100mg,Capsule,No,See DN-1799 (ID#:84560),From RDC,"Zidovudine 100mg, capsules, 100 Caps",69.25,6636,32118.24,PMO - US,"Aurobindo Unit III, India",Zidovudine,4.84,N/A - From RDC,SO-35560,FPQ-4659,12-08-09,ARV,104-CI-T30,10-May-10,Air,Pediatric,100,0.05,SCMS from RDC,N/A - From RDC,See DN-1799 (ID#:84560)
82855,DN-1623,Generic,CÃte dIvoire,02-Feb-10,02-Feb-10,150/300mg,Tablet - FDC,Yes,7403.18,From RDC,"Lamivudine/Zidovudine 150/300mg, tablets, 60 Tabs",515.09,30000,262800.0,PMO - US,"Aurobindo Unit III, India",Lamivudine/Zidovudine,8.76,N/A - From RDC,SO-34400,FPQ-4378,10/15/09,ARV,104-CI-T30,09-Feb-10,Air,Adult,60,0.15,SCMS from RDC,N/A - From RDC,2715
2159,ASN-3553,Viramune,South Africa,09-Oct-08,09-Oct-08,10mg/ml,Oral suspension,No,Freight Included in Commodity Cost,Direct Drop,"Nevirapine 10mg/ml [Viramune], oral suspension, Bottle, 240 ml",1.06,40,540.4,PMO - US,"BI, Ingelheim, Germany",Nevirapine,13.51,Date Not Captured,SCMS-33320,Pre-PQ Process,Pre-PQ Process,ARV,116-ZA-T01,17-May-09,Truck,Pediatric,240,0.06,S. BUYS WHOLESALER,DDP,Weight Captured Separately
37887,ASN-7593,Generic,South Africa,13-Oct-10,13-Oct-10,300mg,Tablet,Yes,5404.34,Direct Drop,"Tenofovir Disoproxil Fumarate 300mg, tablets, 30 Tabs",1075.41,63785,498798.7,PMO - US,"Cipla, Goa, India",Tenofovir Disoproxil Fumarate,7.82,3/19/10,SCMS-68720,FPQ-5303,3/18/10,ARV,161-ZA-T30,19-Jul-10,Air,Adult,30,0.26,CIPLA LIMITED,DDP,4141
83848,DN-3968,Generic,Tanzania,17-Dec-14,18-Dec-14,30/50/60mg,Chewable/dispersible tablet - FDC,Yes,10506.44,From RDC,"Lamivudine/Nevirapine/Zidovudine 30/50/60mg, dispersible tablets, 60 Tabs",120.09,31153,116823.75,PMO - US,Mylan (formerly Matrix) Nashik,Lamivudine/Nevirapine/Zidovudine,3.75,N/A - From RDC,SO-47661,FPQ-13566,1/15/14,ARV,109-TZ-T30,30-Jan-15,Air,Pediatric,60,0.06,SCMS from RDC,N/A - From RDC,1739
86410,DN-2343,Generic,Zimbabwe,07-Oct-11,07-Oct-11,300/300mg,Tablet - FDC,No,See DN-2343 (ID#:82977),From RDC,"Lamivudine/Tenofovir Disoproxil Fumarate 300/300mg, tablets, 30 Tabs",137.34,10114,83238.22,PMO - US,Mylan (formerly Matrix) Nashik,Lamivudine/Tenofovir Disoproxil Fumarate,8.23,N/A - From RDC,SO-38512,FPQ-7052,1/19/11,ARV,113-ZW-T30,30-Sep-11,Truck,Adult,30,0.27,SCMS from RDC,N/A - From RDC,See DN-2343 (ID#:82977)
43526,ASN-28512,Determine,Uganda,13-Nov-14,13-Nov-14,MIssing,Test kit,Yes,14692.8,Direct Drop,"HIV 1/2, Determine Complete HIV Kit, 100 Tests",328.96,4000,320000.0,PMO - US,"Alere Medical Co., Ltd.","HIV 1/2, Determine Complete HIV Kit",80.0,09-04-14,SCMS-253250,FPQ-14628,7/23/14,HRDT,200-UG-T30,13-Nov-14,Air,HIV test,100,0.8,"Orgenics, Ltd",EXW,1624
85436,DN-3512,Generic,CÃte dIvoire,18-Feb-14,04-Mar-14,600/300/300mg,Tablet - FDC,Yes,18278.07,From RDC,"Efavirenz/Lamivudine/Tenofovir Disoproxil Fumarate 600/300/300mg, tablets, 30 Tabs",679.17,50510,549043.7,PMO - US,Hetero Unit III Hyderabad IN,Efavirenz/Lamivudine/Tenofovir Disoproxil Fumarate,10.87,N/A - From RDC,SO-45611,FPQ-12144,4/22/13,ARV,104-CI-T30,15-Feb-14,Truck,Adult,30,0.36,SCMS from RDC,N/A - From RDC,6766
11313,DN-1201,Generic,Nigeria,08-May-09,08-May-09,150/300/200mg,Tablet - FDC,Yes,15128.37,From RDC,"Lamivudine/Nevirapine/Zidovudine 150/200/300mg, tablets, 60 Tabs",1199.22,53671,611849.4,PMO - US,"Aurobindo Unit III, India",Lamivudine/Nevirapine/Zidovudine,11.4,N/A - From RDC,SO-22526,Pre-PQ Process,Pre-PQ Process,ARV,151-NG-T01,08-May-09,Air Charter,Adult,60,0.19,SCMS from RDC,N/A - From RDC,6024
10637,DN-459,Generic,Ethiopia,26-Nov-07,26-Nov-07,1mg/ml,Oral solution,Yes,8004,From RDC,"Stavudine 1mg/ml, powder for oral solution, 200 ml",16.34,7294,10211.6,PMO - US,"Aurobindo Unit III, India",Stavudine,1.4,N/A - From RDC,SO-1342,Pre-PQ Process,Pre-PQ Process,ARV,117-ET-T01,26-Nov-07,Air,Pediatric,200,0.01,SCMS from RDC,N/A - From RDC,753
11605,DN-898,Generic,Uganda,25-Sep-08,25-Sep-08,10mg/ml,Oral solution,Yes,7876.44,From RDC,"Zidovudine 10mg/ml, oral solution, Bottle, 240 ml",49.28,14668,30802.8,PMO - US,"Aurobindo Unit III, India",Zidovudine,2.1,N/A - From RDC,SO-10180,Pre-PQ Process,Pre-PQ Process,ARV,114-UG-T01,25-Sep-08,Air,Pediatric,240,0.01,SCMS from RDC,N/A - From RDC,5511
83115,DN-3038,Generic,Tanzania,15-Mar-13,15-Mar-13,300mg,Tablet,Yes,2035.84,From RDC,"Tenofovir Disoproxil Fumarate 300mg, tablets, 30 Tabs",10.04,1773,7162.92,PMO - US,Mylan (formerly Matrix) Nashik,Tenofovir Disoproxil Fumarate,4.04,N/A - From RDC,SO-43121,FPQ-10545,8/24/12,ARV,109-TZ-T30,01-Apr-13,Truck,Adult,30,0.13,SCMS from RDC,N/A - From RDC,116
22028,ASN-24716,Colloidal Gold,Rwanda,27-Mar-14,27-Mar-14,MIssing,Test kit,Yes,26266.34,Direct Drop,"HIV 1/2, SKB Colloidal Gold, Diagnostic Kit, Antibody, 50 Tests",90.56,2988,73206.0,PMO - US,"KHB Test Kit Facility, Shanghai China","HIV 1/2, Colloidal Gold, Diagnostic Kit, Antibody",24.5,08-12-13,SCMS-198222,FPQ-12518,6/21/13,HRDT,107-RW-T30,27-Mar-14,Air,HIV test,1,24.5,"SHANGHAI KEHUA BIOENGINEERING CO.,LTD.  (KHB)",EXW,1992
85196,DN-2292,Generic,Haiti,17-Jul-11,17-Jul-11,10mg/ml,Oral suspension,Yes,14661.14,From RDC,"Nevirapine 10mg/ml, oral suspension w/syringe, Bottle, 240 ml",13.03,3100,6045.0,PMO - US,"Aurobindo Unit III, India",Nevirapine,1.95,N/A - From RDC,SO-37770,FPQ-6484,10/13/10,ARV,106-HT-T30,22-Jul-11,Air,Pediatric,240,0.01,SCMS from RDC,N/A - From RDC,1156
83161,DN-3320,Generic,Nigeria,12-Sep-13,12-Sep-13,150/300/200mg,Tablet - FDC,Yes,34218.36,From RDC,"Lamivudine/Nevirapine/Zidovudine 150/200/300mg, tablets, 60 Tabs",2664.48,251047,2153983.26,PMO - US,Mylan (formerly Matrix) Nashik,Lamivudine/Nevirapine/Zidovudine,8.58,N/A - From RDC,SO-44750,FPQ-11771,2/28/13,ARV,151-NG-T30,20-Sep-13,Air Charter,Adult,60,0.14,SCMS from RDC,N/A - From RDC,36448
85712,DN-2028,Generic,Uganda,15-Oct-10,15-Oct-10,150/300/200mg,Tablet - FDC,Yes,15759.47,From RDC,"Lamivudine/Nevirapine/Zidovudine 150/200/300mg, tablets, 60 Tabs",725.71,30000,336600.0,PMO - US,"Aurobindo Unit III, India",Lamivudine/Nevirapine/Zidovudine,11.22,N/A - From RDC,SO-37270,FPQ-6202,08-06-10,ARV,102-UG-T30,29-Oct-10,Truck,Adult,60,0.19,SCMS from RDC,N/A - From RDC,4050
10877,DN-330,Generic,CÃte dIvoire,04-Sep-07,04-Sep-07,150/300mg,Tablet - FDC,No,See DN-330 (ID#:10612),From RDC,"Lamivudine/Zidovudine 150/300mg, tablets, 60 Tabs",170.88,10000,106800.0,PMO - US,"Aurobindo Unit III, India",Lamivudine/Zidovudine,10.68,N/A - From RDC,SO-843,Pre-PQ Process,Pre-PQ Process,ARV,104-CI-T01,04-Sep-07,MIssing,Adult,60,0.18,SCMS from RDC,N/A - From RDC,See DN-330 (ID#:10612)
11022,DN-988,Generic,CÃte dIvoire,01-Dec-08,01-Dec-08,150/300mg,Tablet - FDC,Yes,22758.49,From RDC,"Lamivudine/Zidovudine 150/300mg, tablets, 60 Tabs",591.12,32256,301593.6,PMO - US,"Aurobindo Unit III, India",Lamivudine/Zidovudine,9.35,N/A - From RDC,SO-11850,Pre-PQ Process,Pre-PQ Process,ARV,104-CI-T01,01-Dec-08,Air,Adult,60,0.16,SCMS from RDC,N/A - From RDC,5589
15298,ASN-32122,Generic,South Africa,12-May-15,12-May-15,400mg,Delayed-release capsules,No,Freight Included in Commodity Cost,Direct Drop,"Didanosine 400mg, delayed-release capsules, 30 Caps",0.1,7,99.53,PMO - US,"Aurobindo Unit III, India",Didanosine,14.22,05-11-15,SCMS-259075,FPQ-14942,09-11-14,ARV,116-ZA-T30,12-May-15,Truck,Adult,30,0.47,PHARMACY DIRECT,DDP,Weight Captured Separately
84578,DN-1930,Generic,Nigeria,28-Jun-10,28-Jun-10,600/200/300mg,Tablet - FDC,Yes,Freight Included in Commodity Cost,From RDC,"Efavirenz/Emtricitabine/Tenofovir Disoproxil Fumarate 600/200/300mg, tablets, 30 Tabs",2512.43,58500,1165320.0,PMO - US,Mylan (formerly Matrix) Nashik,Efavirenz/Emtricitabine/Tenofovir Disoproxil Fumarate,19.92,N/A - From RDC,SO-36420,FPQ-5023,02-10-10,ARV,151-NG-T30,15-Jul-10,Air,Adult,30,0.66,SCMS from RDC,N/A - From RDC,6433
84362,DN-3655,Generic,CÃte dIvoire,01-May-14,11-Jun-14,600/300mg,Tablet - FDC,No,See DN-3655 (ID#:83237),From RDC,"Abacavir/Lamivudine 600/300mg, scored tablets, 30 Tabs",6.8,489,6611.28,PMO - US,Mylan (formerly Matrix) Nashik,Abacavir/Lamivudine,13.52,N/A - From RDC,SO-47130,FPQ-13142,10/22/13,ARV,104-CI-T30,21-Apr-14,Truck,Adult,30,0.45,SCMS from RDC,N/A - From RDC,See DN-3655 (ID#:83237)
81197,ASN-5246,OraQuick,Botswana,23-Nov-09,23-Nov-09,MIssing,Test kit - Ancillary,Yes,337.89,Direct Drop,"#109435**HIV, OraQuick Controls Kit, 3 Vials",0.49,10,250.0,PMO - US,"Orasure Technologies, Inc USA","HIV, OraQuick Controls Kit, 3 Vials",25.0,9/30/09,SCMS-54160,FPQ-4167,09-09-09,HRDT,144-BW-T30,23-Nov-09,Air,HIV test - Ancillary,3,8.33,Orasure Technologies Inc.,EXW,6
85229,DN-2509,Generic,"Congo, DRC",13-Apr-12,13-Apr-12,300/300mg,Tablet - FDC,No,See DN-2509 (ID#:82441),From RDC,"Lamivudine/Tenofovir Disoproxil Fumarate 300/300mg, tablets, 30 Tabs",0.16,19,115.52,PMO - US,Mylan (formerly Matrix) Nashik,Lamivudine/Tenofovir Disoproxil Fumarate,6.08,N/A - From RDC,SO-41145,FPQ-8840,11/21/11,ARV,101-CD-T30,16-Mar-12,Air,Adult,30,0.2,SCMS from RDC,N/A - From RDC,See DN-2509 (ID#:82441)
85026,DN-4214,Generic,Uganda,22-Apr-15,24-Apr-15,300/300mg,Tablet - FDC,Yes,Freight Included in Commodity Cost,From RDC,"Lamivudine/Tenofovir Disoproxil Fumarate 300/300mg, tablets, 30 Tabs",63.93,13549,62189.91,PMO - US,"Cipla, Kurkumbh, India",Lamivudine/Tenofovir Disoproxil Fumarate,4.59,N/A - From RDC,SO-48995,FPQ-14396,06-04-14,ARV,114-UG-T30,30-Apr-15,Truck,Adult,30,0.15,SCMS from RDC,N/A - From RDC,1354
55206,ASN-15070,Determine,Pakistan,20-Jul-12,20-Jul-12,MIssing,Test kit,Yes,32272,Direct Drop,"HIV 1/2, Determine Complete HIV Kit, 100 Tests",502.93,4484,358720.0,PMO - US,"Alere Medical Co., Ltd.","HIV 1/2, Determine Complete HIV Kit",80.0,4/19/12,SCMS-143510,FPQ-9348,2/24/12,HRDT,110-PK-T30,20-Jul-12,Air,HIV test,100,0.8,"Orgenics, Ltd",EXW,2134
36596,ASN-33477,Generic,South Africa,24-Jul-15,24-Jul-15,600mg,Tablet,No,Freight Included in Commodity Cost,Direct Drop,"Efavirenz 600mg, tablets, 30 Tabs",0.45,39,439.52,PMO - US,"Aurobindo Unit III, India",Efavirenz,11.27,10-09-14,SCMS-259077,FPQ-14942,09-11-14,ARV,116-ZA-T30,24-Jul-15,Truck,Adult,30,0.38,PHARMACY DIRECT,DDP,Weight Captured Separately
24862,ASN-24415,Generic,South Africa,06-Feb-14,06-Feb-14,100/25mg,Tablet,No,Freight Included in Commodity Cost,Direct Drop,"Lopinavir/Ritonavir 100/25mg [Aluvia], tablets, 60 Tabs",0.12,17,98.29,PMO - US,ABBVIE Ludwigshafen Germany,Lopinavir/Ritonavir,5.78,12-02-13,SCMS-215370,FPQ-13035,10-08-13,ARV,116-ZA-T30,06-Feb-14,Truck,Pediatric,60,0.1,S. BUYS WHOLESALER,DDP,Weight Captured Separately
11456,DN-353,Generic,Zambia,14-Sep-07,14-Sep-07,1mg/ml,Oral solution,Yes,5181,From RDC,"Stavudine 1mg/ml, powder for oral solution, 200 ml",21,9050,13122.5,PMO - US,"Aurobindo Unit III, India",Stavudine,1.45,N/A - From RDC,SO-1072,Pre-PQ Process,Pre-PQ Process,ARV,110-ZM-T01,14-Sep-07,MIssing,Pediatric,200,0.01,SCMS from RDC,N/A - From RDC,1084
13900,ASN-21679,Determine,Cameroon,10-Oct-13,18-Oct-13,MIssing,Test kit,Yes,1090.87,Direct Drop,"HIV 1/2, Determine Kit without Lancets, Buffer or Caplillary Tubes, 100 Tests",10.71,120,8658.0,PMO - US,"Alere Medical Co., Ltd.","HIV 1/2, Determine Kit without Lancets, Buffer or Capillary Tubes, 100 Tests",72.15,08-06-13,SCMS-201930,FPQ-12659,7/26/13,HRDT,103-CM-T30,10-Oct-13,Air,HIV test,100,0.72,"Orgenics, Ltd",EXW,Weight Captured Separately
60357,ASN-22040,Determine,South Sudan,08-Nov-13,11-Nov-13,MIssing,Test kit - Ancillary,No,See ASN-22040 (ID#:45178),Direct Drop,"Chase Buffer, Determine, 100 Tests, 2.5ml x 1 Vial",1.3,210,1050.0,PMO - US,"Alere Medical Co., Ltd.","Chase Buffer, Determine, 100 Tests, 2.5ml x 1 Vial",5.0,08-05-13,SCMS-200910,FPQ-12623,7/18/13,HRDT,105-SS-T30,08-Nov-13,Air,HIV test - Ancillary,1,5.0,"Orgenics, Ltd",EXW,See ASN-22040 (ID#:45178)
11595,DN-1116,Generic,Zambia,17-Mar-09,17-Mar-09,600mg,Tablet,Yes,14041.17,From RDC,"Efavirenz 600mg, tablets, 30 Tabs",2156,100000,1100000.0,PMO - US,"Aurobindo Unit III, India",Efavirenz,11.0,N/A - From RDC,SO-17600,Pre-PQ Process,Pre-PQ Process,ARV,110-ZM-T01,17-Mar-09,Air,Adult,30,0.37,SCMS from RDC,N/A - From RDC,8645
86207,DN-4283,Generic,"Congo, DRC",07-Aug-15,27-Aug-15,600mg,Tablet,No,See DN-4283 (ID#:83912),From RDC,"Efavirenz 600mg, tablets, 30 Tabs",35.99,9800,30576.0,PMO - US,"Strides, Bangalore, India.",Efavirenz,3.12,N/A - From RDC,SO-51260,FPQ-16158,3/31/15,ARV,101-CD-T30,08-Jul-15,Air,Adult,30,0.1,SCMS from RDC,N/A - From RDC,See DN-4283 (ID#:83912)
79861,ASN-11777,Uni-Gold,Guyana,31-Aug-11,31-Aug-11,MIssing,Test kit,Yes,26710.2,Direct Drop,"HIV 1/2, Uni-Gold HIV Kit, 20 Tests",242.25,4588,146816.0,PMO - US,"Trinity Biotech, Plc","HIV 1/2, Uni-Gold HIV Kit",32.0,08-01-11,SCMS-115810,FPQ-8053,7/13/11,HRDT,102-GY-T30,31-Aug-11,Air,HIV test,20,1.6,"Trinity Biotech, Plc",EXW,1573
82910,DN-1982,Truvada,CÃte dIvoire,23-Aug-10,23-Aug-10,300/200mg,Tablet - FDC,Yes,12648.36,From RDC,"Emtricitabine/Tenofovir Disoproxil Fumarate 200/300mg [Truvada], tablets, 30 Tabs",113.19,2000,52500.0,PMO - US,"Aspen-OSD, Port Elizabeth, SA",Emtricitabine/Tenofovir Disoproxil Fumarate,26.25,N/A - From RDC,SO-36311,FPQ-5201,03-03-10,ARV,104-CI-T30,23-Aug-10,Air,Adult,30,0.88,SCMS from RDC,N/A - From RDC,6991
85477,DN-3719,Generic,Nigeria,09-May-14,23-May-14,30/50/60mg,Chewable/dispersible tablet - FDC,Yes,45180.63,From RDC,"Lamivudine/Nevirapine/Zidovudine 30/50/60mg, dispersible tablets, 60 Tabs",330.76,85800,321750.0,PMO - US,Mylan (formerly Matrix) Nashik,Lamivudine/Nevirapine/Zidovudine,3.75,N/A - From RDC,SO-47284,FPQ-13293,11/19/13,ARV,151-NG-T30,30-Jun-14,Air Charter,Pediatric,60,0.06,SCMS from RDC,N/A - From RDC,5605
81396,ASN-33614,Generic,Rwanda,27-Aug-15,27-Aug-15,300/100mg,Tablet,No,See ASN-33614 (ID#:36005),Direct Drop,"Atazanavir/Ritonavir 300/100mg, tablets, 30 Tabs",456.42,24666,443988.0,PMO - US,"Emcure Plot No.P-2, I.T-B.T. Park, Phase II, MIDC, Hinjwadi, Pune, India",Atazanavir/Ritonavir,18.0,12/15/14,SCMS-261783,FPQ-14813,10-09-14,ARV,107-RW-T30,27-Aug-15,Air,Adult,30,0.6,EMCURE PHARMACEUTICALS LTD,EXW,See ASN-33614 (ID#:36005)
77309,ASN-12835,Determine,Sudan,06-Jan-12,06-Jan-12,MIssing,Test kit,Yes,978.41,Direct Drop,"HIV 1/2, Determine Complete HIV Kit, 100 Tests",3.23,22,1958.0,PMO - US,"Alere Medical Co., Ltd.","HIV 1/2, Determine Complete HIV Kit",89.0,9/14/11,SCMS-120443,FPQ-8261,8/29/11,HRDT,102-SD-T30,06-Jan-12,Air,HIV test,100,0.89,"Orgenics, Ltd",EXW,11
84915,DN-3626,Generic,Guyana,14-Apr-14,06-Jun-14,150mg,Tablet,No,See DN-3626 (ID#:83781),From RDC,"Lamivudine 150mg, tablets, 60 Tabs",0.48,210,468.3,PMO - US,"Strides, Bangalore, India.",Lamivudine,2.23,N/A - From RDC,SO-47730,FPQ-13567,1/16/14,ARV,105-GY-T30,30-Jun-14,Air,Adult,60,0.04,SCMS from RDC,N/A - From RDC,See DN-3626 (ID#:83781)
51668,ASN-31331,Determine,South Sudan,03-Jun-15,05-Jun-15,MIssing,Test kit,Yes,Invoiced Separately,Direct Drop,"HIV 1/2, Determine Complete HIV Kit, 100 Tests",10.48,100,8900.0,PMO - US,"Alere Medical Co., Ltd.","HIV 1/2, Determine Complete HIV Kit",89.0,2/20/15,SCMS-272160,FPQ-15569,12/29/14,HRDT,105-SS-T30,03-Jun-15,Air,HIV test,100,0.89,"Orgenics, Ltd",EXW,Weight Captured Separately
6561,ASN-4822,Kaletra,South Africa,05-Aug-09,05-Aug-09,80/20mg/ml,Oral solution,Yes,Freight Included in Commodity Cost,Direct Drop,"Lopinavir/Ritonavir 80/20mg/ml [Kaletra], oral solution, cool, Bottle 5 x 60 ml",4.11,50,2099.0,PMO - US,ABBVIE (Abbott) Logis. UK,Lopinavir/Ritonavir,41.98,06-05-09,SCMS-46970,Pre-PQ Process,Pre-PQ Process,ARV,116-ZA-T01,28-Jul-09,Truck,Pediatric,300,0.14,S. BUYS WHOLESALER,DDP,Weight Captured Separately
1941,ASN-2438,Generic,Nigeria,15-Oct-08,15-Oct-08,MIssing,Test kit - Ancillary,Yes,24870.05,Direct Drop,"HIV, Lancet, Safety, for HIV Test kits, 100 Pcs",0.1,6502,65.02,PMO - US,Inverness Japan,"HIV, Lancet, Safety, for HIV Test kits, 100 Pcs",0.01,7/18/08,SCMS-27060,Pre-PQ Process,Pre-PQ Process,HRDT,133-NG-T01,15-Oct-08,Air,HIV test - Ancillary,100,0.0,"Orgenics, Ltd",EXW,1927
11870,DN-617,Determine,Guyana,21-Feb-08,21-Feb-08,MIssing,Test kit,No,See DN-617 (ID#:11236),From RDC,"HIV 1/2, Determine HIV Kit, without Lancets, 100 Tests",17.51,152,10942.48,PMO - US,Inverness Japan,"HIV 1/2, Determine HIV Kit, without Lancets",71.99,N/A - From RDC,SO-1004,Pre-PQ Process,Pre-PQ Process,HRDT,102-GY-T01,21-Feb-08,MIssing,HIV test,100,0.72,SCMS from RDC,N/A - From RDC,See DN-617 (ID#:11236)
86428,DN-2450,Generic,Nigeria,18-Dec-11,18-Dec-11,300mg,Tablet,Yes,15322.73,From RDC,"Tenofovir Disoproxil Fumarate 300mg, tablets, 30 Tabs",3.82,361,2317.62,PMO - US,Mylan (formerly Matrix) Nashik,Tenofovir Disoproxil Fumarate,6.42,N/A - From RDC,SO-40727,FPQ-7812,06-06-11,ARV,151-NG-T30,20-Dec-11,Air Charter,Adult,30,0.21,SCMS from RDC,N/A - From RDC,40
65291,ASN-15834,Uni-Gold,Ethiopia,28-Aug-12,28-Aug-12,MIssing,Test kit,Yes,911.32,Direct Drop,"HIV 1/2, Uni-Gold HIV Kit, 20 Tests",7.49,167,5344.0,PMO - US,"Trinity Biotech, Plc","HIV 1/2, Uni-Gold HIV Kit",32.0,1/23/12,SCMS-133530,FPQ-9098,01-10-12,HRDT,117-ET-T30,28-Aug-12,Air,HIV test,20,1.6,"Trinity Biotech, Plc",EXW,60
30982,ASN-13528,Determine,Rwanda,13-Feb-12,13-Feb-12,MIssing,Test kit,Yes,62458.88,Direct Drop,"HIV 1/2, Determine HIV Kit, without Lancets, 100 Tests",769.23,6000,466200.0,PMO - US,Inverness Japan,"HIV 1/2, Determine HIV Kit, without Lancets",77.7,8/29/11,SCMS-119641,FPQ-8263,8/19/11,HRDT,107-RW-T30,13-Feb-12,Air,HIV test,100,0.78,"Orgenics, Ltd",EXW,1362
11893,DN-634,Generic,Ethiopia,21-Mar-08,21-Mar-08,200mg,Tablet,No,See DN-634 (ID#:10972),From RDC,"Nevirapine 200mg, tablets, 60 Tabs",547.98,100731,342485.4,PMO - US,"Ranbaxy, Paonta Shahib, India",Nevirapine,3.4,N/A - From RDC,SO-1518,Pre-PQ Process,Pre-PQ Process,ARV,117-ET-T01,21-Mar-08,Air,Adult,60,0.06,SCMS from RDC,N/A - From RDC,See DN-634 (ID#:10972)
82696,DN-3801,Generic,Nigeria,20-Jun-14,25-Jun-14,150/300/200mg,Tablet - FDC,Yes,28812.57,From RDC,"Lamivudine/Nevirapine/Zidovudine 150/200/300mg, tablets, 60 Tabs",808.7,97000,786670.0,PMO - US,Mylan (formerly Matrix) Nashik,Lamivudine/Nevirapine/Zidovudine,8.11,N/A - From RDC,SO-47273,FPQ-13293,11/19/13,ARV,151-NG-T30,31-Jul-14,Air Charter,Adult,60,0.14,SCMS from RDC,N/A - From RDC,12823
83645,DN-2975,Generic,Zimbabwe,13-Dec-12,13-Dec-12,600mg,Tablet,No,See DN-2975 (ID#:82536),From RDC,"Efavirenz 600mg, tablets, 30 Tabs",1.26,252,897.12,PMO - US,"Emcure Plot No.P-2, I.T-B.T. Park, Phase II, MIDC, Hinjwadi, Pune, India",Efavirenz,3.56,N/A - From RDC,SO-43221,FPQ-10632,09-11-12,ARV,113-ZW-T30,21-Dec-12,Truck,Adult,30,0.12,SCMS from RDC,N/A - From RDC,See DN-2975 (ID#:82536)
11314,DN-1205,Generic,Haiti,19-May-09,19-May-09,200mg,Capsule,Yes,3133.23,From RDC,"Efavirenz 200mg, capsule, 90 Caps",12.56,420,6409.2,PMO - US,"Aurobindo Unit III, India",Efavirenz,15.26,N/A - From RDC,SO-24830,Pre-PQ Process,Pre-PQ Process,ARV,106-HT-T01,19-May-09,Air,Pediatric,90,0.17,SCMS from RDC,N/A - From RDC,199
82794,DN-4224,Generic,Zimbabwe,10-Apr-15,14-Apr-15,60/30mg,Tablet - FDC,Yes,225.79,From RDC,"Abacavir/Lamivudine 60/30mg, tablets, 60 Tabs",26.94,6634,26204.3,PMO - US,Mylan (formerly Matrix) Nashik,Abacavir/Lamivudine,3.95,N/A - From RDC,SO-50960,FPQ-13967,04-02-14,ARV,103-ZW-T30,30-Apr-15,Truck,Pediatric,60,0.07,SCMS from RDC,N/A - From RDC,6368
11032,DN-1169,Generic,Rwanda,27-Apr-09,27-Apr-09,200mg,Tablet,Yes,3366.98,From RDC,"Nevirapine 200mg, tablets, 60 Tabs",43.22,7350,22050.0,PMO - US,Hetero Unit III Hyderabad IN,Nevirapine,3.0,N/A - From RDC,SO-27300,Pre-PQ Process,Pre-PQ Process,ARV,107-RW-T01,27-Apr-09,Air,Adult,60,0.05,SCMS from RDC,N/A - From RDC,404
26131,ASN-16493,Uni-Gold,Zambia,17-Oct-12,17-Oct-12,MIssing,Test kit,Yes,15504.42,Direct Drop,"HIV 1/2, Uni-Gold HIV Kit, 20 Tests",192.19,3640,116480.0,PMO - US,"Trinity Biotech, Plc","HIV 1/2, Uni-Gold HIV Kit",32.0,9/19/11,SCMS-120583,FPQ-8315,8/31/11,HRDT,110-ZM-T30,17-Oct-12,Air,HIV test,20,1.6,"Trinity Biotech, Plc",EXW,1213
64660,ASN-20003,Generic,Guyana,01-Jul-13,01-Jul-13,50mg,Capsule,No,See ASN-20003 (ID#:38247),Direct Drop,"Efavirenz 50mg, capsule, 30 Caps",0.19,69,154.56,PMO - US,"Aurobindo Unit III, India",Efavirenz,2.24,5/23/13,SCMS-189030,FPQ-12057,4/15/13,ARV,105-GY-T30,01-Jul-13,Air,Pediatric,30,0.07,Aurobindo Pharma Limited,EXW,See ASN-20003 (ID#:38247)
85465,DN-3653,Generic,CÃte dIvoire,12-May-14,30-Jun-14,150/300/200mg,Tablet - FDC,Yes,11186.09,From RDC,"Lamivudine/Nevirapine/Zidovudine 150/200/300mg, tablets, 60 Tabs",248.44,24765,200844.15,PMO - US,"Strides, Bangalore, India.",Lamivudine/Nevirapine/Zidovudine,8.11,N/A - From RDC,SO-46401,FPQ-12800,08-09-13,ARV,104-CI-T30,30-Apr-14,Air,Adult,60,0.14,SCMS from RDC,N/A - From RDC,2666
83224,DN-3586,Generic,Haiti,24-Mar-14,06-May-14,300mg,Tablet,Yes,63922.3,From RDC,"Tenofovir Disoproxil Fumarate 300mg, tablets, 30 Tabs",0.25,60,242.4,PMO - US,Mylan (formerly Matrix) Nashik,Tenofovir Disoproxil Fumarate,4.04,N/A - From RDC,SO-47690,FPQ-13608,1/22/14,ARV,106-HT-T30,30-Mar-14,Air,Adult,30,0.13,SCMS from RDC,N/A - From RDC,6528
84716,DN-2609,Generic,Uganda,27-Mar-12,27-Mar-12,600/200/300mg,Tablet - FDC,Yes,6340.2,From RDC,"Efavirenz/Emtricitabine/Tenofovir Disoproxil Fumarate 600/200/300mg, tablets, 30 Tabs",277.99,11852,198283.96,PMO - US,Mylan (formerly Matrix) Nashik,Efavirenz/Emtricitabine/Tenofovir Disoproxil Fumarate,16.73,N/A - From RDC,SO-41640,FPQ-9354,2/20/12,ARV,114-UG-T30,21-Jun-12,Air,Adult,30,0.56,SCMS from RDC,N/A - From RDC,1342
41099,ASN-8174,Generic,South Africa,11-Oct-10,11-Oct-10,300mg,Tablet,Yes,5298.02,Direct Drop,"Tenofovir Disoproxil Fumarate 300mg, tablets, 30 Tabs",1403.39,83238,650921.16,PMO - US,"Cipla, Goa, India",Tenofovir Disoproxil Fumarate,7.82,3/19/10,SCMS-68740,FPQ-5303,3/18/10,ARV,161-ZA-T30,01-Sep-10,Air,Adult,30,0.26,CIPLA LIMITED,DDP,5663
12391,DN-315,Generic,CÃte dIvoire,24-Aug-07,24-Aug-07,150/30mg,Tablet - FDC,Yes,12438,From RDC,"Lamivudine/Stavudine 150/30mg, tablets, 30 Tabs",176.1,55032,110064.0,PMO - US,"Cipla, Goa, India",Lamivudine/Stavudine,2.0,N/A - From RDC,SO-844,Pre-PQ Process,Pre-PQ Process,ARV,104-CI-T01,24-Aug-07,MIssing,Adult,30,0.07,SCMS from RDC,N/A - From RDC,3673
21491,ASN-18883,Determine,Uganda,29-Apr-13,29-Apr-13,MIssing,Test kit,Yes,31917.19,Direct Drop,"HIV 1/2, Determine Complete HIV Kit, 100 Tests",292.62,2957,236560.0,PMO - US,"Alere Medical Co., Ltd.","HIV 1/2, Determine Complete HIV Kit",80.0,01-02-13,SCMS-171680,FPQ-11098,12/13/12,HRDT,114-UG-T30,29-Apr-13,Air,HIV test,100,0.8,"Orgenics, Ltd",EXW,1313
15867,ASN-13373,Generic,Rwanda,26-Jan-12,26-Jan-12,300/300mg,Tablet - FDC,Yes,28833.91,Direct Drop,"Lamivudine/Tenofovir Disoproxil Fumarate 300/300mg, tablets, 30 Tabs",309.67,41286,220880.1,PMO - US,"Aurobindo Unit VII, IN",Lamivudine/Tenofovir Disoproxil Fumarate,5.35,12/13/11,SCMS-129870,FPQ-8932,12-06-11,ARV,107-RW-T30,24-Jan-12,Air,Adult,30,0.18,Aurobindo Pharma Limited,EXW,4027
84725,DN-2682,Generic,Zimbabwe,10-May-12,10-May-12,150/200/30mg,Tablet - FDC,Yes,Invoiced Separately,From RDC,"Lamivudine/Nevirapine/Stavudine 150/200/30mg, tablets, 60 Tabs",31.41,4050,19035.0,PMO - US,"Strides, Bangalore, India.",Lamivudine/Nevirapine/Stavudine,4.7,N/A - From RDC,SO-40882,FPQ-8464,10-04-11,ARV,113-ZW-T30,14-Aug-12,Truck,Adult,60,0.08,SCMS from RDC,N/A - From RDC,Weight Captured Separately
55160,ASN-5451,Generic,South Africa,29-Oct-09,29-Oct-09,300mg,Tablet,Yes,Freight Included in Commodity Cost,Direct Drop,"Zidovudine 300mg, tablets, 60 Tabs",81.9,1600,41783.61,PMO - US,"Aurobindo Unit III, India",Zidovudine,26.11,9/22/09,SCMS-50360,FPQ-3596,05-07-09,ARV,116-ZA-T30,29-Oct-09,Truck,Adult,60,0.44,S. BUYS WHOLESALER,DDP,Weight Captured Separately
11511,DN-477,Bioline,Zimbabwe,11-Jan-08,11-Jan-08,MIssing,Test kit,Yes,4641.85,From RDC,"HIV 1/2, Bioline 3.0 Kit, Lancets, Capillary pipets, Alcohol swabs included, 25 Tests",112.26,3508,70160.0,PMO - US,"Standard Diagnostics, Korea","HIV 1/2, Bioline 3.0 Kit, Lancets, Capillary pipets, Alcohol swabs included",20.0,N/A - From RDC,SO-1439,Pre-PQ Process,Pre-PQ Process,HRDT,113-ZW-T01,11-Jan-08,Air,HIV test,25,0.8,SCMS from RDC,N/A - From RDC,1052
86487,DN-2710,Generic,Nigeria,03-Jun-12,03-Jun-12,300/300mg,Tablet - FDC,No,See DN-2710 (ID#:85273),From RDC,"Lamivudine/Tenofovir Disoproxil Fumarate 300/300mg, tablets, 30 Tabs",582.53,75000,415500.0,PMO - US,"Aurobindo Unit VII, IN",Lamivudine/Tenofovir Disoproxil Fumarate,5.54,N/A - From RDC,SO-42336,FPQ-9432,03-01-12,ARV,151-NG-T30,02-Aug-12,Air Charter,Adult,30,0.18,SCMS from RDC,N/A - From RDC,See DN-2710 (ID#:85273)
68281,ASN-32122,Generic,South Africa,12-May-15,12-May-15,250mg,Delayed-release capsules,No,Freight Included in Commodity Cost,Direct Drop,"Didanosine 250mg, delayed-release capsules, 30 Caps",0.06,5,55.08,PMO - US,"Aurobindo Unit III, India",Didanosine,11.02,05-11-15,SCMS-259075,FPQ-14942,09-11-14,ARV,116-ZA-T30,12-May-15,Truck,Adult,30,0.37,PHARMACY DIRECT,DDP,Weight Captured Separately
7032,ASN-1795,Generic,Vietnam,02-Jun-08,02-Jun-08,100mg,Capsule,Yes,2729.91,Direct Drop,"Zidovudine 100mg, capsules, 100 Caps",5.53,630,3458.7,PMO - US,"Aurobindo Unit III, India",Zidovudine,5.49,3/31/08,SCMS-20490,Pre-PQ Process,Pre-PQ Process,ARV,108-VN-T01,02-Jun-08,Air,Pediatric,100,0.05,Aurobindo Pharma Limited,EXW,48
60261,ASN-8349,Generic,Guyana,13-Oct-10,13-Oct-10,200/50mg,Tablet,Yes,Invoiced Separately,Direct Drop,"Lopinavir/Ritonavir 200/50mg, tablets, 120 Tabs",31.05,400,14400.0,PMO - US,"Aurobindo Unit III, India",Lopinavir/Ritonavir,36.0,9/17/10,SCMS-85580,FPQ-6308,9/13/10,ARV,105-GY-T30,13-Oct-10,Air,Adult,120,0.3,Aurobindo Pharma Limited,EXW,Weight Captured Separately
86372,DN-2143,Generic,Zambia,05-Apr-11,05-Apr-11,300mg,Tablet,No,See DN-2143 (ID#:84632),From RDC,"Abacavir 300mg, tablets, 60 Tabs",524.37,20000,317800.0,PMO - US,Mylan (formerly Matrix) Nashik,Abacavir,15.89,N/A - From RDC,SO-38050,FPQ-6677,11-08-10,ARV,110-ZM-T30,15-Apr-11,Truck,Adult,60,0.26,SCMS from RDC,N/A - From RDC,See DN-2143 (ID#:84632)
80070,ASN-11409,Generic,Vietnam,27-Jul-11,27-Jul-11,150/300/200mg,Tablet - FDC,Yes,9502.5,Direct Drop,"Lamivudine/Nevirapine/Zidovudine 150/200/300mg, tablets, 60 Tabs",210.43,11594,127534.0,PMO - US,Mylan (formerly Matrix) Nashik,Lamivudine/Nevirapine/Zidovudine,11.0,2/15/11,SCMS-98053,FPQ-6818,1/17/11,ARV,108-VN-T30,27-Jul-11,Air,Adult,60,0.18,MYLAN LABORATORIES LTD (FORMERLY MATRIX LABORATORIES),EXW,1615
83595,DN-2707,Generic,Nigeria,03-Jun-12,03-Jun-12,200/300mg,Tablet - FDC,Yes,17090,From RDC,"Emtricitabine/Tenofovir Disoproxil Fumarate 200/300mg, tablets, 30 Tabs",93.07,8257,66386.28,PMO - US,"Aurobindo Unit III, India",Emtricitabine/Tenofovir Disoproxil Fumarate,8.04,N/A - From RDC,SO-41258,FPQ-8952,12-08-11,ARV,151-NG-T30,20-Jun-12,Air Charter,Adult,30,0.27,SCMS from RDC,N/A - From RDC,814
12238,DN-1075,Viread,Tanzania,09-Mar-09,09-Mar-09,300mg,Tablet,Yes,1169.9,From RDC,"Tenofovir Disoproxil Fumarate 300mg [Viread], tablets, 30 Tabs",29.42,883,15011.0,PMO - US,"Aspen-OSD, Port Elizabeth, SA",Tenofovir Disoproxil Fumarate,17.0,N/A - From RDC,SO-18722,Pre-PQ Process,Pre-PQ Process,ARV,109-TZ-T01,09-Mar-09,Truck,Adult,30,0.57,SCMS from RDC,N/A - From RDC,70
82440,DN-2507,Generic,"Congo, DRC",11-Apr-12,11-Apr-12,300mg,Tablet,Yes,3436.14,From RDC,"Zidovudine 300mg, tablets, 60 Tabs",10.13,1029,7223.58,PMO - US,Hetero Unit III Hyderabad IN,Zidovudine,7.02,N/A - From RDC,SO-41143,FPQ-8840,11/21/11,ARV,101-CD-T30,16-Mar-12,Air,Adult,60,0.12,SCMS from RDC,N/A - From RDC,324
60702,ASN-30880,Stat-Pak,CÃte dIvoire,09-Apr-15,10-Apr-15,MIssing,Test kit,Yes,9253.44,Direct Drop,"HIV 1/2, Stat-Pak HIV, Kit, 20 Tests",87.57,2400,74400.0,PMO - US,Chembio Diagnostics Sys. Inc.,"HIV 1/2, Stat-Pak HIV, Kit",31.0,2/20/15,SCMS-272180,FPQ-15618,12/17/14,HRDT,104-CI-T30,09-Apr-15,Air,HIV test,20,1.55,"CHEMBIO DIAGNOSTIC SYSTEMS, INC.",EXW,678
12325,DN-1472,Generic,Ethiopia,29-Sep-09,29-Sep-09,150mg,Tablet,Yes,1489.4,From RDC,"Lamivudine 150mg, tablets, 60 Tabs",20.25,4234,10330.96,PMO - US,"Aurobindo Unit III, India",Lamivudine,2.44,N/A - From RDC,SO-33640,Pre-PQ Process,Date Not Captured,ARV,117-ET-T01,29-Sep-09,Air,Adult,60,0.04,SCMS from RDC,N/A - From RDC,212
44131,ASN-29764,Generic,South Africa,10-Dec-14,10-Dec-14,300mg,Tablet,No,Freight Included in Commodity Cost,Direct Drop,"Abacavir 300mg, tablets, 60 Tabs",5.9,82,5009.96,PMO - US,"Aurobindo Unit III, India",Abacavir,61.1,12-10-14,SCMS-267020,FPQ-15269,10/29/14,ARV,116-ZA-T30,10-Dec-14,Truck,Adult,60,1.02,S. BUYS WHOLESALER,DDP,Weight Captured Separately
77138,ASN-5454,Generic,South Africa,27-Oct-09,27-Oct-09,600mg,Tablet,No,Freight Included in Commodity Cost,Direct Drop,"Efavirenz 600mg, tablets, 30 Tabs",32.25,1000,16453.48,PMO - US,"Aurobindo Unit III, India",Efavirenz,16.45,9/22/09,SCMS-50360,FPQ-3596,05-07-09,ARV,116-ZA-T30,27-Oct-09,Truck,Adult,30,0.55,S. BUYS WHOLESALER,DDP,Weight Captured Separately
11072,DN-1486,Invirase,Lebanon,18-Nov-09,18-Nov-09,200mg,Capsule,Yes,Invoiced Separately,From RDC,"Saquinavir 200mg [Invirase], capsules, 270 Caps",0,200,2.0,PMO - US,Roche Basel,Saquinavir,0.01,N/A - From RDC,SO-33890,Pre-PQ Process,Date Not Captured,ARV,100-LB-T01,18-Nov-09,Air,Adult,270,0.0,SCMS from RDC,N/A - From RDC,Weight Captured Separately
79648,ASN-25473,Determine,Haiti,15-May-14,20-May-14,MIssing,Test kit,Yes,15230.88,Direct Drop,"HIV 1/2, Determine Complete HIV Kit, 100 Tests",411.2,4000,400000.0,PMO - US,"Alere Medical Co., Ltd.","HIV 1/2, Determine Complete HIV Kit",100.0,2/19/14,SCMS-225411,FPQ-13494,1/21/14,HRDT,106-HT-T30,15-May-14,Air,HIV test,100,1.0,"Orgenics, Ltd",EXW,1623
56167,ASN-7373,Ziagen,South Africa,31-May-10,31-May-10,300mg,Tablet - blister,No,Freight Included in Commodity Cost,Direct Drop,"Abacavir 300mg [Ziagen], tablets, Blister 6 x 10 Tabs",8.6,100,3988.5,PMO - US,GSK Ware (UK),Abacavir,39.88,4/21/10,SCMS-71370,FPQ-5535,4/19/10,ARV,116-ZA-T30,31-May-10,Truck,Adult,60,0.66,S. BUYS WHOLESALER,DDP,Weight Captured Separately
86392,DN-2247,Generic,CÃte dIvoire,26-Jun-11,26-Jun-11,10mg/ml,Oral solution,Yes,2503.33,From RDC,"Zidovudine 10mg/ml, oral solution w/syringe, Bottle, 240 ml",17.2,4965,10426.5,PMO - US,"Aurobindo Unit III, India",Zidovudine,2.1,N/A - From RDC,SO-39870,FPQ-6891,12/21/10,ARV,104-CI-T30,30-Jun-11,Air,Pediatric,240,0.01,SCMS from RDC,N/A - From RDC,1784
23584,ASN-5281,Crixivan,Uganda,17-Nov-09,17-Nov-09,400mg,Capsule,Yes,48,Direct Drop,"Indinavir 400mg [Crixivan], capsules, 180 Caps",4.7,48,2400.0,PMO - US,"MSD, Haarlem, NL",Indinavir,50.0,9/14/09,SCMS-52560,FPQ-3891,7/22/09,ARV,114-UG-T30,17-Nov-09,Air,Adult,180,0.28,MERCK SHARP & DOHME IDEA GMBH (FORMALLY MERCK SHARP & DOHME B.V.),CIP,11
86455,DN-2565,Generic,Nigeria,16-Feb-12,16-Feb-12,300/300mg,Tablet - FDC,Yes,25231.96,From RDC,"Lamivudine/Tenofovir Disoproxil Fumarate 300/300mg, tablets, 30 Tabs",235.05,27574,167649.92,PMO - US,Mylan (formerly Matrix) Nashik,Lamivudine/Tenofovir Disoproxil Fumarate,6.08,N/A - From RDC,SO-41450,FPQ-8952,12-08-11,ARV,151-NG-T30,20-Jun-12,Air Charter,Adult,30,0.2,SCMS from RDC,N/A - From RDC,2376
63438,ASN-22834,Generic,Tanzania,27-Dec-13,27-Dec-13,150/300/200mg,Tablet - FDC,Yes,50445.73,Direct Drop,"Lamivudine/Nevirapine/Zidovudine 150/200/300mg, tablets, 60 Tabs",806.75,80516,652179.6,PMO - US,"Cipla, Goa, India",Lamivudine/Nevirapine/Zidovudine,8.1,8/27/13,SCMS-198771,FPQ-12540,07-03-13,ARV,109-TZ-T30,27-Dec-13,Air,Adult,60,0.13,CIPLA LIMITED,EXW,11646
83560,DN-2504,Generic,"Congo, DRC",03-Apr-12,03-Apr-12,300/300mg,Tablet - FDC,No,See DN-2504 (ID#:83559),From RDC,"Lamivudine/Tenofovir Disoproxil Fumarate 300/300mg, tablets, 30 Tabs",0.07,8,48.64,PMO - US,Mylan (formerly Matrix) Nashik,Lamivudine/Tenofovir Disoproxil Fumarate,6.08,N/A - From RDC,SO-41140,FPQ-8840,11/21/11,ARV,101-CD-T30,16-Mar-12,Air,Adult,30,0.2,SCMS from RDC,N/A - From RDC,See DN-2504 (ID#:83559)
10776,DN-1280,Generic,Haiti,18-Jun-09,18-Jun-09,10mg/ml,Oral suspension,Yes,7789.88,From RDC,"Nevirapine 10mg/ml, oral suspension, Bottle, 240 ml",8.31,2208,4239.36,PMO - US,"Aurobindo Unit III, India",Nevirapine,1.92,N/A - From RDC,SO-24850,Pre-PQ Process,Pre-PQ Process,ARV,106-HT-T01,18-Jun-09,Air,Pediatric,240,0.01,SCMS from RDC,N/A - From RDC,827
84035,DN-1992,Generic,Nigeria,17-Aug-10,17-Aug-10,200mg,Tablet,Yes,6147.18,From RDC,"Nevirapine 200mg, tablets, 60 Tabs",204.83,34801,95006.73,PMO - US,"Aurobindo Unit III, India",Nevirapine,2.73,N/A - From RDC,SO-36467,FPQ-5023,02-10-10,ARV,151-NG-T30,12-Aug-10,Air Charter,Adult,60,0.05,SCMS from RDC,N/A - From RDC,3951
41500,ASN-6724,Generic,South Africa,01-Apr-10,01-Apr-10,30mg,Capsule,No,Freight Included in Commodity Cost,Direct Drop,"Stavudine 30mg, capsules, 60 Caps",11.98,1200,5558.6,PMO - US,"Aurobindo Unit III, India",Stavudine,4.63,3/25/10,SCMS-69590,FPQ-5381,3/23/10,ARV,116-ZA-T30,01-Apr-10,Truck,Adult,60,0.08,S. BUYS WHOLESALER,DDP,Weight Captured Separately
84826,DN-3202,Generic,Zambia,07-Jun-13,07-Jun-13,200mg,Tablet,Yes,11941.65,From RDC,"Nevirapine 200mg, tablets, 60 Tabs",335.47,120000,271200.0,PMO - US,"Aurobindo Unit III, India",Nevirapine,2.26,N/A - From RDC,SO-44476,FPQ-11553,1/28/13,ARV,110-ZM-T30,25-Jun-13,Truck,Adult,60,0.04,SCMS from RDC,N/A - From RDC,11419
51578,ASN-27976,Generic,South Africa,27-Aug-14,27-Aug-14,250mg,Delayed-release capsules,No,Freight Included in Commodity Cost,Direct Drop,"Didanosine 250mg, delayed-release capsules, 30 Caps",0.17,8,136.19,PMO - US,"Aurobindo Unit III, India",Didanosine,17.02,8/27/14,SCMS-199283,FPQ-12522,07-11-13,ARV,116-ZA-T30,27-Aug-14,Truck,Adult,30,0.57,S. BUYS WHOLESALER,DDP,Weight Captured Separately
82362,DN-2073,Generic,Haiti,05-Jan-11,05-Jan-11,10mg/ml,Oral solution,Yes,74839.9,From RDC,"Zidovudine 10mg/ml, oral solution, Bottle, 240 ml",16.86,3872,7821.44,PMO - US,"Aurobindo Unit III, India",Zidovudine,2.02,N/A - From RDC,SO-37760,FPQ-6484,10/13/10,ARV,106-HT-T30,20-Dec-10,Air,Pediatric,240,0.01,SCMS from RDC,N/A - From RDC,7755
12547,DN-1125,Truvada,Uganda,08-Apr-09,08-Apr-09,300/200mg,Tablet - FDC,No,See DN-1125 (ID#:11298),From RDC,"Emtricitabine/Tenofovir Disoproxil Fumarate 200/300mg [Truvada], tablets, 30 Tabs",16.88,328,8610.0,PMO - US,"Aspen-OSD, Port Elizabeth, SA",Emtricitabine/Tenofovir Disoproxil Fumarate,26.25,N/A - From RDC,SO-17754,Pre-PQ Process,Pre-PQ Process,ARV,114-UG-T01,08-Apr-09,Air,Adult,30,0.88,SCMS from RDC,N/A - From RDC,See DN-1125 (ID#:11298)
23750,ASN-22365,Uni-Gold,Tanzania,23-Dec-13,03-Jan-14,MIssing,Test kit,Yes,1002.35,Direct Drop,"HIV 1/2, Uni-Gold HIV Kit, 20 Tests",0.12,3,96.0,PMO - US,"Trinity Biotech, Plc","HIV 1/2, Uni-Gold HIV Kit",32.0,09-11-13,SCMS-205460,FPQ-11919,3/25/13,HRDT,109-TZ-T30,23-Dec-13,Air,HIV test,20,1.6,"Trinity Biotech, Plc",EXW,0
26208,ASN-19166,Generic,South Africa,16-Apr-13,16-Apr-13,600mg,Tablet,No,Freight Included in Commodity Cost,Direct Drop,"Efavirenz 600mg, tablets, 30 Tabs",444.16,22333,359064.74,South Africa Field Office,"Cipla, Goa, India",Efavirenz,16.08,Date Not Captured,SCMS-183950,FPQ-11828,3/18/13,ARV,116-ZA-T30,16-Apr-13,Truck,Adult,30,0.54,S. BUYS WHOLESALER,DDP,Weight Captured Separately
86302,DN-1812,Generic,Haiti,19-May-10,19-May-10,200mg,Tablet,Yes,25493.03,From RDC,"Nevirapine 200mg, tablets, 60 Tabs",151.4,26400,70224.0,PMO - US,"Strides, Bangalore, India.",Nevirapine,2.66,N/A - From RDC,SO-36190,FPQ-4384,10/23/09,ARV,106-HT-T30,17-May-10,Air,Adult,60,0.04,SCMS from RDC,N/A - From RDC,1456
46228,ASN-27095,Generic,Zimbabwe,30-Jul-14,31-Jul-14,30/60mg,Tablet - FDC,Yes,18232.17,Direct Drop,"Lamivudine/Zidovudine 30/60mg, tablets, 60 Tabs",98.45,48127,95772.73,PMO - US,Mylan (formerly Matrix) Nashik,Lamivudine/Zidovudine,1.99,5/16/14,SCMS-239220,FPQ-13969,04-08-14,ARV,103-ZW-T30,30-Jul-14,Air,Pediatric,60,0.03,MYLAN LABORATORIES LTD (FORMERLY MATRIX LABORATORIES),EXW,2383
85275,DN-2716,Generic,CÃte dIvoire,03-Jul-12,03-Jul-12,300/150/300mg,Tablet - FDC,No,See DN-2716 (ID#:83597),From RDC,"Abacavir/Lamivudine/Zidovudine 300/150/300mg, tablets, 60 Tabs",77.39,1840,55200.0,PMO - US,Mylan (formerly Matrix) Nashik,Abacavir/Lamivudine/Zidovudine,30.0,N/A - From RDC,SO-41182,FPQ-8790,11-11-11,ARV,104-CI-T30,16-Jul-12,Air,Adult,60,0.5,SCMS from RDC,N/A - From RDC,See DN-2716 (ID#:83597)
45723,ASN-22749,Determine,South Sudan,24-Jan-14,24-Jan-14,MIssing,Test kit - Ancillary,Yes,3256.76,Direct Drop,"Capillary Tubes, for Determine, EDTA, 50uL,100 Pcs",1.14,115,920.0,PMO - US,"Alere Medical Co., Ltd.","HIV, Capillary Tubes, for Determine, EDTA, 50uL,100 Pcs",8.0,08-05-13,SCMS-200911,FPQ-12623,7/18/13,HRDT,105-SS-T30,24-Jan-14,Air,HIV test - Ancillary,100,0.08,"Orgenics, Ltd",EXW,149
10791,DN-1388,Generic,CÃte dIvoire,28-Sep-09,28-Sep-09,300mg,Tablet,Yes,6087.84,From RDC,"Zidovudine 300mg, tablets, 60 Tabs",103.31,7000,52710.0,PMO - US,Hetero Unit III Hyderabad IN,Zidovudine,7.53,N/A - From RDC,SO-32840,Pre-PQ Process,Date Not Captured,ARV,104-CI-T01,28-Sep-09,Air,Adult,60,0.13,SCMS from RDC,N/A - From RDC,396
82458,DN-2581,Generic,South Sudan,08-Mar-12,08-Mar-12,150/300mg,Tablet - FDC,No,See DN-2581 (ID#:82457),From RDC,"Lamivudine/Zidovudine 150/300mg, tablets, 60 Tabs",2.9,250,2065.0,PMO - US,"Aurobindo Unit III, India",Lamivudine/Zidovudine,8.26,N/A - From RDC,SO-41080,FPQ-8624,11-04-11,ARV,900-SS-T30,21-Mar-12,Air,Adult,60,0.14,SCMS from RDC,N/A - From RDC,See DN-2581 (ID#:82457)
83374,DN-1493,Generic,Nigeria,20-Nov-09,20-Nov-09,600mg,Tablet,Yes,21641.75,From RDC,"Efavirenz 600mg, tablets, 30 Tabs",30.2,2666,15409.48,PMO - US,"Aurobindo Unit III, India",Efavirenz,5.78,N/A - From RDC,SO-32971,FPQ-4395,7/27/09,ARV,123-NG-T30,18-Dec-09,Air Charter,Adult,30,0.19,SCMS from RDC,N/A - From RDC,2889
46942,ASN-7959,Generic,South Africa,13-Oct-10,13-Oct-10,300mg,Tablet,Yes,2531.3,Direct Drop,"Abacavir 300mg, tablets, 60 Tabs",372.56,10000,172800.0,PMO - US,"Cipla, Patalganga, India",Abacavir,17.28,6/16/10,SCMS-75530,FPQ-5648,06-02-10,ARV,161-ZA-T30,13-Oct-10,Air,Adult,60,0.29,CIPLA LIMITED,DDP,1087
10886,DN-349,Invirase,CÃte dIvoire,12-Sep-07,12-Sep-07,200mg,Capsule,No,See DN-349 (ID#:10885),From RDC,"Saquinavir 200mg [Invirase], capsules, 270 Caps",66.18,526,41364.64,PMO - US,Roche Basel,Saquinavir,78.64,N/A - From RDC,SO-999,Pre-PQ Process,Pre-PQ Process,ARV,104-CI-T01,12-Sep-07,MIssing,Adult,270,0.29,SCMS from RDC,N/A - From RDC,See DN-349 (ID#:10885)
11327,DN-1250,Generic,Zambia,15-Jun-09,15-Jun-09,150/200/30mg,Tablet - FDC,No,See DN-1250 (ID#:10774),From RDC,"Lamivudine/Nevirapine/Stavudine 150/200/30mg, tablets, 60 Tabs",1325.74,95000,676400.0,PMO - US,"Cipla, Goa, India",Lamivudine/Nevirapine/Stavudine,7.12,N/A - From RDC,SO-30300,Pre-PQ Process,Pre-PQ Process,ARV,110-ZM-T01,15-Jun-09,Truck,Adult,60,0.12,SCMS from RDC,N/A - From RDC,See DN-1250 (ID#:10774)
32094,ASN-6341,Generic,Vietnam,01-Apr-10,01-Apr-10,600mg,Tablet,No,See ASN-6341 (ID#:29298),Direct Drop,"Efavirenz 600mg, tablets, 30 Tabs",227.68,23520,105604.8,PMO - US,Mylan (formerly Matrix) Nashik,Efavirenz,4.49,01-12-10,SCMS-62470,FPQ-4720,01-04-09,ARV,108-VN-T30,01-Apr-10,Air,Adult,30,0.15,MYLAN LABORATORIES LTD (FORMERLY MATRIX LABORATORIES),EXW,See ASN-6341 (ID#:29298)
65688,ASN-16350,Stat-Pak,Guyana,18-Sep-12,18-Sep-12,MIssing,Test kit,Yes,296.52,Direct Drop,"HIV 1/2, Stat-Pak HIV, Kit, 20 Tests",0.77,19,551.0,PMO - US,Chembio Diagnostics Sys. Inc.,"HIV 1/2, Stat-Pak HIV, Kit",29.0,7/26/12,SCMS-153860,FPQ-10249,07-05-12,HRDT,105-GY-T30,18-Sep-12,Air,HIV test,20,1.45,"CHEMBIO DIAGNOSTIC SYSTEMS, INC.",EXW,5
85041,DN-4307,Generic,Zimbabwe,15-Jul-15,20-Jul-15,30/60mg,Chewable/dispersible tablet - FDC,No,See DN-4307 (ID#:83920),From RDC,"Lamivudine/Zidovudine 30/60mg, dispersible tablets, 60 Tabs",6.42,2741,5454.59,PMO - US,"Mylan,  H-12 & H-13, India",Lamivudine/Zidovudine,1.99,N/A - From RDC,SO-50020,FPQ-15197,10/16/14,ARV,103-ZW-T30,31-Jul-15,Truck,Pediatric,60,0.03,SCMS from RDC,N/A - From RDC,See DN-4307 (ID#:83920)
55716,ASN-31070,Generic,South Africa,09-Mar-15,09-Mar-15,400mg,Delayed-release capsules,No,Freight Included in Commodity Cost,Direct Drop,"Didanosine 400mg, delayed-release capsules, 30 Caps",0.09,6,85.31,PMO - US,"Aurobindo Unit III, India",Didanosine,14.22,03-09-15,SCMS-259074,FPQ-14942,09-11-14,ARV,116-ZA-T30,09-Mar-15,Truck,Adult,30,0.47,PHARMACY DIRECT,DDP,Weight Captured Separately
85134,DN-1949,Generic,Uganda,02-Aug-10,02-Aug-10,200mg,Tablet,No,See DN-1949 (ID#:83444),From RDC,"Nevirapine 200mg, tablets, 60 Tabs",17.66,3000,8190.0,PMO - US,"Cipla, Goa, India",Nevirapine,2.73,N/A - From RDC,SO-36070,FPQ-5238,03-02-10,ARV,114-UG-T30,04-Aug-10,Air,Adult,60,0.05,SCMS from RDC,N/A - From RDC,See DN-1949 (ID#:83444)
85031,DN-4253,Generic,CÃte dIvoire,08-Jun-15,19-Jun-15,150/300mg,Tablet - FDC,No,See DN-4253 (ID#:83334),From RDC,"Lamivudine/Zidovudine 150/300mg, tablets, 60 Tabs",171.09,25526,166429.52,PMO - US,Hetero Unit III Hyderabad IN,Lamivudine/Zidovudine,6.52,N/A - From RDC,SO-49040,FPQ-14370,5/23/14,ARV,104-CI-T30,08-Jun-15,Truck,Adult,60,0.11,SCMS from RDC,N/A - From RDC,See DN-4253 (ID#:83334)
13903,ASN-24301,Generic,Tanzania,22-Mar-14,22-Mar-14,50mg,Capsule,Yes,3245.39,Direct Drop,"Efavirenz 50mg, capsule, 30 Caps",11.43,5925,9243.0,PMO - US,"Aurobindo Unit III, India",Efavirenz,1.56,10-08-13,SCMS-200851,FPQ-12588,7/15/13,ARV,109-TZ-T30,22-Mar-14,Air,Pediatric,30,0.05,Aurobindo Pharma Limited,EXW,394
86096,DN-3752,Generic,Mozambique,25-Jul-14,05-Sep-14,10mg/ml,Oral suspension,No,See DN-3752 (ID#:84373),From RDC,"Nevirapine 10mg/ml, oral suspension w/syringe, Bottle, 240 ml",76.57,45696,74484.48,PMO - US,"Aurobindo Unit III, India",Nevirapine,1.63,N/A - From RDC,SO-47092,FPQ-13123,10/21/13,ARV,111-MZ-T30,31-Jul-14,Truck,Pediatric,240,0.01,SCMS from RDC,N/A - From RDC,See DN-3752 (ID#:84373)
85736,DN-2102,Generic,Tanzania,28-Feb-11,28-Feb-11,100mg,Chewable/dispersible tablet,No,See DN-2102 (ID#:85176),From RDC,"Didanosine 100mg, chewable/dispersible tablets, 60 Tabs",10.4,625,4825.0,PMO - US,"Aurobindo Unit III, India",Didanosine,7.72,N/A - From RDC,SO-36610,FPQ-5436,04-01-10,ARV,109-TZ-T30,28-Feb-11,Air,Pediatric,60,0.13,SCMS from RDC,N/A - From RDC,See DN-2102 (ID#:85176)
85559,DN-4116,Generic,Zimbabwe,04-Feb-15,16-Feb-15,30/50/60mg,Chewable/dispersible tablet - FDC,Yes,12654.78,From RDC,"Lamivudine/Nevirapine/Zidovudine 30/50/60mg, dispersible tablets, 60 Tabs",783.18,203160,761850.0,PMO - US,Mylan (formerly Matrix) Nashik,Lamivudine/Nevirapine/Zidovudine,3.75,N/A - From RDC,SO-48432,FPQ-13967,04-02-14,ARV,103-ZW-T30,16-Feb-15,Truck,Pediatric,60,0.06,SCMS from RDC,N/A - From RDC,11353
84052,DN-2054,Generic,Zambia,25-Nov-10,25-Nov-10,150/200/30mg,Tablet - FDC,No,See DN-2054 (ID#:83465),From RDC,"Lamivudine/Nevirapine/Stavudine 150/200/30mg, tablets, 60 Tabs",428.03,36562,198531.66,PMO - US,"Cipla, Goa, India",Lamivudine/Nevirapine/Stavudine,5.43,N/A - From RDC,SO-37320,FPQ-6221,8/20/10,ARV,110-ZM-T30,31-Dec-10,Truck,Adult,60,0.09,SCMS from RDC,N/A - From RDC,See DN-2054 (ID#:83465)
85767,DN-2254,Generic,Zambia,11-Jul-11,11-Jul-11,150mg,Tablet,No,See DN-2254 (ID#:83508),From RDC,"Lamivudine 150mg, tablets, 60 Tabs",83.12,21621,50376.93,PMO - US,"Aurobindo Unit III, India",Lamivudine,2.33,N/A - From RDC,SO-38060,FPQ-6677,11-08-10,ARV,110-ZM-T30,15-Jul-11,Truck,Adult,60,0.04,SCMS from RDC,N/A - From RDC,See DN-2254 (ID#:83508)
1198,ASN-4659,Clearview,Namibia,01-Sep-09,01-Sep-09,MIssing,Test kit,Yes,401.97,Direct Drop,"HIV 1/2, Clearview Complete Kit, 25 Tests",9.85,67,5025.0,PMO - US,Chembio Diagnostics Sys. Inc.,"HIV 1/2, Clearview Complete Kit",75.0,5/18/09,SCMS-46120,Pre-PQ Process,Pre-PQ Process,HRDT,119-NA-T01,01-Sep-09,Air,HIV test,25,3.0,"Orgenics, Ltd",EXW,48
86650,DN-3510,Generic,CÃte dIvoire,15-Feb-14,04-Mar-14,200/50mg,Tablet,Yes,23701.58,From RDC,"Lopinavir/Ritonavir 200/50mg, tablets, 120 Tabs",517.82,20440,418611.2,PMO - US,Mylan (formerly Matrix) Nashik,Lopinavir/Ritonavir,20.48,N/A - From RDC,SO-45620,FPQ-12144,4/22/13,ARV,104-CI-T30,29-Jan-14,Truck,Adult,120,0.17,SCMS from RDC,N/A - From RDC,5450
45801,ASN-13564,INSTi,Kenya,08-Feb-12,08-Feb-12,MIssing,Test kit,Yes,836.14,Direct Drop,"HIV 1/2, INSTI HIV 1/2 Antibody Kit, 48 Tests",3.73,32,2657.28,PMO - US,bioLytical Laboratories,"HIV 1/2, INSTI HIV 1/2 Antibody Kit",83.04,1/19/12,SCMS-134430,FPQ-9127,1/13/12,HRDT,102-KE-T30,08-Feb-12,Air,HIV test,48,1.73,BIOLYTICAL LABORATORIES INC.,CIP,58
49957,ASN-5053,Generic,South Africa,05-Aug-09,05-Aug-09,50mg,Capsule,Yes,Freight Included in Commodity Cost,Direct Drop,"Efavirenz 50mg, capsule, 30 Caps",36.65,4910,18698.88,PMO - US,"Aurobindo Unit III, India",Efavirenz,3.81,7/21/09,SCMS-49680,FPQ-3560,05-07-09,ARV,116-ZA-T30,05-Aug-09,Truck,Pediatric,30,0.13,S. BUYS WHOLESALER,DDP,Weight Captured Separately
10723,DN-930,Generic,Haiti,06-Oct-08,06-Oct-08,10mg/ml,Oral solution,Yes,40301.65,From RDC,"Zidovudine 10mg/ml, oral solution, Bottle, 240 ml",30.87,9187,19292.7,PMO - US,"Aurobindo Unit III, India",Zidovudine,2.1,N/A - From RDC,SO-12160,Pre-PQ Process,Pre-PQ Process,ARV,106-HT-T01,06-Oct-08,Air,Pediatric,240,0.01,SCMS from RDC,N/A - From RDC,3435
86592,DN-3268,Generic,"Congo, DRC",08-Feb-14,11-Mar-14,200mg,Tablet,No,See DN-3268 (ID#:82595),From RDC,"Nevirapine 200mg, tablets, 60 Tabs",2.13,761,1719.86,PMO - US,"Aurobindo Unit III, India",Nevirapine,2.26,N/A - From RDC,SO-45020,FPQ-12033,04-08-13,ARV,101-CD-T30,27-Aug-13,Air,Adult,60,0.04,SCMS from RDC,N/A - From RDC,See DN-3268 (ID#:82595)
14286,ASN-22462,Stat-Pak,CÃte dIvoire,27-Nov-13,02-Dec-13,MIssing,Test kit,Yes,8263.16,Direct Drop,"HIV 1/2, Stat-Pak HIV, Kit, 20 Tests",68.16,1900,55100.0,PMO - US,Chembio Diagnostics Sys. Inc.,"HIV 1/2, Stat-Pak HIV, Kit",29.0,5/21/13,SCMS-190721,FPQ-12134,4/23/13,HRDT,104-CI-T30,27-Nov-13,Air,HIV test,20,1.45,"CHEMBIO DIAGNOSTIC SYSTEMS, INC.",EXW,550
12290,DN-1263,Generic,Nigeria,16-Jun-09,16-Jun-09,150/200/30mg,Tablet - FDC,No,See DN-1263 (ID#:11053),From RDC,"Lamivudine/Nevirapine/Stavudine 150/200/30mg, tablets, 60 Tabs",45.15,3235,23033.2,PMO - US,"Cipla, Goa, India",Lamivudine/Nevirapine/Stavudine,7.12,N/A - From RDC,SO-24482,Pre-PQ Process,Pre-PQ Process,ARV,123-NG-T01,16-Jun-09,Air Charter,Adult,60,0.12,SCMS from RDC,N/A - From RDC,See DN-1263 (ID#:11053)
11387,DN-193,Generic,CÃte dIvoire,28-Jun-07,28-Jun-07,15mg,Capsule,Yes,1619,From RDC,"Stavudine 15mg, capsules, 60 Caps",1.38,401,862.15,PMO - US,"Aurobindo Unit III, India",Stavudine,2.15,N/A - From RDC,SO-585,Pre-PQ Process,Pre-PQ Process,ARV,104-CI-T01,28-Jun-07,MIssing,Adult,60,0.04,SCMS from RDC,N/A - From RDC,235
84186,DN-2821,Generic,Nigeria,14-Aug-12,14-Aug-12,300/300mg,Tablet - FDC,No,See DN-2821 (ID#:83069),From RDC,"Lamivudine/Tenofovir Disoproxil Fumarate 300/300mg, tablets, 30 Tabs",186.36,24799,132922.64,PMO - US,"Cipla, Kurkumbh, India",Lamivudine/Tenofovir Disoproxil Fumarate,5.36,N/A - From RDC,SO-42937,FPQ-9432,03-01-12,ARV,151-NG-T30,31-Aug-12,Air,Adult,30,0.18,SCMS from RDC,N/A - From RDC,See DN-2821 (ID#:83069)
11568,DN-998,Generic,Uganda,15-Dec-08,15-Dec-08,200mg,Tablet,Yes,5698.01,From RDC,"Nevirapine 200mg, tablets, 60 Tabs",15.82,2523,8073.6,PMO - US,Hetero Unit III Hyderabad IN,Nevirapine,3.2,N/A - From RDC,SO-17770,Pre-PQ Process,Pre-PQ Process,ARV,114-UG-T01,15-Dec-08,Truck,Adult,60,0.05,SCMS from RDC,N/A - From RDC,585
83437,DN-1882,Generic,Nigeria,28-Jun-10,28-Jun-10,150/300/200mg,Tablet - FDC,Yes,Freight Included in Commodity Cost,From RDC,"Lamivudine/Nevirapine/Zidovudine 150/200/300mg, tablets, 60 Tabs",241.9,10000,112200.0,PMO - US,"Aurobindo Unit III, India",Lamivudine/Nevirapine/Zidovudine,11.22,N/A - From RDC,SO-36431,FPQ-5023,02-10-10,ARV,151-NG-T30,15-Jul-10,Air,Adult,60,0.19,SCMS from RDC,N/A - From RDC,1173
12214,DN-1046,Generic,CÃte dIvoire,10-Feb-09,10-Feb-09,150/30mg,Tablet - FDC,Yes,21821.95,From RDC,"Lamivudine/Stavudine 150/30mg, tablets, 60 Tabs",163.28,21360,83304.0,PMO - US,Mylan (formerly Matrix) Nashik,Lamivudine/Stavudine,3.9,N/A - From RDC,SO-16200,Pre-PQ Process,Pre-PQ Process,ARV,104-CI-T01,10-Feb-09,Air,Adult,60,0.06,SCMS from RDC,N/A - From RDC,1567
83411,DN-1739,Generic,Zimbabwe,31-Mar-10,31-Mar-10,150/300mg,Tablet - FDC,Yes,4170.65,From RDC,"Lamivudine/Zidovudine 150/300mg, tablets, 60 Tabs",226.64,12000,105120.0,PMO - US,"Aurobindo Unit III, India",Lamivudine/Zidovudine,8.76,N/A - From RDC,SO-36120,FPQ-5278,03-04-10,ARV,113-ZW-T30,27-May-10,Air,Adult,60,0.15,SCMS from RDC,N/A - From RDC,1088
33402,ASN-24648,Clearview,Mali,31-Mar-14,14-Apr-14,MIssing,Test kit,Yes,2445.68,Direct Drop,"HIV 1/2, Clearview Complete Kit, 25 Tests",15.04,154,14630.0,PMO - US,Chembio Diagnostics Sys. Inc.,"HIV 1/2, Clearview Complete Kit",95.0,1/22/14,SCMS-221932,FPQ-13391,12/16/13,HRDT,102-ML-T30,31-Mar-14,Air,HIV test,25,3.8,"Orgenics, Ltd",EXW,87
64371,ASN-30792,Generic,South Africa,19-Feb-15,19-Feb-15,250mg,Delayed-release capsules,No,Freight Included in Commodity Cost,Direct Drop,"Didanosine 250mg, delayed-release capsules, 30 Caps",0.05,3,45.74,PMO - US,"Aurobindo Unit III, India",Didanosine,15.25,05-08-14,SCMS-238550,FPQ-13973,4/30/14,ARV,116-ZA-T30,19-Feb-15,Truck,Adult,30,0.51,PHARMACY DIRECT,DDP,Weight Captured Separately
11252,DN-667,Uni-Gold,Kenya,26-Mar-08,26-Mar-08,MIssing,Test kit,No,See DN-667 (ID#:10967),From RDC,"HIV 1/2, Uni-Gold HIV Kit, 20 Tests",61.44,1200,38400.0,PMO - US,"Trinity Biotech, Plc","HIV 1/2, Uni-Gold HIV Kit",32.0,N/A - From RDC,SO-1390,Pre-PQ Process,Pre-PQ Process,HRDT,102-KE-T01,26-Mar-08,Truck,HIV test,20,1.6,SCMS from RDC,N/A - From RDC,See DN-667 (ID#:10967)
82887,DN-1838,Generic,Guyana,27-May-10,27-May-10,600mg,Tablet,Yes,5783.6,From RDC,"Efavirenz 600mg, tablets, 30 Tabs",36.91,3604,17119.0,PMO - US,"Aurobindo Unit III, India",Efavirenz,4.75,N/A - From RDC,SO-36700,FPQ-5599,4/28/10,ARV,105-GY-T30,07-Jun-10,Air,Adult,30,0.16,SCMS from RDC,N/A - From RDC,499
10959,DN-770,Generic,Zimbabwe,09-Jun-08,09-Jun-08,150/30mg,Tablet - FDC,Yes,3335.15,From RDC,"Lamivudine/Stavudine 150/30mg, tablets, 30 Tabs",5.12,1600,3200.0,PMO - US,"Cipla, Goa, India",Lamivudine/Stavudine,2.0,N/A - From RDC,SO-716,Pre-PQ Process,Pre-PQ Process,ARV,100-ZW-T01,09-Jun-08,Air,Adult,30,0.07,SCMS from RDC,N/A - From RDC,422
84298,DN-3371,Generic,CÃte dIvoire,22-Oct-13,19-Nov-13,200/50mg,Tablet,No,See DN-3371 (ID#:83174),From RDC,"Lopinavir/Ritonavir 200/50mg, tablets, 120 Tabs",162.85,6269,131649.0,PMO - US,Mylan (formerly Matrix) Nashik,Lopinavir/Ritonavir,21.0,N/A - From RDC,SO-44210,FPQ-11253,12/14/12,ARV,104-CI-T30,31-Oct-13,Truck,Adult,120,0.18,SCMS from RDC,N/A - From RDC,See DN-3371 (ID#:83174)
7728,ASN-3635,Generic,South Africa,05-Dec-08,05-Dec-08,50mg,Capsule,No,See ASN-3635 (ID#:3745),Direct Drop,"Efavirenz 50mg, capsule, 30 Caps",0.86,144,440.64,PMO - US,"Aurobindo Unit III, India",Efavirenz,3.06,Date Not Captured,SCMS-41050,Pre-PQ Process,Pre-PQ Process,ARV,116-ZA-T01,21-Apr-09,Air,Pediatric,30,0.1,S. BUYS WHOLESALER,DDP,See ASN-3635 (ID#:3745)
2785,ASN-639,Kaletra,Vietnam,10-Sep-07,10-Sep-07,80/20mg/ml,Oral solution,Yes,2326.1,Direct Drop,"Lopinavir/Ritonavir 80/20mg/ml [Kaletra], oral solution, cool, Bottle 5 x 60 ml",26.3,200,16440.0,PMO - US,ABBVIE (Abbott) Logis. UK,Lopinavir/Ritonavir,82.2,7/20/07,SCMS-10060,Pre-PQ Process,Pre-PQ Process,ARV,108-VN-T01,10-Sep-07,Air,Pediatric,300,0.27,ABBVIE LOGISTICS (FORMERLY ABBOTT LOGISTICS BV),FCA,340
84252,DN-3130,Generic,Nigeria,03-May-13,03-May-13,200/50mg,Tablet,Yes,14547.55,From RDC,"Lopinavir/Ritonavir 200/50mg, tablets, 120 Tabs",206.83,7677,167205.06,PMO - US,Mylan (formerly Matrix) Nashik,Lopinavir/Ritonavir,21.78,N/A - From RDC,SO-43843,FPQ-11022,11/15/12,ARV,151-NG-T30,21-May-13,Air Charter,Adult,120,0.18,SCMS from RDC,N/A - From RDC,16376
47559,ASN-8696,Generic,South Africa,04-Feb-11,04-Feb-11,50mg,Capsule,Yes,17819.74,Direct Drop,"Efavirenz 50mg, capsule, 30 Caps",506.66,100000,235000.0,PMO - US,"Aurobindo Unit III, India",Efavirenz,2.35,6/17/10,SCMS-75440,FPQ-5648,06-02-10,ARV,161-ZA-T30,04-Feb-11,Ocean,Pediatric,30,0.08,Aurobindo Pharma Limited,DDP,5634
1954,ASN-2854,Aluvia,Vietnam,02-Dec-08,02-Dec-08,200/50mg,Tablet,Yes,2709.98,Direct Drop,"Lopinavir/Ritonavir 200/50mg [Aluvia], tablets, 120 Tabs",69.92,434,35674.8,PMO - US,ABBVIE Ludwigshafen Germany,Lopinavir/Ritonavir,82.2,7/24/08,SCMS-27290,Pre-PQ Process,Pre-PQ Process,ARV,108-VN-T01,02-Dec-08,Air,Adult,120,0.68,ABBVIE LOGISTICS (FORMERLY ABBOTT LOGISTICS BV),FCA,113
21338,ASN-19166,Combivir,South Africa,16-Apr-13,16-Apr-13,150/300mg,Tablet - FDC,No,Freight Included in Commodity Cost,Direct Drop,"Lamivudine/Zidovudine 150/300mg [Combivir], tablets, 60 Tabs",0.92,39,746.32,South Africa Field Office,"GSK, U1, Poznan, Poland",Lamivudine/Zidovudine,19.14,Date Not Captured,SCMS-183950,FPQ-11828,3/18/13,ARV,116-ZA-T30,16-Apr-13,Truck,Adult,60,0.32,S. BUYS WHOLESALER,DDP,Weight Captured Separately
38157,ASN-13822,Determine,Mozambique,02-May-12,02-May-12,MIssing,Test kit,Yes,10925.46,Direct Drop,"HIV 1/2, Determine Complete HIV Kit, 100 Tests",149.56,1133,90640.0,PMO - US,"Alere Medical Co., Ltd.","HIV 1/2, Determine Complete HIV Kit",80.0,12/29/11,SCMS-130160,FPQ-8527,10-05-11,HRDT,111-MZ-T30,02-May-12,Air,HIV test,100,0.8,"Orgenics, Ltd",EXW,539
71773,ASN-18722,Determine,Uganda,29-Apr-13,29-Apr-13,MIssing,Test kit - Ancillary,Yes,1649.91,Direct Drop,"Capillary Tubes, for Determine, EDTA, 50uL,100 Pcs",0.99,100,800.0,PMO - US,"Alere Medical Co., Ltd.","HIV, Capillary Tubes, for Determine, EDTA, 50uL,100 Pcs",8.0,01-11-13,SCMS-173110,FPQ-11371,01-03-13,HRDT,114-UG-T30,29-Apr-13,Air,HIV test - Ancillary,100,0.08,"Orgenics, Ltd",EXW,74
10903,DN-409,Generic,Nigeria,16-Nov-07,16-Nov-07,50mg,Capsule,Yes,1616.04,From RDC,"Efavirenz 50mg, capsule, 30 Caps",0.36,100,224.0,PMO - US,"Aurobindo Unit III, India",Efavirenz,2.24,N/A - From RDC,SO-1221,Pre-PQ Process,Pre-PQ Process,ARV,112-NG-T01,16-Nov-07,Air,Pediatric,30,0.07,SCMS from RDC,N/A - From RDC,118
86189,DN-4218,Generic,Uganda,14-May-15,15-May-15,600mg,Tablet,No,See DN-4218 (ID#:83326),From RDC,"Efavirenz 600mg, tablets, 30 Tabs",0.01,2,6.24,PMO - US,"Strides, Bangalore, India.",Efavirenz,3.12,N/A - From RDC,SO-50050,FPQ-15294,11-03-14,ARV,114-UG-T30,15-Jun-15,Truck,Adult,30,0.1,SCMS from RDC,N/A - From RDC,See DN-4218 (ID#:83326)
11245,DN-639,Generic,Zambia,14-Mar-08,14-Mar-08,200mg,Tablet,Yes,6539.8,From RDC,"Nevirapine 200mg, tablets, 60 Tabs",150.48,27662,94050.8,PMO - US,Hetero Unit III Hyderabad IN,Nevirapine,3.4,N/A - From RDC,SO-1880,Pre-PQ Process,Pre-PQ Process,ARV,110-ZM-T01,14-Mar-08,Truck,Adult,60,0.06,SCMS from RDC,N/A - From RDC,4128
65132,ASN-6012,OraQuick,Botswana,01-Mar-10,01-Mar-10,MIssing,Test kit,Yes,1681.44,Direct Drop,"HIV 1/2, OraQuick Advance HIV Rapid Antibody Kit, 100 Tests",13.72,20,7000.0,PMO - US,"Pacific Biotech, Thailand","HIV 1/2, OraQuick Advance HIV Rapid Antibody Kit",350.0,3/25/09,SCMS-41840,FPQ-4207,03-10-09,HRDT,144-BW-T30,01-Mar-10,Air,HIV test,100,3.5,Orasure Technologies Inc.,EXW,48
24368,ASN-31826,Generic,Haiti,10-Jun-15,11-Jun-15,10mg/ml,Oral solution,Yes,12791.34,Direct Drop,"Zidovudine 10mg/ml, oral solution, Bottle, 240 ml",11.19,5730,10887.0,PMO - US,"Aurobindo Unit III, India",Zidovudine,1.9,1/20/15,SCMS-262930,FPQ-15038,10/22/14,ARV,106-HT-T30,10-Jun-15,Air,Pediatric,240,0.01,Aurobindo Pharma Limited,EXW,2254
82524,DN-2895,Generic,CÃte dIvoire,24-Oct-12,24-Oct-12,600/300mg,Tablet - FDC,Yes,8211.03,From RDC,"Abacavir/Lamivudine 600/300mg, scored tablets, 30 Tabs",78.86,2500,56250.0,PMO - US,"Aurobindo Unit III, India",Abacavir/Lamivudine,22.5,N/A - From RDC,SO-43280,FPQ-10626,09-06-12,ARV,104-CI-T30,14-Dec-12,Truck,Adult,30,0.75,SCMS from RDC,N/A - From RDC,2147
11522,DN-577,Viread,Ethiopia,07-Feb-08,07-Feb-08,300mg,Tablet,Yes,1628.18,From RDC,"Tenofovir Disoproxil Fumarate 300mg [Viread], tablets, 30 Tabs",119.52,4394,74698.0,PMO - US,"Aspen-OSD, Port Elizabeth, SA",Tenofovir Disoproxil Fumarate,17.0,N/A - From RDC,SO-1601,Pre-PQ Process,Pre-PQ Process,ARV,117-ET-T01,07-Feb-08,Air,Adult,30,0.57,SCMS from RDC,N/A - From RDC,317
29727,ASN-7496,Determine,Haiti,28-Jun-10,28-Jun-10,MIssing,Test kit,Yes,Freight Included in Commodity Cost,Direct Drop,"HIV 1/2, Determine Kit without Lancets, Buffer or Caplillary Tubes, 100 Tests",269.5,1000,125000.0,PMO - US,INVERNESS ANY,"HIV 1/2, Determine Kit without Lancets, Buffer or Capillary Tubes, 100 Tests",125.0,06-01-10,SCMS-74760,FPQ-5725,5/26/10,HRDT,106-HT-T30,28-Jun-10,Truck,HIV test,100,1.25,REINBOLD EXPORT IMPORT,DDU,Weight Captured Separately
2601,ASN-4837,Videx EC,South Africa,03-Aug-09,03-Aug-09,400mg,Delayed-release capsules - blister,Yes,Freight Included in Commodity Cost,Direct Drop,"Didanosine EC 400mg [Videx EC], delayed-release capsules, Blister 3 x 10 Caps",0.86,20,438.0,PMO - US,"BMS Meymac, France",Didanosine EC,21.9,06-05-09,SCMS-47051,Pre-PQ Process,Pre-PQ Process,ARV,116-ZA-T01,12-Oct-09,Truck,Adult,30,0.73,S. BUYS WHOLESALER,DDP,Weight Captured Separately
85462,DN-3648,Generic,Zambia,19-May-14,12-Jun-14,300/300mg,Tablet - FDC,No,See DN-3648 (ID#:84360),From RDC,"Lamivudine/Tenofovir Disoproxil Fumarate 300/300mg, tablets, 30 Tabs",590.78,123856,574691.84,PMO - US,Hetero Unit III Hyderabad IN,Lamivudine/Tenofovir Disoproxil Fumarate,4.64,N/A - From RDC,SO-47201,FPQ-13221,10/31/13,ARV,110-ZM-T30,06-May-14,Truck,Adult,30,0.15,SCMS from RDC,N/A - From RDC,See DN-3648 (ID#:84360)
86740,DN-3975,Generic,"Congo, DRC",18-Feb-15,23-Feb-15,150/300/200mg,Tablet - FDC,No,See DN-3975 (ID#:82748),From RDC,"Lamivudine/Nevirapine/Zidovudine 150/200/300mg, tablets, 60 Tabs",28.85,3460,28060.6,PMO - US,Mylan (formerly Matrix) Nashik,Lamivudine/Nevirapine/Zidovudine,8.11,N/A - From RDC,SO-49290,FPQ-14576,7/14/14,ARV,101-CD-T30,30-Jan-15,Air,Adult,60,0.14,SCMS from RDC,N/A - From RDC,See DN-3975 (ID#:82748)
83882,DN-4111,Generic,Zambia,19-Feb-15,20-Feb-15,600mg,Tablet,Yes,8265.26,From RDC,"Efavirenz 600mg, tablets, 30 Tabs",136.67,41416,132945.36,PMO - US,"Strides, Bangalore, India.",Efavirenz,3.21,N/A - From RDC,SO-49630,FPQ-14784,08-12-14,ARV,110-ZM-T30,31-Mar-15,Truck,Adult,30,0.11,SCMS from RDC,N/A - From RDC,7521
79232,ASN-7216,Generic,Rwanda,25-Jun-10,25-Jun-10,300/300mg,Tablet - FDC,Yes,73790.43,Direct Drop,"Lamivudine/Tenofovir Disoproxil Fumarate 300/300mg, tablets, 30 Tabs",1547.22,72091,789396.45,PMO - US,Mylan (formerly Matrix) Nashik,Lamivudine/Tenofovir Disoproxil Fumarate,10.95,8/31/09,SCMS-50270,FPQ-4011,7/16/09,ARV,107-RW-T30,25-Jun-10,Air,Adult,30,0.36,MYLAN LABORATORIES LTD (FORMERLY MATRIX LABORATORIES),CIP,6842
85137,DN-1984,Generic,CÃte dIvoire,23-Aug-10,23-Aug-10,150/30mg,Tablet - FDC,No,See DN-1984 (ID#:83453),From RDC,"Lamivudine/Stavudine 150/30mg, tablets, 60 Tabs",84.82,11994,39340.32,PMO - US,Mylan (formerly Matrix) Nashik,Lamivudine/Stavudine,3.28,N/A - From RDC,SO-36890,FPQ-5623,05-07-10,ARV,104-CI-T30,31-Aug-10,Air,Adult,60,0.05,SCMS from RDC,N/A - From RDC,See DN-1984 (ID#:83453)
36758,ASN-17494,Generic,Rwanda,30-Jan-13,30-Jan-13,300mg,Tablet,Yes,1276.53,Direct Drop,"Tenofovir Disoproxil Fumarate 300mg, tablets, 30 Tabs",3.53,672,2520.0,PMO - US,Hetero Unit III Hyderabad IN,Tenofovir Disoproxil Fumarate,3.75,10/17/12,SCMS-162540,FPQ-10752,10-03-12,ARV,107-RW-T30,30-Jan-13,Air,Adult,30,0.12,HETERO LABS LIMITED,EXW,55
6405,ASN-3732,Retrovir,South Africa,21-Jan-09,21-Jan-09,300mg,Tablet,No,Freight Included in Commodity Cost,Direct Drop,"Zidovudine 300mg [Retrovir], tablets, 60 Tabs",19.32,800,9856.0,PMO - US,GSK Aranda,Zidovudine,12.32,Date Not Captured,SCMS-41190,Pre-PQ Process,Pre-PQ Process,ARV,116-ZA-T01,30-Mar-09,Air,Adult,60,0.21,S. BUYS WHOLESALER,DDP,Weight Captured Separately
15788,ASN-31958,Determine,South Sudan,02-Jul-15,03-Jul-15,MIssing,Test kit - Ancillary,Yes,Invoiced Separately,Direct Drop,"Chase Buffer, Determine, 100 Tests, 2.5ml x 1 Vial",0.26,45,225.0,PMO - US,"Alere Medical Co., Ltd.","Chase Buffer, Determine, 100 Tests, 2.5ml x 1 Vial",5.0,2/20/15,SCMS-272170,FPQ-15569,12/29/14,HRDT,105-SS-T30,02-Jul-15,Air,HIV test - Ancillary,1,5.0,"Orgenics, Ltd",EXW,Weight Captured Separately
49225,ASN-6686,Generic,Vietnam,20-May-10,20-May-10,30mg,Capsule,Yes,2160.52,Direct Drop,"Stavudine 30mg, capsules, 60 Caps",48.84,15624,22654.8,PMO - US,"Aurobindo Unit III, India",Stavudine,1.45,1/14/10,SCMS-62500,FPQ-4720,01-04-09,ARV,108-VN-T30,20-May-10,Air,Adult,60,0.02,Aurobindo Pharma Limited,EXW,1056
75102,ASN-12991,Generic,South Africa,12-Jan-12,12-Jan-12,200mg,Tablet,Yes,5824.11,Direct Drop,"Nevirapine 200mg, tablets, 60 Tabs",24.06,5360,14579.2,PMO - US,"Cipla, Goa, India",Nevirapine,2.72,3/28/11,SCMS-104100,FPQ-7175,03-10-11,ARV,161-ZA-T30,12-Jan-12,Ocean,Adult,60,0.05,CIPLA LIMITED,DDP,583
81483,ASN-16914,Generic,Vietnam,12-Nov-12,12-Nov-12,300mg,Tablet,Yes,807.47,Direct Drop,"Zidovudine 300mg, tablets, 60 Tabs",4.86,525,3465.0,PMO - US,"Cipla, Goa, India",Zidovudine,6.6,8/15/12,SCMS-156150,FPQ-10286,7/25/12,ARV,108-VN-T30,12-Nov-12,Air,Adult,60,0.11,CIPLA LIMITED,EXW,34
85234,DN-2529,Generic,"Congo, DRC",22-Mar-12,22-Mar-12,150mg,Tablet,Yes,491.43,From RDC,"Lamivudine 150mg, tablets, 60 Tabs",0.24,73,170.09,PMO - US,Hetero Unit III Hyderabad IN,Lamivudine,2.33,N/A - From RDC,SO-41388,FPQ-8840,11/21/11,ARV,101-CD-T30,22-Mar-12,Air,Adult,60,0.04,SCMS from RDC,N/A - From RDC,5
15879,ASN-10070,Generic,Rwanda,27-Apr-11,27-Apr-11,300/300mg,Tablet - FDC,Yes,32530.22,Direct Drop,"Lamivudine/Tenofovir Disoproxil Fumarate 300/300mg, tablets, 30 Tabs",2150.72,117359,997551.5,PMO - US,Mylan (formerly Matrix) Nashik,Lamivudine/Tenofovir Disoproxil Fumarate,8.5,9/29/10,SCMS-84940,FPQ-6341,09-03-10,ARV,107-RW-T30,27-Apr-11,Ocean,Adult,30,0.28,MYLAN LABORATORIES LTD (FORMERLY MATRIX LABORATORIES),EXW,10329
54579,ASN-19166,Epivir,South Africa,16-Apr-13,16-Apr-13,150mg,Tablet,No,Freight Included in Commodity Cost,Direct Drop,"Lamivudine 150mg [Epivir], tablets, 60 Tabs",9.47,1021,7656.67,South Africa Field Office,GSK Ware (UK),Lamivudine,7.5,Date Not Captured,SCMS-183950,FPQ-11828,3/18/13,ARV,116-ZA-T30,16-Apr-13,Truck,Adult,60,0.12,S. BUYS WHOLESALER,DDP,Weight Captured Separately
36507,ASN-9407,Generic,Vietnam,09-Feb-11,09-Feb-11,300mg,Tablet,No,See ASN-9407 (ID#:17697),Direct Drop,"Zidovudine 300mg, tablets, 60 Tabs",7.55,504,3502.8,PMO - US,Hetero Unit III Hyderabad IN,Zidovudine,6.95,10/18/10,SCMS-87770,FPQ-6384,9/30/10,ARV,108-VN-T30,09-Feb-11,Air,Adult,60,0.12,HETERO LABS LIMITED,EXW,See ASN-9407 (ID#:17697)
60005,ASN-20859,Generic,Tanzania,24-Sep-13,24-Sep-13,150/300/200mg,Tablet - FDC,Yes,16066.92,Direct Drop,"Lamivudine/Nevirapine/Zidovudine 150/200/300mg, tablets, 60 Tabs",332.1,33022,268468.86,PMO - US,"Aurobindo Unit III, India",Lamivudine/Nevirapine/Zidovudine,8.13,7/16/13,SCMS-198780,FPQ-12540,07-03-13,ARV,109-TZ-T30,24-Sep-13,Air,Adult,60,0.14,Aurobindo Pharma Limited,EXW,4190
68126,ASN-13851,Determine,Tanzania,08-Mar-12,08-Mar-12,MIssing,Test kit,Yes,9894.85,Direct Drop,"HIV 1/2, Determine Complete HIV Kit, 100 Tests",117.1,1044,83520.0,PMO - US,"Alere Medical Co., Ltd.","HIV 1/2, Determine Complete HIV Kit",80.0,1/27/12,SCMS-135870,FPQ-9211,1/25/12,HRDT,109-TZ-T30,07-Mar-12,Air,HIV test,100,0.8,"Orgenics, Ltd",EXW,499
11144,DN-282,Generic,Mozambique,10-Oct-07,10-Oct-07,200mg,Capsule,Yes,3438.84,From RDC,"Efavirenz 200mg, capsule, 90 Caps",10.85,400,6780.0,PMO - US,"Aurobindo Unit III, India",Efavirenz,16.95,N/A - From RDC,SO-502,Pre-PQ Process,Pre-PQ Process,ARV,111-MZ-T01,10-Oct-07,Air,Pediatric,90,0.19,SCMS from RDC,N/A - From RDC,3340
71263,ASN-11489,Uni-Gold,Namibia,03-Aug-11,03-Aug-11,MIssing,Test kit,Yes,6897.71,Direct Drop,"HIV 1/2, Uni-Gold HIV Kit, 20 Tests",38.44,728,23296.0,PMO - US,"Trinity Biotech, Plc","HIV 1/2, Uni-Gold HIV Kit",32.0,5/31/11,SCMS-109950,FPQ-7679,05-12-11,HRDT,119-NA-T30,03-Aug-11,Air,HIV test,20,1.6,"Trinity Biotech, Plc",EXW,245
83275,DN-3907,Generic,Namibia,15-Sep-14,25-Sep-14,600mg,Tablet,No,See DN-3907 (ID#:82729),From RDC,"Efavirenz 600mg, tablets, 30 Tabs",96.91,29369,94274.49,PMO - US,"Cipla, Goa, India",Efavirenz,3.21,N/A - From RDC,SO-49560,FPQ-14670,7/30/14,ARV,901-NA-T30,30-Sep-14,Truck,Adult,30,0.11,SCMS from RDC,N/A - From RDC,See DN-3907 (ID#:82729)
465,ASN-2011,Generic,Nigeria,04-Jul-08,04-Jul-08,MIssing,Test kit - Ancillary,Yes,Invoiced Separately,Direct Drop,"HIV, Lancet, Safety, for HIV Test kits, 100 Pcs",0.09,5498,54.98,PMO - US,Inverness Japan,"HIV, Lancet, Safety, for HIV Test kits, 100 Pcs",0.01,Date Not Captured,SCMS-21540,Pre-PQ Process,Pre-PQ Process,HRDT,102-NG-T01,09-Jul-08,Air,HIV test - Ancillary,100,0.0,"Orgenics, Ltd",EXW,Weight Captured Separately
39088,ASN-23373,Generic,Nigeria,30-Dec-13,30-Dec-13,100/25mg,Tablet,Yes,6185.25,Direct Drop,"Lopinavir/Ritonavir 100/25mg [Aluvia], tablets, 60 Tabs",40.51,5513,32747.22,PMO - US,ABBVIE Ludwigshafen Germany,Lopinavir/Ritonavir,5.94,9/17/13,SCMS-206330,FPQ-12803,8/13/13,ARV,151-NG-T30,30-Dec-13,Air,Pediatric,60,0.1,ABBVIE LOGISTICS (FORMERLY ABBOTT LOGISTICS BV),FCA,640
83978,DN-1643,Generic,Zambia,05-Mar-10,05-Mar-10,200mg,Tablet,No,See DN-1643 (ID#:82293),From RDC,"Nevirapine 200mg, tablets, 60 Tabs",267.54,50000,136500.0,PMO - US,"Cipla, Goa, India",Nevirapine,2.73,N/A - From RDC,SO-33690,FPQ-4273,9/17/09,ARV,110-ZM-T30,15-Mar-10,Truck,Adult,60,0.05,SCMS from RDC,N/A - From RDC,See DN-1643 (ID#:82293)
36679,ASN-28033,Generic,South Africa,29-Aug-14,29-Aug-14,10mg/ml,Oral solution,No,Freight Included in Commodity Cost,Direct Drop,"Lamivudine 10mg/ml, oral solution w/syringe, Bottle, 240 ml",0.27,28,220.91,PMO - US,"Aurobindo Unit III, India",Lamivudine,7.89,8/29/14,SCMS-199289,FPQ-12522,07-11-13,ARV,116-ZA-T30,29-Aug-14,Truck,Pediatric,240,0.03,S. BUYS WHOLESALER,DDP,Weight Captured Separately
7991,ASN-280,Stat-Pak,Nigeria,15-Mar-07,15-Mar-07,MIssing,Test kit,Yes,11731.15,Direct Drop,"HIV 1/2, Stat-Pak HIV, Kit, 20 Tests",MIssing,5004,135108.0,PMO - US,Chembio Diagnostics Sys. Inc.,"HIV 1/2, Stat-Pak HIV, Kit",27.0,Date Not Captured,SCMS-344,Pre-PQ Process,Pre-PQ Process,HRDT,102-NG-T01,15-Mar-07,Air,HIV test,20,1.35,"CHEMBIO DIAGNOSTIC SYSTEMS, INC.",EXW,1531
9093,ASN-3984,Aluvia,Nigeria,20-May-09,20-May-09,200/50mg,Tablet,No,See ASN-3984 (ID#:2499),Direct Drop,"Lopinavir/Ritonavir 200/50mg [Aluvia], tablets, 120 Tabs",12.81,159,6534.9,PMO - US,ABBVIE Ludwigshafen Germany,Lopinavir/Ritonavir,41.1,04-01-09,SCMS-42830,Pre-PQ Process,Pre-PQ Process,ARV,112-NG-T01,20-May-09,Air,Adult,120,0.34,ABBVIE LOGISTICS (FORMERLY ABBOTT LOGISTICS BV),FCA,See ASN-3984 (ID#:2499)
84929,DN-3714,Generic,Rwanda,03-Jul-14,09-Jul-14,200mg,Tablet,Yes,11085.83,From RDC,"Nevirapine 200mg, tablets, 60 Tabs",83.83,30666,67771.86,PMO - US,Hetero Unit III Hyderabad IN,Nevirapine,2.21,N/A - From RDC,SO-45391,FPQ-12190,05-06-13,ARV,107-RW-T30,30-May-14,Truck,Adult,60,0.04,SCMS from RDC,N/A - From RDC,1878
84472,DN-4274,Generic,Nigeria,15-May-15,22-May-15,30/50/60mg,Chewable/dispersible tablet - FDC,Yes,16941,From RDC,"Lamivudine/Nevirapine/Zidovudine 30/50/60mg, dispersible tablets, 60 Tabs",414.49,112000,403200.0,PMO - US,"Strides, Bangalore, India.",Lamivudine/Nevirapine/Zidovudine,3.6,N/A - From RDC,SO-51422,FPQ-14989,9/19/14,ARV,151-NG-T30,30-Jun-15,Air Charter,Pediatric,60,0.06,SCMS from RDC,N/A - From RDC,6295
78184,ASN-11855,Generic,Vietnam,21-Sep-11,21-Sep-11,150/300mg,Tablet - FDC,No,See ASN-11855 (ID#:69871),Direct Drop,"Lamivudine/Zidovudine 150/300mg, tablets, 60 Tabs",131.93,9751,79958.2,PMO - US,Hetero Unit III Hyderabad IN,Lamivudine/Zidovudine,8.2,4/14/11,SCMS-105540,FPQ-7427,3/31/11,ARV,108-VN-T30,21-Sep-11,Air,Adult,60,0.14,HETERO LABS LIMITED,EXW,See ASN-11855 (ID#:69871)
86382,DN-2192,Generic,Uganda,24-May-11,24-May-11,150/300mg,Tablet - FDC,No,See DN-2192 (ID#:85184),From RDC,"Lamivudine/Zidovudine 150/300mg, tablets, 60 Tabs",202.98,14893,123016.18,PMO - US,"Aurobindo Unit III, India",Lamivudine/Zidovudine,8.26,N/A - From RDC,SO-39330,FPQ-7162,2/14/11,ARV,114-UG-T30,11-May-11,Truck,Adult,60,0.14,SCMS from RDC,N/A - From RDC,See DN-2192 (ID#:85184)
86279,DN-1706,Generic,Nigeria,31-Mar-10,31-Mar-10,200mg,Tablet,Yes,Freight Included in Commodity Cost,From RDC,"Nevirapine 200mg, tablets, 60 Tabs",23.24,3948,10778.04,PMO - US,"Aurobindo Unit III, India",Nevirapine,2.73,N/A - From RDC,SO-34896,FPQ-4537,11-06-09,ARV,151-NG-T30,19-Apr-10,Air Charter,Adult,60,0.05,SCMS from RDC,N/A - From RDC,380
10906,DN-430,Generic,Uganda,10-Dec-07,10-Dec-07,150/300/200mg,Tablet - FDC,Yes,1637,From RDC,"Lamivudine/Nevirapine/Zidovudine 150/200/300mg, tablets, 60 Tabs",35.64,1650,22275.0,PMO - US,"Aurobindo Unit III, India",Lamivudine/Nevirapine/Zidovudine,13.5,N/A - From RDC,SO-1085,Pre-PQ Process,Pre-PQ Process,ARV,114-UG-T01,10-Dec-07,Air,Adult,60,0.22,SCMS from RDC,N/A - From RDC,197
51883,ASN-17649,Determine,Nigeria,17-Jan-13,17-Jan-13,MIssing,Test kit,Yes,25577.2,Direct Drop,"HIV 1/2, Determine Complete HIV Kit, 100 Tests",342.39,2744,244216.0,PMO - US,"Alere Medical Co., Ltd.","HIV 1/2, Determine Complete HIV Kit",89.0,10/16/12,SCMS-162440,FPQ-10765,10-05-12,HRDT,133-NG-T30,09-Jan-13,Air,HIV test,100,0.89,"Orgenics, Ltd",EXW,1235
12180,DN-839,Generic,Zambia,20-Aug-08,20-Aug-08,150/200/30mg,Tablet - FDC,No,See DN-839 (ID#:10961),From RDC,"Lamivudine/Nevirapine/Stavudine 150/200/30mg, tablets, 60 Tabs",691.2,60000,432000.0,PMO - US,"Strides, Bangalore, India.",Lamivudine/Nevirapine/Stavudine,7.2,N/A - From RDC,SO-2550,Pre-PQ Process,Pre-PQ Process,ARV,110-ZM-T01,20-Aug-08,Truck,Adult,60,0.12,SCMS from RDC,N/A - From RDC,See DN-839 (ID#:10961)
83966,DN-1521,Generic,Zambia,11-Nov-09,11-Nov-09,150mg,Tablet,Yes,4234.42,From RDC,"Lamivudine 150mg, tablets, 60 Tabs",79.1,16539,40355.16,PMO - US,"Aurobindo Unit III, India",Lamivudine,2.44,N/A - From RDC,SO-33190,FPQ-4029,08-05-09,ARV,110-ZM-T30,30-Nov-09,Air,Adult,60,0.04,SCMS from RDC,N/A - From RDC,796
86663,DN-3594,Generic,Tanzania,17-Apr-14,28-Apr-14,200mg,Tablet,Yes,1231.6,From RDC,"Efavirenz 200mg, scored tablets, 90 Tabs",1.55,135,1255.5,PMO - US,"Strides, Bangalore, India.",Efavirenz,9.3,N/A - From RDC,SO-44994,FPQ-12015,04-02-13,ARV,109-TZ-T30,30-Apr-14,Truck,Pediatric,90,0.1,SCMS from RDC,N/A - From RDC,8
85382,DN-3258,Generic,Zambia,30-Jul-13,30-Jul-13,300mg,Tablet,No,See DN-3258 (ID#:83706),From RDC,"Abacavir 300mg, tablets, 60 Tabs",86.73,5410,70113.6,PMO - US,"Aurobindo Unit III, India",Abacavir,12.96,N/A - From RDC,SO-45061,FPQ-12066,4/19/13,ARV,110-ZM-T30,06-Sep-13,Truck,Adult,60,0.22,SCMS from RDC,N/A - From RDC,See DN-3258 (ID#:83706)
10711,DN-1143,Generic,Uganda,02-Apr-09,02-Apr-09,150/300mg,Tablet - FDC,Yes,5401.95,From RDC,"Lamivudine/Zidovudine 150/300mg, tablets, 60 Tabs",64.23,3505,32771.75,PMO - US,"Aurobindo Unit III, India",Lamivudine/Zidovudine,9.35,N/A - From RDC,SO-17760,Pre-PQ Process,Pre-PQ Process,ARV,114-UG-T01,02-Apr-09,Air,Adult,60,0.16,SCMS from RDC,N/A - From RDC,6556
86680,DN-3690,Generic,Tanzania,21-Jun-14,01-Jul-14,300mg,Tablet,Yes,1811.6,From RDC,"Abacavir 300mg, tablets, 60 Tabs",37.6,2707,30399.61,PMO - US,Mylan (formerly Matrix) Nashik,Abacavir,11.23,N/A - From RDC,SO-47961,FPQ-13042,10-01-13,ARV,109-TZ-T30,30-May-14,Truck,Adult,60,0.19,SCMS from RDC,N/A - From RDC,263
12015,DN-1471,Generic,Ethiopia,06-Oct-09,06-Oct-09,150mg,Tablet,Yes,4311.22,From RDC,"Lamivudine 150mg, tablets, 60 Tabs",21.52,4500,10980.0,PMO - US,Mylan (formerly Matrix) Nashik,Lamivudine,2.44,N/A - From RDC,SO-33630,Pre-PQ Process,Date Not Captured,ARV,117-ET-T01,06-Oct-09,Air,Adult,60,0.04,SCMS from RDC,N/A - From RDC,658
9252,ASN-43,Determine,Zambia,30-Sep-06,30-Sep-06,MIssing,Test kit,Yes,2829.61,Direct Drop,"HIV 1/2, Determine Complete HIV Kit, 100 Tests",MIssing,1250,100000.0,PMO - US,ABBVIE GmbH & Co.KG Wiesbaden,"HIV 1/2, Determine Complete HIV Kit",80.0,Date Not Captured,SCMS-61,Pre-PQ Process,Pre-PQ Process,HRDT,110-ZM-T01,30-Sep-06,Air,HIV test,100,0.8,Abbott GmbH & Co. KG,EXW,428
83373,DN-1452,Generic,Nigeria,20-Oct-09,20-Oct-09,150/300mg,Tablet - FDC,No,See DN-1452 (ID#:82272),From RDC,"Lamivudine/Zidovudine 150/300mg, tablets, 60 Tabs",7.25,422,3696.72,PMO - US,Mylan (formerly Matrix) Nashik,Lamivudine/Zidovudine,8.76,N/A - From RDC,SO-32260,FPQ-3815,5/26/09,ARV,154-NG-T30,30-Oct-09,Air Charter,Adult,60,0.15,SCMS from RDC,N/A - From RDC,See DN-1452 (ID#:82272)
84779,DN-2952,Generic,Uganda,02-Feb-13,02-Feb-13,150/300mg,Tablet - FDC,No,See DN-2952 (ID#:82537),From RDC,"Lamivudine/Zidovudine 150/300mg, tablets, 60 Tabs",16.07,1485,11464.2,PMO - US,Mylan (formerly Matrix) Nashik,Lamivudine/Zidovudine,7.72,N/A - From RDC,SO-43160,FPQ-10556,8/30/12,ARV,114-UG-T30,02-Feb-13,Air,Adult,60,0.13,SCMS from RDC,N/A - From RDC,See DN-2952 (ID#:82537)
84969,DN-3869,Generic,Zambia,02-Sep-14,17-Oct-14,200/50mg,Tablet,Yes,10944.73,From RDC,"Lopinavir/Ritonavir 200/50mg, tablets, 120 Tabs",666.72,32905,648557.55,PMO - US,Mylan (formerly Matrix) Nashik,Lopinavir/Ritonavir,19.71,N/A - From RDC,SO-47205,FPQ-13221,10/31/13,ARV,110-ZM-T30,29-Aug-14,Truck,Adult,120,0.16,SCMS from RDC,N/A - From RDC,5111
83904,DN-4217,Generic,Uganda,22-Apr-15,24-Apr-15,30/50/60mg,Chewable/dispersible tablet - FDC,Yes,Invoiced Separately,From RDC,"Lamivudine/Nevirapine/Zidovudine 30/50/60mg, dispersible tablets, 60 Tabs",3.08,832,2995.2,PMO - US,"Strides, Bangalore, India.",Lamivudine/Nevirapine/Zidovudine,3.6,N/A - From RDC,SO-49012,FPQ-14396,06-04-14,ARV,114-UG-T30,30-Apr-15,Truck,Pediatric,60,0.06,SCMS from RDC,N/A - From RDC,Weight Captured Separately
11044,DN-1231,Generic,Mozambique,28-Jun-09,28-Jun-09,150mg,Tablet,Yes,3599.76,From RDC,"Lamivudine 150mg, tablets, 60 Tabs",10.07,2106,5138.64,PMO - US,"Aurobindo Unit III, India",Lamivudine,2.44,N/A - From RDC,SO-30440,Pre-PQ Process,Pre-PQ Process,ARV,111-MZ-T01,28-Jun-09,Truck,Adult,60,0.04,SCMS from RDC,N/A - From RDC,3545
4333,ASN-1787,Generic,Namibia,04-Jun-08,04-Jun-08,MIssing,Test kit - Ancillary,Yes,Invoiced Separately,Direct Drop,"HIV, Lancet, Safety, for HIV Test kits, 100 Pcs",0,142,1.42,PMO - US,Inverness Japan,"HIV, Lancet, Safety, for HIV Test kits, 100 Pcs",0.01,3/18/08,SCMS-19130,Pre-PQ Process,Pre-PQ Process,HRDT,119-NA-T01,04-Jun-08,Air,HIV test - Ancillary,100,0.0,"Orgenics, Ltd",EXW,Weight Captured Separately
67248,ASN-33331,Kaletra,South Africa,14-Jul-15,14-Jul-15,80/20mg/ml,Oral solution,Yes,Freight Included in Commodity Cost,Direct Drop,"Lopinavir/Ritonavir 80/20mg/ml [Kaletra], oral solution, cool, Bottle 5 x 60 ml",0.07,4,68.56,PMO - US,ABBVIE (Abbott) Logis. UK,Lopinavir/Ritonavir,17.14,7/14/15,SCMS-259084,FPQ-14942,09-11-14,ARV,116-ZA-T30,14-Jul-15,Truck,Pediatric,300,0.06,PHARMACY DIRECT,DDP,Weight Captured Separately
34614,ASN-8356,Determine,Mozambique,04-Nov-10,04-Nov-10,MIssing,Test kit,Yes,1910.93,Direct Drop,"HIV 1/2, Determine Complete HIV Kit, 100 Tests",36.57,212,16960.0,PMO - US,Inverness Japan,"HIV 1/2, Determine Complete HIV Kit",80.0,08-10-10,SCMS-81040,FPQ-5613,6/20/10,HRDT,111-MZ-T30,04-Nov-10,Air,HIV test,100,0.8,"Orgenics, Ltd",EXW,97
57812,ASN-32270,Generic,Vietnam,10-Jul-15,10-Jul-15,600/300/300mg,Tablet - FDC,No,See ASN-32270 (ID#:35968),Direct Drop,"Efavirenz/Lamivudine/Tenofovir Disoproxil Fumarate 600/300/300mg, tablets, 30 Tabs",13.46,1144,11440.0,PMO - US,Hetero Unit III Hyderabad IN,Efavirenz/Lamivudine/Tenofovir Disoproxil Fumarate,10.0,2/17/15,SCMS-274390,FPQ-15692,1/28/15,ARV,108-VN-T30,10-Jul-15,Air,Adult,30,0.33,HETERO LABS LIMITED,EXW,See ASN-32270 (ID#:35968)
5701,ASN-2017,Generic,Vietnam,14-Jul-08,14-Jul-08,300mg,Tablet,Yes,5217.59,Direct Drop,"Abacavir 300mg, tablets, 60 Tabs",20,500,12500.0,PMO - US,"Aurobindo Unit III, India",Abacavir,25.0,3/31/08,SCMS-20200,Pre-PQ Process,Pre-PQ Process,ARV,108-VN-T01,14-Jul-08,Air,Adult,60,0.42,Aurobindo Pharma Limited,EXW,124
84230,DN-3033,Generic,Zimbabwe,14-Mar-13,14-Mar-13,600/300/300mg,Tablet - FDC,No,See DN-3033 (ID#:83658),From RDC,"Efavirenz/Lamivudine/Tenofovir Disoproxil Fumarate 600/300/300mg, tablets, 30 Tabs",302,20160,244137.6,PMO - US,Mylan (formerly Matrix) Nashik,Efavirenz/Lamivudine/Tenofovir Disoproxil Fumarate,12.11,N/A - From RDC,SO-43580,FPQ-10895,10/25/12,ARV,113-ZW-T30,31-Mar-13,Truck,Adult,30,0.4,SCMS from RDC,N/A - From RDC,See DN-3033 (ID#:83658)
82606,DN-3342,Generic,Zimbabwe,09-Oct-13,18-Oct-13,600/300/300mg,Tablet - FDC,Yes,21108.57,From RDC,"Efavirenz/Lamivudine/Tenofovir Disoproxil Fumarate 600/300/300mg, tablets, 30 Tabs",278.06,20160,224784.0,PMO - US,Mylan (formerly Matrix) Nashik,Efavirenz/Lamivudine/Tenofovir Disoproxil Fumarate,11.15,N/A - From RDC,SO-43560,FPQ-10895,10/25/12,ARV,113-ZW-T30,30-Sep-13,Truck,Adult,30,0.37,SCMS from RDC,N/A - From RDC,22074
85825,DN-2531,Generic,CÃte dIvoire,08-Feb-12,08-Feb-12,200mg,Delayed-release capsules,Yes,1572.97,From RDC,"Didanosine 200mg, delayed-release capsules, 30 Caps",11.8,650,7150.0,PMO - US,"Aurobindo Unit III, India",Didanosine,11.0,N/A - From RDC,SO-40792,FPQ-8295,8/25/11,ARV,104-CI-T30,29-Feb-12,Truck,Pediatric,30,0.37,SCMS from RDC,N/A - From RDC,61
77310,ASN-13101,Generic,Vietnam,22-Dec-11,22-Dec-11,150/300/200mg,Tablet - FDC,Yes,2673.82,Direct Drop,"Lamivudine/Nevirapine/Zidovudine 150/200/300mg, tablets, 60 Tabs",366.77,20970,222282.0,PMO - US,"Strides, Bangalore, India.",Lamivudine/Nevirapine/Zidovudine,10.6,07-08-11,SCMS-113620,FPQ-7898,6/27/11,ARV,108-VN-T30,22-Dec-11,Air,Adult,60,0.18,STRIDES ARCOLAB LIMITED,EXW,2447
85655,DN-1656,Generic,CÃte dIvoire,01-Mar-10,01-Mar-10,10mg/ml,Oral solution,Yes,3688.33,From RDC,"Zidovudine 10mg/ml, oral solution, Bottle, 240 ml",29.25,7107,14924.7,PMO - US,"Aurobindo Unit III, India",Zidovudine,2.1,N/A - From RDC,SO-34372,FPQ-4378,10/15/09,ARV,104-CI-T30,06-Apr-10,Air,Pediatric,240,0.01,SCMS from RDC,N/A - From RDC,2633
82785,DN-4172,Generic,Nigeria,10-Mar-15,17-Mar-15,150/300/200mg,Tablet - FDC,Yes,129843.24,From RDC,"Lamivudine/Nevirapine/Zidovudine 150/200/300mg, tablets, 60 Tabs",2781.66,350505,2705898.6,PMO - US,"Cipla, Goa, India",Lamivudine/Nevirapine/Zidovudine,7.72,N/A - From RDC,SO-49685,FPQ-14766,8/13/14,ARV,151-NG-T30,28-Feb-15,Air Charter,Adult,60,0.13,SCMS from RDC,N/A - From RDC,72975
83518,DN-2301,Generic,Zimbabwe,05-Sep-11,05-Sep-11,200mg,Tablet,Yes,2091.17,From RDC,"Nevirapine 200mg, tablets, 60 Tabs",49.1,9073,22773.23,PMO - US,Hetero Unit III Hyderabad IN,Nevirapine,2.51,N/A - From RDC,SO-37844,FPQ-6470,10/13/10,ARV,113-ZW-T30,05-Sep-11,Truck,Adult,60,0.04,SCMS from RDC,N/A - From RDC,487
11745,DN-228,Truvada,Zambia,09-Jul-07,09-Jul-07,300/200mg,Tablet - FDC,Yes,4407.26,From RDC,"Emtricitabine/Tenofovir Disoproxil Fumarate 200/300mg [Truvada], tablets, 30 Tabs",504,12000,315000.0,PMO - US,Gilead(Nycomed) Oranienburg DE,Emtricitabine/Tenofovir Disoproxil Fumarate,26.25,N/A - From RDC,SO-315,Pre-PQ Process,Pre-PQ Process,ARV,110-ZM-T01,09-Jul-07,MIssing,Adult,30,0.88,SCMS from RDC,N/A - From RDC,1005
84842,DN-3268,Generic,"Congo, DRC",08-Feb-14,11-Mar-14,150/300/200mg,Tablet - FDC,No,See DN-3268 (ID#:82595),From RDC,"Lamivudine/Nevirapine/Zidovudine 150/200/300mg, tablets, 60 Tabs",219.67,20697,177580.26,PMO - US,Mylan (formerly Matrix) Nashik,Lamivudine/Nevirapine/Zidovudine,8.58,N/A - From RDC,SO-45020,FPQ-12033,04-08-13,ARV,101-CD-T30,27-Aug-13,Air,Adult,60,0.14,SCMS from RDC,N/A - From RDC,See DN-3268 (ID#:82595)
11024,DN-1137,Generic,Nigeria,19-Mar-09,19-Mar-09,150/300/200mg,Tablet - FDC,Yes,Freight Included in Commodity Cost,From RDC,"Lamivudine/Nevirapine/Zidovudine 150/200/300mg, tablets, 60 Tabs",121.24,5426,61856.4,PMO - US,"Aurobindo Unit III, India",Lamivudine/Nevirapine/Zidovudine,11.4,N/A - From RDC,SO-21803,Pre-PQ Process,Pre-PQ Process,ARV,151-NG-T01,19-Mar-09,Air Charter,Adult,60,0.19,SCMS from RDC,N/A - From RDC,610
14409,ASN-9693,Generic,South Africa,14-Mar-11,14-Mar-11,200mg,Tablet,Yes,25199.31,Direct Drop,"Nevirapine 200mg, tablets, 60 Tabs",956.42,159000,443610.0,PMO - US,"Cipla, Goa, India",Nevirapine,2.79,9/21/10,SCMS-84200,FPQ-6262,8/31/10,ARV,161-ZA-T30,14-Mar-11,Ocean,Adult,60,0.05,CIPLA LIMITED,DDP,16729
86637,DN-3477,Generic,Tanzania,07-Mar-14,12-Mar-14,60/100/12mg,Chewable/dispersible tablet - FDC,No,See DN-3477 (ID#:86029),From RDC,"Lamivudine/Nevirapine/Stavudine 60/100/12mg, dispersible tablets, 60 Tabs",20.63,3879,16679.7,PMO - US,"Cipla, Goa, India",Lamivudine/Nevirapine/Stavudine,4.3,N/A - From RDC,SO-45997,FPQ-12587,07-04-13,ARV,109-TZ-T30,31-Jan-14,Truck,Pediatric,60,0.07,SCMS from RDC,N/A - From RDC,See DN-3477 (ID#:86029)
12508,DN-644,Generic,Zimbabwe,12-Mar-08,12-Mar-08,300mg,Tablet,No,See DN-644 (ID#:11894),From RDC,"Zidovudine 300mg, tablets, 60 Tabs",82.09,6295,51304.25,PMO - US,"Aurobindo Unit III, India",Zidovudine,8.15,N/A - From RDC,SO-1922,Pre-PQ Process,Pre-PQ Process,ARV,113-ZW-T01,12-Mar-08,Truck,Adult,60,0.14,SCMS from RDC,N/A - From RDC,See DN-644 (ID#:11894)
43344,ASN-20218,Generic,"Congo, DRC",28-Nov-13,03-Dec-13,50mg,Chewable/dispersible tablet,No,See ASN-20218 (ID#:20450),Direct Drop,"Nevirapine 50mg, dispersible tablets (tablets for oral suspension), 30 Tabs",1.57,1014,1267.5,PMO - US,"Aurobindo Unit III, India",Nevirapine,1.25,5/17/13,SCMS-189070,FPQ-12093,4/23/13,ARV,101-CD-T30,28-Nov-13,Air,Pediatric,30,0.04,Aurobindo Pharma Limited,EXW,See ASN-20218 (ID#:20450)
82329,DN-1873,Generic,CÃte dIvoire,30-Jun-10,30-Jun-10,20mg/ml,Oral solution,Yes,3365.45,From RDC,"Abacavir 20mg/ml, oral solution, Bottle, 240 ml",19.7,672,9139.2,PMO - US,"Aurobindo Unit III, India",Abacavir,13.6,N/A - From RDC,SO-36340,FPQ-5201,03-03-10,ARV,104-CI-T30,12-Jul-10,Air,Pediatric,240,0.06,SCMS from RDC,N/A - From RDC,2979
50918,ASN-9369,Generic,Rwanda,01-Mar-11,01-Mar-11,200mg,Tablet,Yes,19328.36,Direct Drop,"Nevirapine 200mg, tablets, 60 Tabs",1081.74,206475,501734.25,PMO - US,Hetero Unit III Hyderabad IN,Nevirapine,2.43,9/28/10,SCMS-84960,FPQ-6341,09-03-10,ARV,107-RW-T30,01-Mar-11,Ocean,Adult,60,0.04,HETERO LABS LIMITED,EXW,12077
83021,DN-2594,Generic,Burundi,04-May-12,04-May-12,30/60mg,Tablet - FDC,Yes,9506,From RDC,"Lamivudine/Zidovudine 30/60mg, tablets, 60 Tabs",0.06,15,44.85,PMO - US,Mylan (formerly Matrix) Nashik,Lamivudine/Zidovudine,2.99,N/A - From RDC,SO-41530,FPQ-9229,1/25/12,ARV,102-BI-T30,26-Apr-12,Air,Pediatric,60,0.05,SCMS from RDC,N/A - From RDC,5256
60994,ASN-13539,Determine,Sudan,20-Feb-12,20-Feb-12,MIssing,Test kit - Ancillary,Yes,980.7,Direct Drop,"Capillary Tubes, for Determine, EDTA, 50uL,100 Pcs",0.01,1,8.0,PMO - US,"Alere Medical Co., Ltd.","HIV, Capillary Tubes, for Determine, EDTA, 50uL,100 Pcs",8.0,9/14/11,SCMS-121853,FPQ-8264,09-07-11,HRDT,102-SD-T30,20-Feb-12,Air,HIV test - Ancillary,100,0.08,"Orgenics, Ltd",EXW,2
10669,DN-588,Truvada,Uganda,06-Mar-08,06-Mar-08,300/200mg,Tablet - FDC,Yes,794.22,From RDC,"Emtricitabine/Tenofovir Disoproxil Fumarate 200/300mg [Truvada], tablets, 30 Tabs",27.55,656,17220.0,PMO - US,"Aspen-OSD, Port Elizabeth, SA",Emtricitabine/Tenofovir Disoproxil Fumarate,26.25,N/A - From RDC,SO-1715,Pre-PQ Process,Pre-PQ Process,ARV,114-UG-T01,06-Mar-08,MIssing,Adult,30,0.88,SCMS from RDC,N/A - From RDC,58
1645,ASN-2887,Determine,CÃte dIvoire,19-Dec-08,19-Dec-08,MIssing,Test kit,Yes,7118.12,Direct Drop,"HIV 1/2, Determine HIV Kit, without Lancets, 100 Tests",153.12,1116,78120.0,PMO - US,Inverness Japan,"HIV 1/2, Determine HIV Kit, without Lancets",70.0,2/29/08,SCMS-18470,Pre-PQ Process,Pre-PQ Process,HRDT,104-CI-T01,19-Dec-08,Air,HIV test,100,0.7,"Orgenics, Ltd",EXW,256
82959,DN-2263,Generic,Haiti,28-Jun-11,28-Jun-11,50mg,Capsule,Yes,11490.2,From RDC,"Efavirenz 50mg, capsule, 30 Caps",5.28,1428,3198.72,PMO - US,"Aurobindo Unit III, India",Efavirenz,2.24,N/A - From RDC,SO-39910,FPQ-6801,12/14/10,ARV,106-HT-T30,19-Jul-11,Air,Pediatric,30,0.07,SCMS from RDC,N/A - From RDC,1055
3294,ASN-2391,Videx EC,Uganda,09-Sep-08,09-Sep-08,400mg,Delayed-release capsules - blister,Yes,330,Direct Drop,"Didanosine EC 400mg [Videx EC], delayed-release capsules, Blister 3 x 10 Caps",1.89,50,1183.5,PMO - US,"BMS Meymac, France",Didanosine EC,23.67,7/18/08,SCMS-27190,Pre-PQ Process,Pre-PQ Process,ARV,114-UG-T01,09-Sep-08,Air,Adult,30,0.79,BRISTOL-MYERS SQUIBB,CIP,2
83028,DN-2630,Generic,Nigeria,30-Apr-12,30-Apr-12,150/300/200mg,Tablet - FDC,Yes,27441.22,From RDC,"Lamivudine/Nevirapine/Zidovudine 150/200/300mg, tablets, 60 Tabs",903.82,48821,547771.62,PMO - US,Mylan (formerly Matrix) Nashik,Lamivudine/Nevirapine/Zidovudine,11.22,N/A - From RDC,SO-40660,FPQ-8364,8/29/11,ARV,151-NG-T30,20-May-12,Air Charter,Adult,60,0.19,SCMS from RDC,N/A - From RDC,6949
51969,ASN-27976,Generic,South Africa,27-Aug-14,27-Aug-14,200mg,Tablet,No,Freight Included in Commodity Cost,Direct Drop,"Nevirapine 200mg, tablets, 60 Tabs",1.63,67,1321.12,PMO - US,"Aurobindo Unit III, India",Nevirapine,19.72,8/27/14,SCMS-199283,FPQ-12522,07-11-13,ARV,116-ZA-T30,27-Aug-14,Truck,Adult,60,0.33,S. BUYS WHOLESALER,DDP,Weight Captured Separately
84559,DN-1819,Generic,Uganda,03-May-10,03-May-10,150/300mg,Tablet - FDC,Yes,3299.67,From RDC,"Lamivudine/Zidovudine 150/300mg, tablets, 60 Tabs",67.99,3600,31536.0,PMO - US,Hetero Unit III Hyderabad IN,Lamivudine/Zidovudine,8.76,N/A - From RDC,SO-36260,FPQ-5275,03-04-10,ARV,114-UG-T30,09-Jul-10,Air,Adult,60,0.15,SCMS from RDC,N/A - From RDC,238
27297,ASN-33483,Uni-Gold,Guyana,28-Aug-15,28-Aug-15,MIssing,Test kit,Yes,Invoiced Separately,Direct Drop,"HIV 1/2, Uni-Gold HIV Kit, 20 Tests",58.12,1543,49376.0,PMO - US,"Trinity Biotech, Plc","HIV 1/2, Uni-Gold HIV Kit",32.0,7/17/15,SCMS-293560,FPQ-16480,6/24/15,HRDT,105-GY-T30,28-Aug-15,Air,HIV test,20,1.6,"Trinity Biotech, Plc",EXW,Weight Captured Separately
62164,ASN-5372,Retrovir,South Africa,21-Oct-09,21-Oct-09,300mg,Tablet,No,Freight Included in Commodity Cost,Direct Drop,"Zidovudine 300mg [Retrovir], tablets, 60 Tabs",9.46,300,4826.37,PMO - US,GSK Ware (UK),Zidovudine,16.09,10/15/09,SCMS-54980,FPQ-4359,10-08-09,ARV,116-ZA-T30,21-Oct-09,Truck,Adult,60,0.27,S. BUYS WHOLESALER,DDP,Weight Captured Separately
3746,ASN-3637,Generic,South Africa,22-Jan-09,22-Jan-09,1mg/ml,Oral solution,Yes,Freight Included in Commodity Cost,Direct Drop,"Stavudine 1mg/ml, powder for oral solution, 200 ml",11.7,3000,5970.0,PMO - US,"Aurobindo Unit III, India",Stavudine,1.99,Date Not Captured,SCMS-41080,Pre-PQ Process,Pre-PQ Process,ARV,116-ZA-T01,26-May-09,Air,Pediatric,200,0.01,S. BUYS WHOLESALER,DDP,Weight Captured Separately
11548,DN-635,Generic,Namibia,14-Mar-08,14-Mar-08,600mg,Tablet,Yes,6074.62,From RDC,"Efavirenz 600mg, tablets, 30 Tabs",403.54,21000,252210.0,PMO - US,"Aurobindo Unit III, India",Efavirenz,12.01,N/A - From RDC,SO-1764,Pre-PQ Process,Pre-PQ Process,ARV,119-NA-T01,14-Mar-08,Air,Adult,30,0.4,SCMS from RDC,N/A - From RDC,1815
10863,DN-298,Generic,Uganda,27-Aug-07,27-Aug-07,200mg,Tablet,Yes,891,From RDC,"Nevirapine 200mg, tablets, 60 Tabs",10.11,1859,6320.6,PMO - US,"Aurobindo Unit III, India",Nevirapine,3.4,N/A - From RDC,SO-895,Pre-PQ Process,Pre-PQ Process,ARV,114-UG-T01,27-Aug-07,Air,Adult,60,0.06,SCMS from RDC,N/A - From RDC,214
6417,ASN-4387,Generic,South Africa,15-Apr-09,15-Apr-09,10mg/ml,Oral suspension,No,Freight Included in Commodity Cost,Direct Drop,"Nevirapine 10mg/ml, oral suspension, Bottle, 240 ml",2.76,150,1407.0,PMO - US,"Aurobindo Unit III, India",Nevirapine,9.38,3/27/09,SCMS-41586,Pre-PQ Process,Pre-PQ Process,ARV,116-ZA-T01,25-Jun-09,Air,Pediatric,240,0.04,S. BUYS WHOLESALER,DDP,Weight Captured Separately
12016,DN-1487,Generic,Lebanon,18-Nov-09,18-Nov-09,10mg/ml,Oral solution,No,See DN-1487 (ID#:11073),From RDC,"Zidovudine 10mg/ml, oral solution, Bottle, 240 ml",0,24,0.24,PMO - US,"Aurobindo Unit III, India",Zidovudine,0.01,N/A - From RDC,SO-33900,Pre-PQ Process,Date Not Captured,ARV,100-LB-T01,18-Nov-09,Air,Pediatric,240,0.0,SCMS from RDC,N/A - From RDC,See DN-1487 (ID#:11073)
82934,DN-2107,Generic,CÃte dIvoire,22-Feb-11,22-Feb-11,300mg,Tablet,Yes,8758.36,From RDC,"Zidovudine 300mg, tablets, 60 Tabs",190.27,12240,88250.4,PMO - US,"Aurobindo Unit III, India",Zidovudine,7.21,N/A - From RDC,SO-38470,FPQ-5925,6/23/10,ARV,104-CI-T30,16-Feb-11,Air,Adult,60,0.12,SCMS from RDC,N/A - From RDC,671
86293,DN-1775,Generic,Zambia,16-Apr-10,16-Apr-10,600mg,Tablet,No,See DN-1775 (ID#:84550),From RDC,"Efavirenz 600mg, tablets, 30 Tabs",1070.65,115000,546250.0,PMO - US,Mylan (formerly Matrix) Nashik,Efavirenz,4.75,N/A - From RDC,SO-33720,FPQ-4273,9/17/09,ARV,110-ZM-T30,30-Apr-10,Truck,Adult,30,0.16,SCMS from RDC,N/A - From RDC,See DN-1775 (ID#:84550)
12168,DN-620,Generic,Nigeria,14-Feb-08,14-Feb-08,30mg,Capsule,Yes,2722.38,From RDC,"Stavudine 30mg, capsules, 60 Caps",1.09,447,679.44,PMO - US,"Aurobindo Unit III, India",Stavudine,1.52,N/A - From RDC,SO-1571,Pre-PQ Process,Pre-PQ Process,ARV,112-NG-T01,14-Feb-08,Air,Adult,60,0.03,SCMS from RDC,N/A - From RDC,1054
63826,ASN-23812,Kaletra,CÃte dIvoire,24-Jan-14,27-Jan-14,80/20mg/ml,Oral solution,Yes,3899.33,Direct Drop,"Lopinavir/Ritonavir 80/20mg/ml [Kaletra], oral solution, cool, Bottle 5 x 60 ml",12.96,340,10478.8,PMO - US,ABBVIE (Abbott) Logis. UK,Lopinavir/Ritonavir,30.82,06-12-13,SCMS-191930,FPQ-12150,4/29/13,ARV,104-CI-T30,24-Jan-14,Air,Pediatric,300,0.1,ABBVIE LOGISTICS (FORMERLY ABBOTT LOGISTICS BV),FCA,336
39799,ASN-21405,Generic,Uganda,29-Aug-13,29-Aug-13,150/300/200mg,Tablet - FDC,Yes,22886.81,Direct Drop,"Lamivudine/Nevirapine/Zidovudine 150/200/300mg, tablets, 60 Tabs",500.98,50000,405000.0,PMO - US,Mylan (formerly Matrix) Nashik,Lamivudine/Nevirapine/Zidovudine,8.1,7/31/13,SCMS-198710,FPQ-12477,07-08-13,ARV,114-UG-T30,29-Aug-13,Air,Adult,60,0.13,MYLAN LABORATORIES LTD (FORMERLY MATRIX LABORATORIES),EXW,6918
83199,DN-3480,Generic,Rwanda,22-Jan-14,31-Jan-14,200mg,Tablet,Yes,21032.82,From RDC,"Nevirapine 200mg, tablets, 60 Tabs",178.92,64000,144640.0,PMO - US,"Strides, Bangalore, India.",Nevirapine,2.26,N/A - From RDC,SO-45392,FPQ-12190,05-06-13,ARV,107-RW-T30,31-Jan-14,Truck,Adult,60,0.04,SCMS from RDC,N/A - From RDC,3887
5303,ASN-286,Videx,Zimbabwe,19-Mar-07,19-Mar-07,50mg,Chewable/dispersible tablet,Yes,Freight Included in Commodity Cost,Direct Drop,"Didanosine 50mg [Videx], chewable tablets, 60 Tabs",MIssing,54,513.0,PMO - US,"BMS Meymac, France",Didanosine,9.5,1/19/07,SCMS-348,Pre-PQ Process,Pre-PQ Process,ARV,113-ZW-T01,19-Mar-07,Air,Pediatric,60,0.16,BRISTOL-MYERS SQUIBB,CIP,Weight Captured Separately
83263,DN-3813,Generic,Tanzania,27-Aug-14,23-Sep-14,30/60mg,Tablet - FDC,Yes,5399.25,From RDC,"Lamivudine/Zidovudine 30/60mg, tablets, 60 Tabs",38.5,15639,31121.61,PMO - US,Mylan (formerly Matrix) Nashik,Lamivudine/Zidovudine,1.99,N/A - From RDC,SO-46730,FPQ-13042,10-01-13,ARV,109-TZ-T30,29-Aug-14,Truck,Pediatric,60,0.03,SCMS from RDC,N/A - From RDC,590
83016,DN-2586,Generic,Nigeria,15-Mar-12,15-Mar-12,150/300/200mg,Tablet - FDC,Yes,87294.56,From RDC,"Lamivudine/Nevirapine/Zidovudine 150/200/300mg, tablets, 60 Tabs",1295.45,84000,924000.0,PMO - US,Mylan (formerly Matrix) Nashik,Lamivudine/Nevirapine/Zidovudine,11.0,N/A - From RDC,SO-41251,FPQ-8952,12-08-11,ARV,151-NG-T30,04-Jul-12,Air,Adult,60,0.18,SCMS from RDC,N/A - From RDC,11160
86409,DN-2339,Generic,CÃte dIvoire,12-Oct-11,12-Oct-11,150/300mg,Tablet - FDC,No,See DN-2339 (ID#:82401),From RDC,"Lamivudine/Zidovudine 150/300mg, tablets, 60 Tabs",1027.9,75420,622969.2,PMO - US,Mylan (formerly Matrix) Nashik,Lamivudine/Zidovudine,8.26,N/A - From RDC,SO-40122,FPQ-7659,05-03-11,ARV,104-CI-T30,12-Oct-11,Air,Adult,60,0.14,SCMS from RDC,N/A - From RDC,See DN-2339 (ID#:82401)
86159,DN-4081,Generic,Mozambique,03-Mar-15,09-Mar-15,150/300mg,Tablet - FDC,No,See DN-4081 (ID#:83872),From RDC,"Lamivudine/Zidovudine 150/300mg, tablets, 60 Tabs",299.8,43334,291637.82,PMO - US,Hetero Unit III Hyderabad IN,Lamivudine/Zidovudine,6.73,N/A - From RDC,SO-47705,FPQ-13575,1/17/14,ARV,111-MZ-T30,27-Feb-15,Truck,Adult,60,0.11,SCMS from RDC,N/A - From RDC,See DN-4081 (ID#:83872)
10745,DN-917,Generic,Nigeria,24-Sep-08,24-Sep-08,150mg,Tablet,Yes,13353.34,From RDC,"Lamivudine 150mg, tablets, 60 Tabs",4.72,1017,2949.3,PMO - US,"Aurobindo Unit III, India",Lamivudine,2.9,N/A - From RDC,SO-2728,Pre-PQ Process,Pre-PQ Process,ARV,112-NG-T01,24-Sep-08,Air,Adult,60,0.05,SCMS from RDC,N/A - From RDC,892
84181,DN-2742,Generic,Zimbabwe,23-Jul-12,23-Jul-12,300/300mg,Tablet - FDC,Yes,15299.59,From RDC,"Lamivudine/Tenofovir Disoproxil Fumarate 300/300mg, tablets, 30 Tabs",690.56,78082,418519.52,PMO - US,Mylan (formerly Matrix) Nashik,Lamivudine/Tenofovir Disoproxil Fumarate,5.36,N/A - From RDC,SO-40880,FPQ-8464,10-04-11,ARV,113-ZW-T30,14-Aug-12,Truck,Adult,30,0.18,SCMS from RDC,N/A - From RDC,7490
46726,ASN-13435,Intelence,Uganda,06-Jan-12,06-Jan-12,100mg,Tablet,Yes,375,Direct Drop,"Etravirine 100mg [Intelence], tablets, 120 Tabs",11.24,83,6811.81,PMO - US,"Janssen-Cilag, Latina, IT",Etravirine,82.07,10/31/11,SCMS-126390,FPQ-8498,10/18/11,ARV,114-UG-T30,06-Jan-12,Air,Adult,120,0.68,ASPEN PHARMACARE,DDP,16
81739,ASN-33852,Generic,South Africa,24-Aug-15,24-Aug-15,150/300mg,Tablet - FDC,No,Freight Included in Commodity Cost,Direct Drop,"Lamivudine/Zidovudine 150/300mg, tablets, 60 Tabs",0.61,26,597.92,PMO - US,"Aurobindo Unit III, India",Lamivudine/Zidovudine,23.0,10-09-14,SCMS-259079,FPQ-14942,09-11-14,ARV,116-ZA-T30,24-Aug-15,Truck,Adult,60,0.38,PHARMACY DIRECT,DDP,Weight Captured Separately
43060,ASN-18174,Determine,Nigeria,26-Feb-13,26-Feb-13,MIssing,Test kit,Yes,Freight Included in Commodity Cost,Direct Drop,"HIV 1/2, Determine Complete HIV Kit, 100 Tests",244.56,1960,174440.0,PMO - US,"Alere Medical Co., Ltd.","HIV 1/2, Determine Complete HIV Kit",89.0,10/16/12,SCMS-162440,FPQ-10765,10-05-12,HRDT,133-NG-T30,09-Jan-13,Air,HIV test,100,0.89,"Orgenics, Ltd",EXW,882
83675,DN-3123,Generic,Uganda,09-May-13,09-May-13,600/300/300mg,Tablet - FDC,Yes,16177.09,From RDC,"Efavirenz/Lamivudine/Tenofovir Disoproxil Fumarate 600/300/300mg, tablets, 30 Tabs",678.34,52127,548376.04,PMO - US,Hetero Unit III Hyderabad IN,Efavirenz/Lamivudine/Tenofovir Disoproxil Fumarate,10.52,N/A - From RDC,SO-43962,FPQ-11143,12/13/12,ARV,114-UG-T30,30-Apr-13,Air,Adult,30,0.35,SCMS from RDC,N/A - From RDC,6874
29391,ASN-31854,Generic,South Africa,28-Apr-15,28-Apr-15,200mg,Tablet,No,Freight Included in Commodity Cost,Direct Drop,"Nevirapine 200mg, tablets, 60 Tabs",0.18,10,177.47,PMO - US,"Aurobindo Unit III, India",Nevirapine,17.75,4/28/15,SCMS-238556,FPQ-13973,4/30/14,ARV,116-ZA-T30,28-Apr-15,Truck,Adult,60,0.3,PHARMACY DIRECT,DDP,Weight Captured Separately
75751,ASN-8928,Generic,Vietnam,07-Dec-10,07-Dec-10,300mg,Tablet,Yes,8495.83,Direct Drop,"Zidovudine 300mg, tablets, 60 Tabs",5.25,336,2436.0,PMO - US,"Aurobindo Unit III, India",Zidovudine,7.25,07-01-10,SCMS-77260,FPQ-5899,6/23/10,ARV,108-VN-T30,07-Dec-10,Air,Adult,60,0.12,Aurobindo Pharma Limited,EXW,19
78261,ASN-15431,Generic,Uganda,18-Jul-12,18-Jul-12,200/50mg,Tablet,Yes,17405.65,Direct Drop,"Lopinavir/Ritonavir 200/50mg, tablets, 120 Tabs",547.74,15321,390685.5,PMO - US,"Aurobindo Unit III, India",Lopinavir/Ritonavir,25.5,06-12-12,SCMS-149400,FPQ-10089,06-07-12,ARV,900-UG-T30,18-Jul-12,Air,Adult,120,0.21,Aurobindo Pharma Limited,EXW,3888
45536,ASN-19166,Viramune,South Africa,16-Apr-13,16-Apr-13,200mg,Tablet,No,Freight Included in Commodity Cost,Direct Drop,"Nevirapine 200mg [Viramune], tablets, 60 Tabs",0.04,2,36.18,South Africa Field Office,"Boehringer Ing., Koropi, GR",Nevirapine,18.09,Date Not Captured,SCMS-183950,FPQ-11828,3/18/13,ARV,116-ZA-T30,16-Apr-13,Truck,Adult,60,0.3,S. BUYS WHOLESALER,DDP,Weight Captured Separately
32358,ASN-7804,Generic,South Africa,20-Sep-10,20-Sep-10,300mg,Tablet,Yes,1697.9,Direct Drop,"Zidovudine 300mg, tablets, 60 Tabs",470.99,29402,218456.86,PMO - US,"Aurobindo Unit III, India",Zidovudine,7.43,3/19/10,SCMS-69030,FPQ-5303,3/18/10,ARV,161-ZA-T30,20-Sep-10,Air,Adult,60,0.12,Aurobindo Pharma Limited,DDP,1577
12850,DN-1152,Generic,CÃte dIvoire,30-Apr-09,30-Apr-09,200mg,Tablet,No,See DN-1152 (ID#:11010),From RDC,"Nevirapine 200mg, tablets, 60 Tabs",56.44,9599,28797.0,PMO - US,"Aurobindo Unit III, India",Nevirapine,3.0,N/A - From RDC,SO-21880,Pre-PQ Process,Pre-PQ Process,ARV,104-CI-T01,30-Apr-09,Air,Adult,60,0.05,SCMS from RDC,N/A - From RDC,See DN-1152 (ID#:11010)
8023,ASN-417,Determine,Nigeria,31-May-07,31-May-07,MIssing,Test kit,Yes,5469.91,Direct Drop,"HIV 1/2, Determine Complete HIV Kit, 100 Tests",MIssing,2500,200000.0,PMO - US,ABBVIE GmbH & Co.KG Wiesbaden,"HIV 1/2, Determine Complete HIV Kit",80.0,4/30/07,SCMS-587,Pre-PQ Process,Pre-PQ Process,HRDT,102-NG-T01,31-May-07,Air,HIV test,100,0.8,Abbott GmbH & Co. KG,EXW,851
84280,DN-3273,Generic,Uganda,22-Aug-13,22-Aug-13,150/300mg,Tablet - FDC,Yes,20074.74,From RDC,"Lamivudine/Zidovudine 150/300mg, tablets, 60 Tabs",391.67,45233,316631.0,PMO - US,Hetero Unit III Hyderabad IN,Lamivudine/Zidovudine,7.0,N/A - From RDC,SO-45540,FPQ-12253,05-08-13,ARV,114-UG-T30,06-Aug-13,Truck,Adult,60,0.12,SCMS from RDC,N/A - From RDC,3984
85508,DN-3825,Generic,Zimbabwe,29-Jun-14,04-Aug-14,300/300mg,Tablet - FDC,No,See DN-3825 (ID#:82702),From RDC,"Lamivudine/Tenofovir Disoproxil Fumarate 300/300mg, tablets, 30 Tabs",360.31,75701,350495.63,PMO - US,"Cipla, Kurkumbh, India",Lamivudine/Tenofovir Disoproxil Fumarate,4.63,N/A - From RDC,SO-47540,FPQ-13508,12/24/13,ARV,113-ZW-T30,30-Sep-14,Truck,Adult,30,0.15,SCMS from RDC,N/A - From RDC,See DN-3825 (ID#:82702)
39452,ASN-33453,Norvir,South Africa,23-Jul-15,23-Jul-15,80mg/ml,Oral solution,Yes,Freight Included in Commodity Cost,Direct Drop,"Ritonavir 80mg/ml [Norvir], oral solution, cool, Bottle, 90 ml",0.07,12,59.62,PMO - US,ABBVIE (Abbott) France,Ritonavir,4.97,2/24/15,SCMS-277983,FPQ-15950,2/20/15,ARV,116-ZA-T30,23-Jul-15,Truck,Pediatric,90,0.06,PHARMACY DIRECT,DDP,Weight Captured Separately
15815,ASN-5373,Zerit,South Africa,19-Oct-09,19-Oct-09,1mg/ml,Powder for oral solution,No,Freight Included in Commodity Cost,Direct Drop,"Stavudine 1mg/ml [Zerit], powder for oral solution, Bottle, 200 ml",7.67,2200,3914.05,PMO - US,"BMS Meymac, France",Stavudine,1.78,10/15/09,SCMS-54980,FPQ-4359,10-08-09,ARV,116-ZA-T30,19-Oct-09,Truck,Pediatric,200,0.01,S. BUYS WHOLESALER,DDP,Weight Captured Separately
12201,DN-678,Uni-Gold,Botswana,25-Mar-08,25-Mar-08,MIssing,Test kit,No,See DN-678 (ID#:12199),From RDC,"HIV 1/2, Uni-Gold HIV Kit, 20 Tests",51.2,1000,32000.0,PMO - US,"Trinity Biotech, Plc","HIV 1/2, Uni-Gold HIV Kit",32.0,N/A - From RDC,SO-2041,Pre-PQ Process,Pre-PQ Process,HRDT,102-BW-T01,25-Mar-08,Truck,HIV test,20,1.6,SCMS from RDC,N/A - From RDC,See DN-678 (ID#:12199)
11681,DN-1407,Generic,Zambia,19-Oct-09,19-Oct-09,200mg,Tablet,Yes,16339.98,From RDC,"Nevirapine 200mg, tablets, 60 Tabs",495.58,84282,252846.0,PMO - US,"Aurobindo Unit III, India",Nevirapine,3.0,N/A - From RDC,SO-29030,Pre-PQ Process,Date Not Captured,ARV,110-ZM-T01,19-Oct-09,Truck,Adult,60,0.05,SCMS from RDC,N/A - From RDC,13680
82278,DN-1539,Generic,CÃte dIvoire,02-Dec-09,02-Dec-09,30mg,Capsule,Yes,1211.48,From RDC,"Stavudine 30mg, capsules, 60 Caps",3.61,1260,1839.6,PMO - US,"Aurobindo Unit III, India",Stavudine,1.46,N/A - From RDC,SO-34470,FPQ-4378,10/15/09,ARV,104-CI-T30,02-Dec-09,Air,Adult,60,0.02,SCMS from RDC,N/A - From RDC,82
18354,ASN-26826,Generic,Haiti,20-Oct-14,24-Oct-14,10mg/ml,Oral suspension,Yes,1893.24,Direct Drop,"Nevirapine 10mg/ml, oral suspension w/syringe, Bottle, 240 ml",2.01,1295,1955.45,PMO - US,"Aurobindo Unit III, India",Nevirapine,1.51,4/29/14,SCMS-233950,FPQ-13797,3/20/14,ARV,106-HT-T30,20-Oct-14,Ocean,Pediatric,240,0.01,Aurobindo Pharma Limited,EXW,536
32775,ASN-15536,Colloidal Gold,Haiti,10-Aug-12,10-Aug-12,MIssing,Test kit,Yes,4209.61,Direct Drop,"HIV 1/2, SKB Colloidal Gold, Diagnostic Kit, Antibody, 50 Tests",20.61,600,14700.0,PMO - US,"KHB Test Kit Facility, Shanghai China","HIV 1/2, Colloidal Gold, Diagnostic Kit, Antibody",24.5,6/13/12,SCMS-147610,FPQ-9894,5/22/12,HRDT,106-HT-T30,10-Aug-12,Air,HIV test,1,24.5,"SHANGHAI KEHUA BIOENGINEERING CO.,LTD.  (KHB)",EXW,434
86719,DN-3866,Generic,Mozambique,27-Oct-14,07-Nov-14,150/300/200mg,Tablet - FDC,No,See DN-3866 (ID#:85519),From RDC,"Lamivudine/Nevirapine/Zidovudine 150/200/300mg, tablets, 60 Tabs",862.14,103410,838655.1,PMO - US,"Aurobindo Unit III, India",Lamivudine/Nevirapine/Zidovudine,8.11,N/A - From RDC,SO-47462,FPQ-13394,12-09-13,ARV,111-MZ-T30,29-Aug-14,Truck,Adult,60,0.14,SCMS from RDC,N/A - From RDC,See DN-3866 (ID#:85519)
32422,ASN-24569,Generic,Vietnam,21-Apr-14,22-Apr-14,600/300/300mg,Tablet - FDC,Yes,6323.76,Direct Drop,"Efavirenz/Lamivudine/Tenofovir Disoproxil Fumarate 600/300/300mg, tablets, 30 Tabs",318.95,24556,257838.0,PMO - US,Hetero Unit III Hyderabad IN,Efavirenz/Lamivudine/Tenofovir Disoproxil Fumarate,10.5,10-10-13,SCMS-210120,FPQ-13034,10-04-13,ARV,108-VN-T30,21-Apr-14,Air,Adult,30,0.35,HETERO LABS LIMITED,EXW,3443
9038,ASN-3759,Kaletra,South Africa,21-Nov-08,21-Nov-08,80/20mg/ml,Oral solution,No,Freight Included in Commodity Cost,Direct Drop,"Lopinavir/Ritonavir 80/20mg/ml [Kaletra], oral solution, cool, Bottle 5 x 60 ml",4.68,80,2388.8,PMO - US,ABBVIE (Abbott) Logis. UK,Lopinavir/Ritonavir,29.86,Date Not Captured,SCMS-41150,Pre-PQ Process,Pre-PQ Process,ARV,116-ZA-T01,01-Apr-09,Air,Pediatric,300,0.1,S. BUYS WHOLESALER,DDP,Weight Captured Separately
14097,ASN-28194,Determine,Burundi,06-Oct-14,06-Oct-14,MIssing,Test kit,Yes,33228.68,Direct Drop,"HIV 1/2, Determine Complete HIV Kit, 100 Tests",286.52,3484,278720.0,PMO - US,"Alere Medical Co., Ltd.","HIV 1/2, Determine Complete HIV Kit",80.0,08-06-14,SCMS-250110,FPQ-14594,7/17/14,HRDT,102-BI-T30,06-Oct-14,Air,HIV test,100,0.8,"Orgenics, Ltd",EXW,1415
82622,DN-3430,Generic,CÃte dIvoire,10-Dec-13,08-Jan-14,200/50mg,Tablet,Yes,3332.73,From RDC,"Lopinavir/Ritonavir 200/50mg, tablets, 120 Tabs",46.34,1784,37464.0,PMO - US,Mylan (formerly Matrix) Nashik,Lopinavir/Ritonavir,21.0,N/A - From RDC,SO-44212,FPQ-11253,12/14/12,ARV,104-CI-T30,29-Nov-13,Truck,Adult,120,0.18,SCMS from RDC,N/A - From RDC,475
19958,ASN-15368,Determine,Kenya,09-Jul-12,09-Jul-12,MIssing,Test kit,Yes,11034.01,Direct Drop,"HIV 1/2, Determine Complete HIV Kit, 100 Tests",0.12,1,89.0,PMO - US,"Alere Medical Co., Ltd.","HIV 1/2, Determine Complete HIV Kit",89.0,6/14/12,SCMS-149610,FPQ-10018,06-05-12,HRDT,103-KE-T30,09-Jul-12,Air,HIV test,100,0.89,"Orgenics, Ltd",EXW,985
82541,DN-2994,Generic,Nigeria,11-Feb-13,11-Feb-13,200/300mg,Tablet - FDC,Yes,29780.5,From RDC,"Emtricitabine/Tenofovir Disoproxil Fumarate 200/300mg, tablets, 30 Tabs",894.48,100000,638000.0,PMO - US,Mylan (formerly Matrix) Nashik,Emtricitabine/Tenofovir Disoproxil Fumarate,6.38,N/A - From RDC,SO-43042,FPQ-10477,08-09-12,ARV,151-NG-T30,11-Feb-13,Air Charter,Adult,30,0.21,SCMS from RDC,N/A - From RDC,8850
73665,ASN-9944,Generic,South Africa,12-Apr-11,12-Apr-11,150mg,Tablet,Yes,11372.23,Direct Drop,"Lamivudine 150mg, tablets, 60 Tabs",949.12,185748,440222.76,PMO - US,"Aurobindo Unit III, India",Lamivudine,2.37,9/24/10,SCMS-83770,FPQ-6262,8/31/10,ARV,161-ZA-T30,26-Apr-11,Ocean,Adult,60,0.04,Aurobindo Pharma Limited,DDP,9374
78709,ASN-24433,Generic,South Africa,07-Feb-14,07-Feb-14,20mg/ml,Oral solution,No,Freight Included in Commodity Cost,Direct Drop,"Abacavir 20mg/ml, oral solution w/syringe, Bottle, 240 ml",2.98,89,2406.5,PMO - US,"Aurobindo Unit III, India",Abacavir,27.04,8/13/13,SCMS-199280,FPQ-12522,07-11-13,ARV,116-ZA-T30,07-Feb-14,Truck,Pediatric,240,0.11,S. BUYS WHOLESALER,DDP,Weight Captured Separately
84966,DN-3857,Generic,Rwanda,01-Aug-14,22-Aug-14,30/50/60mg,Chewable/dispersible tablet - FDC,Yes,1511.4,From RDC,"Lamivudine/Nevirapine/Zidovudine 30/50/60mg, dispersible tablets, 60 Tabs",8.77,2274,8527.5,PMO - US,"Strides, Bangalore, India.",Lamivudine/Nevirapine/Zidovudine,3.75,N/A - From RDC,SO-48760,FPQ-14111,4/22/14,ARV,107-RW-T30,30-Jul-14,Air,Pediatric,60,0.06,SCMS from RDC,N/A - From RDC,100
10342,ASN-3607,Zerit,South Africa,28-Nov-08,28-Nov-08,1mg/ml,Powder for oral solution,No,Freight Included in Commodity Cost,Direct Drop,"Stavudine 1mg/ml [Zerit], powder for oral solution, Bottle, 200 ml",0.41,180,210.6,PMO - US,"BMS Meymac, France",Stavudine,1.17,Date Not Captured,SCMS-40780,Pre-PQ Process,Pre-PQ Process,ARV,116-ZA-T01,17-Mar-09,Air,Pediatric,200,0.01,S. BUYS WHOLESALER,DDP,Weight Captured Separately
29274,ASN-5002,Bioline,Kenya,23-Oct-09,23-Oct-09,MIssing,Test kit,Yes,29039.18,Direct Drop,"HIV 1/2, Bioline 3.0 Kit, (no accessories), 30 Tests",564.48,12000,288000.0,PMO - US,"Standard Diagnostics, Korea","HIV 1/2, Bioline 3.0 Kit (no accessories)",24.0,09-03-09,SCMS-52790,FPQ-3976,7/20/09,HRDT,102-KE-T30,23-Oct-09,Air,HIV test,30,0.8,"Standard Diagnostics, Inc.",EXW,3733
85575,DN-4188,Generic,Nigeria,20-Mar-15,30-Mar-15,150/300/200mg,Tablet - FDC,No,See DN-4188 (ID#:85574),From RDC,"Lamivudine/Nevirapine/Zidovudine 150/200/300mg, tablets, 60 Tabs",726.16,91500,706380.0,PMO - US,"Cipla, Goa, India",Lamivudine/Nevirapine/Zidovudine,7.72,N/A - From RDC,SO-51091,FPQ-14766,8/13/14,ARV,151-NG-T30,30-Apr-15,Air Charter,Adult,60,0.13,SCMS from RDC,N/A - From RDC,See DN-4188 (ID#:85574)
12903,DN-1373,Generic,Haiti,31-Jul-09,31-Jul-09,100mg,Capsule,No,See DN-1373 (ID#:11062),From RDC,"Zidovudine 100mg, capsules, 100 Caps",12.35,1260,6300.0,PMO - US,"Aurobindo Unit III, India",Zidovudine,5.0,N/A - From RDC,SO-32760,Pre-PQ Process,Date Not Captured,ARV,106-HT-T01,31-Jul-09,Air,Pediatric,100,0.05,SCMS from RDC,N/A - From RDC,See DN-1373 (ID#:11062)
28204,ASN-8698,Generic,South Africa,20-Dec-10,20-Dec-10,300mg,Tablet,Yes,5460.48,Direct Drop,"Tenofovir Disoproxil Fumarate 300mg, tablets, 30 Tabs",1315.33,88289,610076.99,PMO - US,"Aurobindo Unit III, India",Tenofovir Disoproxil Fumarate,6.91,6/17/10,SCMS-75980,FPQ-5648,06-02-10,ARV,161-ZA-T30,20-Dec-10,Ocean,Adult,30,0.23,Aurobindo Pharma Limited,DDP,7540
66100,ASN-27675,Generic,Ghana,09-Oct-14,13-Oct-14,300/300mg,Tablet - FDC,Yes,20394.49,Direct Drop,"Lamivudine/Tenofovir Disoproxil Fumarate 300/300mg, tablets, 30 Tabs",216.72,45632,210819.84,PMO - US,Hetero Unit III Hyderabad IN,Lamivudine/Tenofovir Disoproxil Fumarate,4.62,5/23/14,SCMS-236710,FPQ-14050,04-12-14,ARV,105-GH-T30,09-Oct-14,Air,Adult,30,0.15,HETERO LABS LIMITED,EXW,4486
81454,ASN-14350,Videx,Guatemala,21-May-12,21-May-12,25mg,Chewable/dispersible tablet,No,Freight Included in Commodity Cost,Direct Drop,"Didanosine 25mg [Videx], chewable tablets, 60 Tabs",17.16,228,10401.36,PMO - US,Bristol-Myers Squibb Anagni IT,Didanosine,45.62,1/25/11,SCMS-98041,FPQ-6944,1/17/11,ARV,202-GT-T30,21-May-12,Air,Pediatric,60,0.76,IDIS LIMITED,DDU,Weight Captured Separately
50739,ASN-9483,Generic,South Africa,04-Mar-11,04-Mar-11,600mg,Tablet,Yes,19518.98,Direct Drop,"Efavirenz 600mg, tablets, 30 Tabs",1.17,120,541.2,PMO - US,"Aurobindo Unit III, India",Efavirenz,4.51,6/17/10,SCMS-75750,FPQ-5648,06-02-10,ARV,161-ZA-T30,01-Feb-11,Ocean,Adult,30,0.15,Aurobindo Pharma Limited,DDP,10
54753,ASN-19166,Generic,South Africa,16-Apr-13,16-Apr-13,50mg,Capsule,No,Freight Included in Commodity Cost,Direct Drop,"Efavirenz 50mg, capsule, 30 Caps",0.49,131,398.4,South Africa Field Office,"Aurobindo Unit III, India",Efavirenz,3.04,Date Not Captured,SCMS-183950,FPQ-11828,3/18/13,ARV,116-ZA-T30,16-Apr-13,Truck,Pediatric,30,0.1,S. BUYS WHOLESALER,DDP,Weight Captured Separately
85150,DN-2015,Generic,Haiti,07-Oct-10,07-Oct-10,150/300mg,Tablet - FDC,No,See DN-2015 (ID#:82917),From RDC,"Lamivudine/Zidovudine 150/300mg, tablets, 60 Tabs",972.42,52752,451029.6,PMO - US,Hetero Unit III Hyderabad IN,Lamivudine/Zidovudine,8.55,N/A - From RDC,SO-36741,FPQ-5523,4/19/10,ARV,106-HT-T30,30-Sep-10,Air,Adult,60,0.14,SCMS from RDC,N/A - From RDC,See DN-2015 (ID#:82917)
10623,DN-373,Generic,Nigeria,20-Sep-07,20-Sep-07,150/300+200mg,Tablet - FDC + co-blister,Yes,13873,From RDC,"Lamivudine/Zidovudine+Nevirapine 150/300+200mg, tablets, co-blister, 60+60 Tabs",327.34,9980,204590.0,PMO - US,"Aspen-OSD, Port Elizabeth, SA",Lamivudine/Zidovudine+Nevirapine,20.5,N/A - From RDC,SO-565,Pre-PQ Process,Pre-PQ Process,ARV,112-NG-T01,20-Sep-07,Air,Adult,120,0.17,SCMS from RDC,N/A - From RDC,2846
11403,DN-157,Capillus,Ethiopia,24-May-07,24-May-07,MIssing,Test kit,Yes,2129.46,From RDC,"HIV 1/2, Capillus HIV Kit, 100 Tests",MIssing,200,27800.0,PMO - US,"Trinity Biotech, Plc","HIV 1/2, Capillus HIV Kit",139.0,N/A - From RDC,SO-582,Pre-PQ Process,Pre-PQ Process,HRDT,117-ET-T01,24-May-07,MIssing,HIV test,100,1.39,SCMS from RDC,N/A - From RDC,213
70374,ASN-30567,Generic,Haiti,13-Mar-15,13-Mar-15,300mg,Tablet,Yes,3463.53,Direct Drop,"Abacavir 300mg, tablets, 60 Tabs",52.87,4680,51433.2,PMO - US,Mylan (formerly Matrix) Nashik,Abacavir,10.99,12/24/14,SCMS-262850,FPQ-15038,10/22/14,ARV,106-HT-T30,13-Mar-15,Air,Adult,60,0.18,MYLAN LABORATORIES LTD (FORMERLY MATRIX LABORATORIES),EXW,487
50754,ASN-12190,Generic,South Africa,09-Dec-11,09-Dec-11,300mg,Tablet,Yes,9972.68,Direct Drop,"Tenofovir Disoproxil Fumarate 300mg, tablets, 30 Tabs",1202.01,112595,728489.65,PMO - US,"Cipla, Goa, India",Tenofovir Disoproxil Fumarate,6.47,3/28/11,SCMS-104050,FPQ-7175,03-10-11,ARV,161-ZA-T30,09-Dec-11,Ocean,Adult,30,0.22,CIPLA LIMITED,DDP,7991
61811,ASN-28037,Generic,South Africa,29-Aug-14,29-Aug-14,200/300mg,Tablet - FDC,No,Freight Included in Commodity Cost,Direct Drop,"Emtricitabine/Tenofovir Disoproxil Fumarate 200/300mg, tablets, 30 Tabs",9.4,228,7598.95,PMO - US,"Aurobindo Unit III, India",Emtricitabine/Tenofovir Disoproxil Fumarate,33.33,8/29/14,SCMS-199289,FPQ-12522,07-11-13,ARV,116-ZA-T30,29-Aug-14,Truck,Adult,30,1.11,S. BUYS WHOLESALER,DDP,Weight Captured Separately
83711,DN-3269,Generic,"Congo, DRC",08-Feb-14,11-Mar-14,150/300mg,Tablet - FDC,Yes,20499.33,From RDC,"Lamivudine/Zidovudine 150/300mg, tablets, 60 Tabs",7.48,864,6048.0,PMO - US,Hetero Unit III Hyderabad IN,Lamivudine/Zidovudine,7.0,N/A - From RDC,SO-45030,FPQ-12088,04-12-13,ARV,101-CD-T30,28-Aug-13,Air,Adult,60,0.12,SCMS from RDC,N/A - From RDC,758
36204,ASN-23820,Kaletra,Haiti,28-Feb-14,03-Mar-14,80/20mg/ml,Oral solution,Yes,1347,Direct Drop,"Lopinavir/Ritonavir 80/20mg/ml [Kaletra], oral solution, cool, Bottle 5 x 60 ml",0.38,10,308.2,PMO - US,ABBVIE (Abbott) Logis. UK,Lopinavir/Ritonavir,30.82,10/22/13,SCMS-210450,FPQ-12590,8/21/13,ARV,106-HT-T30,28-Feb-14,Air,Pediatric,300,0.1,ABBVIE LOGISTICS (FORMERLY ABBOTT LOGISTICS BV),FCA,38
73403,ASN-30861,Generic,Afghanistan,12-Jul-15,13-Jul-15,300mg,Tablet,No,See ASN-30861 (ID#:41238),Direct Drop,"Quinine sulphate 300mg, film coated tablet, 1000 Tabs",3.39,57,2881.35,PMO - US,Mepro Pharm Wadhwan Unit II,Quinine,50.55,02-09-15,SCMS-275090,FPQ-15746,1/20/15,ANTM,101-AF-T30,12-Jul-15,Air,Malaria,1000,0.05,IMRES B.V.,EXW,See ASN-30861 (ID#:41238)
84314,DN-3469,Generic,CÃte dIvoire,16-Dec-13,20-Jan-14,300/300mg,Tablet - FDC,Yes,2431.39,From RDC,"Lamivudine/Tenofovir Disoproxil Fumarate 300/300mg, tablets, 30 Tabs",41.45,7130,33511.0,PMO - US,"Aurobindo Unit VII, IN",Lamivudine/Tenofovir Disoproxil Fumarate,4.7,N/A - From RDC,SO-46340,FPQ-12800,08-09-13,ARV,104-CI-T30,22-Jan-14,Air,Adult,30,0.16,SCMS from RDC,N/A - From RDC,669
11247,DN-675,Determine,Kenya,05-Mar-08,05-Mar-08,MIssing,Test kit,Yes,Invoiced Separately,From RDC,"HIV 1/2, Determine HIV Kit, without Lancets, 100 Tests",198.38,1550,123984.5,PMO - US,Inverness Japan,"HIV 1/2, Determine HIV Kit, without Lancets",79.99,N/A - From RDC,SO-1975,Pre-PQ Process,Pre-PQ Process,HRDT,102-KE-T01,05-Mar-08,Truck,HIV test,100,0.8,SCMS from RDC,N/A - From RDC,Weight Captured Separately
85145,DN-2002,Generic,Uganda,02-Sep-10,02-Sep-10,150/300mg,Tablet - FDC,Yes,35689.71,From RDC,"Lamivudine/Zidovudine 150/300mg, tablets, 60 Tabs",741.28,40213,343821.15,PMO - US,Hetero Unit III Hyderabad IN,Lamivudine/Zidovudine,8.55,N/A - From RDC,SO-37280,FPQ-6202,08-06-10,ARV,102-UG-T30,30-Sep-10,Air,Adult,60,0.14,SCMS from RDC,N/A - From RDC,3457
83406,DN-1686,Generic,Nigeria,31-Mar-10,31-Mar-10,150/300/200mg,Tablet - FDC,Yes,Freight Included in Commodity Cost,From RDC,"Lamivudine/Nevirapine/Zidovudine 150/200/300mg, tablets, 60 Tabs",29.03,1200,13464.0,PMO - US,"Aurobindo Unit III, India",Lamivudine/Nevirapine/Zidovudine,11.22,N/A - From RDC,SO-35068,FPQ-4537,11-06-09,ARV,151-NG-T30,19-Apr-10,Air Charter,Adult,60,0.19,SCMS from RDC,N/A - From RDC,141
65780,ASN-15379,Generic,Rwanda,20-Jul-12,20-Jul-12,200mg,Tablet,Yes,19625.64,Direct Drop,"Nevirapine 200mg, tablets, 60 Tabs",182.77,55710,130361.4,PMO - US,Hetero Unit III Hyderabad IN,Nevirapine,2.34,06-12-12,SCMS-149430,FPQ-10092,06-04-12,ARV,107-RW-T30,20-Jul-12,Air,Adult,60,0.04,HETERO LABS LIMITED,EXW,3204
28532,ASN-11114,Determine,Mozambique,12-Jul-11,12-Jul-11,MIssing,Test kit,Yes,7580.09,Direct Drop,"HIV 1/2, Determine HIV Kit, without Lancets, 100 Tests",355,2769,215151.3,PMO - US,Inverness Japan,"HIV 1/2, Determine HIV Kit, without Lancets",77.7,3/30/11,SCMS-103140,FPQ-7270,03-04-11,HRDT,111-MZ-T30,12-Jul-11,Air,HIV test,100,0.78,"Orgenics, Ltd",EXW,628
61521,ASN-17281,Determine,Haiti,06-Dec-12,06-Dec-12,MIssing,Test kit,Yes,11293.85,Direct Drop,"HIV 1/2, Determine Complete HIV Kit, 100 Tests",185.55,1500,150000.0,PMO - US,"Alere Medical Co., Ltd.","HIV 1/2, Determine Complete HIV Kit",100.0,10/16/12,SCMS-162800,FPQ-10785,10-11-12,HRDT,106-HT-T30,06-Dec-12,Air,HIV test,100,1.0,"Orgenics, Ltd",EXW,714
72625,ASN-5752,Stocrin/Sustiva,Haiti,27-Jan-10,27-Jan-10,30mg/ml,Oral solution,Yes,290,Direct Drop,"Efavirenz 30mg/ml [Stocrin/Sustiva], oral solution, Bottle, 180 ml",5.55,167,2832.32,PMO - US,"MSD, Haarlem, NL",Efavirenz,16.96,11-06-09,SCMS-56130,FPQ-4337,10/13/09,ARV,106-HT-T30,27-Jan-10,Air,Pediatric,180,0.09,MERCK SHARP & DOHME IDEA GMBH (FORMALLY MERCK SHARP & DOHME B.V.),CIP,47
82786,DN-4172,Generic,Nigeria,10-Mar-15,17-Mar-15,150/300/200mg,Tablet - FDC,No,See DN-4172 (ID#:82785),From RDC,"Lamivudine/Nevirapine/Zidovudine 150/200/300mg, tablets, 60 Tabs",468.34,59014,455588.08,PMO - US,Hetero Unit III Hyderabad IN,Lamivudine/Nevirapine/Zidovudine,7.72,N/A - From RDC,SO-49685,FPQ-14766,8/13/14,ARV,151-NG-T30,28-Feb-15,Air Charter,Adult,60,0.13,SCMS from RDC,N/A - From RDC,See DN-4172 (ID#:82785)
82735,DN-3951,Generic,Zambia,02-Oct-14,22-Oct-14,60/30mg,Tablet - FDC,Yes,4208.35,From RDC,"Abacavir/Lamivudine 60/30mg, tablets, 60 Tabs",193.15,46973,187892.0,PMO - US,"Aurobindo Unit III, India",Abacavir/Lamivudine,4.0,N/A - From RDC,SO-47990,FPQ-13692,02-06-14,ARV,110-ZM-T30,31-Oct-14,Truck,Pediatric,60,0.07,SCMS from RDC,N/A - From RDC,3237
77082,ASN-28731,Determine,Haiti,06-Nov-14,19-Nov-14,MIssing,Test kit,Yes,14758.34,Direct Drop,"HIV 1/2, Determine Complete HIV Kit, 100 Tests",411.2,4000,400000.0,PMO - US,"Alere Medical Co., Ltd.","HIV 1/2, Determine Complete HIV Kit",100.0,2/19/14,SCMS-225413,FPQ-13494,1/21/14,HRDT,106-HT-T30,06-Nov-14,Air,HIV test,100,1.0,"Orgenics, Ltd",EXW,1624
10834,DN-146,Generic,CÃte dIvoire,16-May-07,16-May-07,300mg,Tablet,Yes,1516,From RDC,"Abacavir 300mg, tablets, 60 Tabs",MIssing,268,9594.4,PMO - US,"Aurobindo Unit III, India",Abacavir,35.8,N/A - From RDC,SO-560,Pre-PQ Process,Pre-PQ Process,ARV,104-CI-T01,16-May-07,MIssing,Adult,60,0.6,SCMS from RDC,N/A - From RDC,151
43762,ASN-27610,Intelence,South Africa,05-Aug-14,05-Aug-14,100mg,Tablet,No,Freight Included in Commodity Cost,Direct Drop,"Etravirine 100mg [Intelence], tablets, 120 Tabs",0.44,12,425.03,PMO - US,"Janssen-Cilag, Latina, IT",Etravirine,35.42,08-05-14,SCMS-238552,FPQ-13973,4/30/14,ARV,116-ZA-T30,05-Aug-14,Truck,Adult,120,0.3,PHARMACY DIRECT,DDP,Weight Captured Separately
9331,ASN-737,Generic,Vietnam,02-Oct-07,02-Oct-07,150/300/200mg,Tablet - FDC,No,See ASN-737 (ID#:2765),Direct Drop,"Lamivudine/Nevirapine/Zidovudine 150/200/300mg, tablets, 60 Tabs",151.2,7000,94500.0,PMO - US,"Aurobindo Unit III, India",Lamivudine/Nevirapine/Zidovudine,13.5,07-03-07,SCMS-749,Pre-PQ Process,Pre-PQ Process,ARV,108-VN-T01,02-Oct-07,Air,Adult,60,0.22,Aurobindo Pharma Limited,EXW,See ASN-737 (ID#:2765)
86282,DN-1702,Generic,Nigeria,31-Mar-10,31-Mar-10,150/200/30mg,Tablet - FDC,Yes,Freight Included in Commodity Cost,From RDC,"Lamivudine/Nevirapine/Stavudine 150/200/30mg, tablets, 60 Tabs",149.28,11332,69238.52,PMO - US,"Strides, Bangalore, India.",Lamivudine/Nevirapine/Stavudine,6.11,N/A - From RDC,SO-35042,FPQ-4537,11-06-09,ARV,151-NG-T30,19-Apr-10,Air Charter,Adult,60,0.1,SCMS from RDC,N/A - From RDC,855
82674,DN-3703,Generic,Zimbabwe,02-Jun-14,06-Jun-14,600/300/300mg,Tablet - FDC,Yes,74740.8,From RDC,"Efavirenz/Lamivudine/Tenofovir Disoproxil Fumarate 600/300/300mg, tablets, 30 Tabs",1169.03,87667,945050.26,PMO - US,Hetero Unit III Hyderabad IN,Efavirenz/Lamivudine/Tenofovir Disoproxil Fumarate,10.78,N/A - From RDC,SO-46652,FPQ-12950,09-10-13,ARV,113-ZW-T30,30-May-14,Truck,Adult,30,0.36,SCMS from RDC,N/A - From RDC,11717
83457,DN-2011,Generic,CÃte dIvoire,25-Sep-10,25-Sep-10,300mg,Tablet,No,See DN-2011 (ID#:82350),From RDC,"Abacavir 300mg, tablets, 60 Tabs",188.21,5310,87296.4,PMO - US,Mylan (formerly Matrix) Nashik,Abacavir,16.44,N/A - From RDC,SO-36880,FPQ-5623,05-07-10,ARV,104-CI-T30,30-Sep-10,Air,Adult,60,0.27,SCMS from RDC,N/A - From RDC,See DN-2011 (ID#:82350)
85660,DN-1673,Generic,Haiti,15-Mar-10,15-Mar-10,50mg,Capsule,No,See DN-1673 (ID#:83983),From RDC,"Efavirenz 50mg, capsule, 30 Caps",0.33,68,152.32,PMO - US,"Aurobindo Unit III, India",Efavirenz,2.24,N/A - From RDC,SO-34690,FPQ-4384,10/23/09,ARV,106-HT-T30,15-Mar-10,Air,Pediatric,30,0.07,SCMS from RDC,N/A - From RDC,See DN-1673 (ID#:83983)
85977,DN-3227,Generic,Cameroon,31-Jul-13,31-Jul-13,600/300/300mg,Tablet - FDC,No,See DN-3227 (ID#:82589),From RDC,"Efavirenz/Lamivudine/Tenofovir Disoproxil Fumarate 600/300/300mg, tablets, 30 Tabs",585.6,45000,473400.0,PMO - US,Hetero Unit III Hyderabad IN,Efavirenz/Lamivudine/Tenofovir Disoproxil Fumarate,10.52,N/A - From RDC,SO-45820,FPQ-12520,6/21/13,ARV,901-CM-T30,22-Jul-13,Air Charter,Adult,30,0.35,SCMS from RDC,N/A - From RDC,See DN-3227 (ID#:82589)
83573,DN-2564,Generic,Nigeria,16-Feb-12,16-Feb-12,150/300mg,Tablet - FDC,No,See DN-2564 (ID#:83572),From RDC,"Lamivudine/Zidovudine 150/300mg, tablets, 60 Tabs",181.27,15653,129293.78,PMO - US,"Cipla, Goa, India",Lamivudine/Zidovudine,8.26,N/A - From RDC,SO-41263,FPQ-8952,12-08-11,ARV,151-NG-T30,20-Jun-12,Air Charter,Adult,60,0.14,SCMS from RDC,N/A - From RDC,See DN-2564 (ID#:83572)
59074,ASN-27606,Generic,South Africa,05-Aug-14,05-Aug-14,300mg,Tablet,No,Freight Included in Commodity Cost,Direct Drop,"Tenofovir Disoproxil Fumarate 300mg, tablets, 30 Tabs",1.36,73,1319.03,PMO - US,Mylan (formerly Matrix) Nashik,Tenofovir Disoproxil Fumarate,18.07,08-05-14,SCMS-238552,FPQ-13973,4/30/14,ARV,116-ZA-T30,05-Aug-14,Truck,Adult,30,0.6,PHARMACY DIRECT,DDP,Weight Captured Separately
51818,ASN-8572,Stat-Pak,CÃte dIvoire,24-Nov-10,24-Nov-10,MIssing,Test kit - Ancillary,Yes,Invoiced Separately,Direct Drop,"HIV 1/2, Stat-Pak Buffer Only, 20 Tests",3.56,660,1650.0,PMO - US,Chembio Diagnostics Sys. Inc.,"HIV 1/2, Stat-Pak Buffer Only",2.5,9/16/10,SCMS-85430,FPQ-6252,8/26/10,HRDT,104-CI-T30,24-Nov-10,Air,HIV test - Ancillary,1,2.5,"CHEMBIO DIAGNOSTIC SYSTEMS, INC.",EXW,Weight Captured Separately
12232,DN-1044,Generic,Zimbabwe,16-Feb-09,16-Feb-09,150/30mg,Tablet - FDC,No,See DN-1044 (ID#:10996),From RDC,"Lamivudine/Stavudine 150/30mg, tablets, 30 Tabs",31.36,8000,16000.0,PMO - US,"Cipla, Goa, India",Lamivudine/Stavudine,2.0,N/A - From RDC,SO-14000,Pre-PQ Process,Pre-PQ Process,ARV,113-ZW-T01,16-Feb-09,Truck,Adult,30,0.07,SCMS from RDC,N/A - From RDC,See DN-1044 (ID#:10996)
83630,DN-2883,Generic,Tanzania,31-Oct-12,31-Oct-12,200/50mg,Tablet,Yes,7134.39,From RDC,"Lopinavir/Ritonavir 200/50mg, tablets, 120 Tabs",857.97,22920,611964.0,PMO - US,Mylan (formerly Matrix) Nashik,Lopinavir/Ritonavir,26.7,N/A - From RDC,SO-42650,FPQ-9774,05-02-12,ARV,109-TZ-T30,30-Nov-12,Truck,Adult,120,0.22,SCMS from RDC,N/A - From RDC,12181
40443,ASN-30672,Norvir,Vietnam,19-Mar-15,19-Mar-15,100mg,Tablet,Yes,2769.45,Direct Drop,"Ritonavir 100mg [Norvir], film coated tablets, 30 Tabs",3.5,128,2977.28,PMO - US,ABBVIE Ludwigshafen Germany,Ritonavir,23.26,12/18/14,SCMS-268410,FPQ-15292,12-05-14,ARV,108-VN-T30,19-Mar-15,Air,Adult,30,0.78,ABBVIE LOGISTICS (FORMERLY ABBOTT LOGISTICS BV),FCA,1232
83479,DN-2094,Generic,Mozambique,25-Feb-11,25-Feb-11,10mg/ml,Oral solution,Yes,3415.72,From RDC,"Zidovudine 10mg/ml, oral solution, Bottle, 240 ml",3.92,1177,2377.54,PMO - US,"Aurobindo Unit III, India",Zidovudine,2.02,N/A - From RDC,SO-38350,FPQ-6981,01-06-11,ARV,111-MZ-T30,28-Feb-11,Air,Pediatric,240,0.01,SCMS from RDC,N/A - From RDC,512
11564,DN-1017,Generic,Guyana,21-Nov-08,21-Nov-08,300mg,Tablet,Yes,1465.71,From RDC,"Zidovudine 300mg, tablets, 60 Tabs",6.44,416,3286.4,PMO - US,"Aurobindo Unit III, India",Zidovudine,7.9,N/A - From RDC,SO-18470,Pre-PQ Process,Pre-PQ Process,ARV,105-GY-T01,21-Nov-08,Air,Adult,60,0.13,SCMS from RDC,N/A - From RDC,49
10589,DN-304,Generic,Mozambique,21-Sep-07,21-Sep-07,20mg/ml,Oral solution,Yes,9869.55,From RDC,"Abacavir 20mg/ml, oral solution, Bottle, 240 ml",11.38,338,7114.9,PMO - US,"Aurobindo Unit III, India",Abacavir,21.05,N/A - From RDC,SO-298,Pre-PQ Process,Pre-PQ Process,ARV,111-MZ-T01,21-Sep-07,Air,Pediatric,240,0.09,SCMS from RDC,N/A - From RDC,9006
85686,DN-1922,Generic,Nigeria,28-Jun-10,28-Jun-10,200mg,Capsule,Yes,Freight Included in Commodity Cost,From RDC,"Efavirenz 200mg, capsule, 90 Caps",10.47,500,4855.0,PMO - US,"Aurobindo Unit III, India",Efavirenz,9.71,N/A - From RDC,SO-36521,FPQ-5023,02-10-10,ARV,151-NG-T30,15-Jul-10,Air,Pediatric,90,0.11,SCMS from RDC,N/A - From RDC,60
11749,DN-230,Bioline,Tanzania,18-Jul-07,18-Jul-07,MIssing,Test kit,Yes,9538.74,From RDC,"HIV 1/2, Bioline 3.0 Kit, Lancets, Capillary pipets, Alcohol swabs included, 25 Tests",203.39,6356,127120.0,PMO - US,"Standard Diagnostics, Korea","HIV 1/2, Bioline 3.0 Kit, Lancets, Capillary pipets, Alcohol swabs included",20.0,N/A - From RDC,SO-748,Pre-PQ Process,Pre-PQ Process,HRDT,109-TZ-T01,18-Jul-07,Air,HIV test,25,0.8,SCMS from RDC,N/A - From RDC,1879
11551,DN-695,Stocrin/Sustiva,Haiti,11-Apr-08,11-Apr-08,30mg/ml,Oral solution,Yes,896.55,From RDC,"Efavirenz 30mg/ml [Stocrin/Sustiva], oral solution, Bottle, 180 ml",0.92,34,576.64,PMO - US,"MSD, Haarlem, NL",Efavirenz,16.96,N/A - From RDC,SO-2072,Pre-PQ Process,Pre-PQ Process,ARV,106-HT-T01,11-Apr-08,Air,Pediatric,180,0.09,SCMS from RDC,N/A - From RDC,14
53683,ASN-5373,Videx EC,South Africa,19-Oct-09,19-Oct-09,400mg,Delayed-release capsules - blister,No,Freight Included in Commodity Cost,Direct Drop,"Didanosine EC 400mg [Videx EC], delayed-release capsules, Blister 3 x 10 Caps",7.83,140,3996.98,PMO - US,"BMS Meymac, France",Didanosine EC,28.55,10/15/09,SCMS-54980,FPQ-4359,10-08-09,ARV,116-ZA-T30,19-Oct-09,Truck,Adult,30,0.95,S. BUYS WHOLESALER,DDP,Weight Captured Separately
2683,ASN-93,Generic,Nigeria,07-Dec-06,07-Dec-06,200mg,Tablet,No,See ASN-93 (ID#:1281),Direct Drop,"Nevirapine 200mg, tablets, 60 Tabs",MIssing,4632,16906.8,PMO - US,"Aurobindo Unit III, India",Nevirapine,3.65,Date Not Captured,SCMS-156,Pre-PQ Process,Pre-PQ Process,ARV,112-NG-T01,07-Dec-06,Air,Adult,60,0.06,Aurobindo Pharma Limited,EXW,See ASN-93 (ID#:1281)
80138,ASN-7373,Videx EC,South Africa,31-May-10,31-May-10,400mg,Delayed-release capsules - blister,No,Freight Included in Commodity Cost,Direct Drop,"Didanosine EC 400mg [Videx EC], delayed-release capsules, Blister 3 x 10 Caps",8.71,140,4039.16,PMO - US,"BMS Meymac, France",Didanosine EC,28.85,4/21/10,SCMS-71370,FPQ-5535,4/19/10,ARV,116-ZA-T30,31-May-10,Truck,Adult,30,0.96,S. BUYS WHOLESALER,DDP,Weight Captured Separately
86359,DN-2087,Generic,Zambia,24-Jan-11,24-Jan-11,200mg,Tablet,Yes,13411.32,From RDC,"Nevirapine 200mg, tablets, 60 Tabs",573.5,100000,266000.0,PMO - US,Hetero Unit III Hyderabad IN,Nevirapine,2.66,N/A - From RDC,SO-37331,FPQ-6221,8/20/10,ARV,110-ZM-T30,31-Jan-11,Truck,Adult,60,0.04,SCMS from RDC,N/A - From RDC,6206
84038,DN-2008,Generic,Tanzania,10-Sep-10,10-Sep-10,600mg,Tablet,Yes,18390.42,From RDC,"Efavirenz 600mg, tablets, 30 Tabs",147.09,15331,68222.95,PMO - US,"Strides, Bangalore, India.",Efavirenz,4.45,N/A - From RDC,SO-37300,FPQ-6226,8/16/10,ARV,109-TZ-T30,30-Sep-10,Air,Adult,30,0.15,SCMS from RDC,N/A - From RDC,4729
22196,ASN-28777,Generic,Vietnam,26-Nov-14,26-Nov-14,600mg,Tablet,Yes,6195.84,Direct Drop,"Efavirenz 600mg, tablets, 30 Tabs",64.33,21000,62580.0,PMO - US,"Micro labs, Verna, Goa, India",Efavirenz,2.98,4/30/14,SCMS-236100,FPQ-13976,04-08-14,ARV,108-VN-T30,26-Nov-14,Air,Adult,30,0.1,MICRO LABS LIMITED,EXW,3244
86131,DN-3903,Generic,Mozambique,30-Oct-14,13-Nov-14,200/50mg,Tablet,Yes,5192.68,From RDC,"Lopinavir/Ritonavir 200/50mg, tablets, 120 Tabs",293.39,14480,285400.8,PMO - US,"Aurobindo Unit III, India",Lopinavir/Ritonavir,19.71,N/A - From RDC,SO-48870,FPQ-14226,05-02-14,ARV,111-MZ-T30,30-Dec-14,Truck,Adult,120,0.16,SCMS from RDC,N/A - From RDC,7039
85634,DN-1530,Generic,Haiti,30-Nov-09,30-Nov-09,1mg/ml,Oral solution,No,See DN-1530 (ID#:83964),From RDC,"Stavudine 1mg/ml, powder for oral solution, 200 ml",0.3,100,140.0,PMO - US,"Aurobindo Unit III, India",Stavudine,1.4,N/A - From RDC,SO-34240,FPQ-4469,9/23/09,ARV,106-HT-T30,30-Nov-09,Air,Pediatric,200,0.01,SCMS from RDC,N/A - From RDC,See DN-1530 (ID#:83964)
70044,ASN-29338,Determine,Uganda,19-Dec-14,22-Dec-14,MIssing,Test kit,Yes,8399.6,Direct Drop,"HIV 1/2, Determine Complete HIV Kit, 100 Tests",205.6,2500,200000.0,PMO - US,"Alere Medical Co., Ltd.","HIV 1/2, Determine Complete HIV Kit",80.0,9/18/14,SCMS-254400,FPQ-14825,8/19/14,HRDT,201-UG-T30,19-Dec-14,Air,HIV test,100,0.8,"Orgenics, Ltd",EXW,1010
86174,DN-4144,Generic,Burundi,28-Feb-15,05-Mar-15,150/300/200mg,Tablet - FDC,No,See DN-4144 (ID#:82781),From RDC,"Lamivudine/Nevirapine/Zidovudine 150/200/300mg, tablets, 60 Tabs",15.7,1728,13340.16,PMO - US,Mylan (formerly Matrix) Nashik,Lamivudine/Nevirapine/Zidovudine,7.72,N/A - From RDC,SO-50270,FPQ-15406,11/19/14,ARV,102-BI-T30,27-Feb-15,Air,Adult,60,0.13,SCMS from RDC,N/A - From RDC,See DN-4144 (ID#:82781)
83900,DN-4191,Generic,Mozambique,13-May-15,15-May-15,600/300/300mg,Tablet - FDC,Yes,68874.85,From RDC,"Efavirenz/Lamivudine/Tenofovir Disoproxil Fumarate 600/300/300mg, tablets, 30 Tabs",7005.49,619999,5951990.4,PMO - US,Hetero Unit III Hyderabad IN,Efavirenz/Lamivudine/Tenofovir Disoproxil Fumarate,9.6,N/A - From RDC,SO-50140,FPQ-15195,10/17/14,ARV,111-MZ-T30,31-May-15,Truck,Adult,30,0.32,SCMS from RDC,N/A - From RDC,90446
62319,ASN-6369,Aluvia,Uganda,24-Mar-10,24-Mar-10,200/50mg,Tablet,Yes,1400.91,Direct Drop,"Lopinavir/Ritonavir 200/50mg [Aluvia], tablets, 120 Tabs",37.42,480,17356.8,PMO - US,ABBVIE Ludwigshafen Germany,Lopinavir/Ritonavir,36.16,02-10-10,SCMS-65110,FPQ-5017,02-09-10,ARV,114-UG-T30,24-Mar-10,Air,Adult,120,0.3,ABBVIE LOGISTICS (FORMERLY ABBOTT LOGISTICS BV),FCA,127
58277,ASN-7631,Bioline,CÃte dIvoire,27-Aug-10,27-Aug-10,MIssing,Test kit,Yes,5074.33,Direct Drop,"HIV 1/2, Bioline 3.0 Kit, (no accessories), 30 Tests",75.34,1456,34944.0,PMO - US,"Standard Diagnostics, Korea","HIV 1/2, Bioline 3.0 Kit (no accessories)",24.0,06-07-10,SCMS-75370,FPQ-5208,2/25/10,HRDT,104-CI-T30,27-Aug-10,Air,HIV test,30,0.8,"Standard Diagnostics, Inc.",EXW,486
11177,DN-395,Generic,Zambia,02-Nov-07,02-Nov-07,200mg,Capsule,No,See DN-395 (ID#:10887),From RDC,"Efavirenz 200mg, capsule, 90 Caps",59.49,2324,37184.0,PMO - US,"Aurobindo Unit III, India",Efavirenz,16.0,N/A - From RDC,SO-753,Pre-PQ Process,Pre-PQ Process,ARV,110-ZM-T01,02-Nov-07,MIssing,Pediatric,90,0.18,SCMS from RDC,N/A - From RDC,See DN-395 (ID#:10887)
11042,DN-1224,Generic,Uganda,22-May-09,22-May-09,150mg,Tablet,Yes,537.32,From RDC,"Lamivudine 150mg, tablets, 60 Tabs",0.43,90,219.6,PMO - US,"Aurobindo Unit III, India",Lamivudine,2.44,N/A - From RDC,SO-26151,Pre-PQ Process,Pre-PQ Process,ARV,114-UG-T01,22-May-09,Air,Adult,60,0.04,SCMS from RDC,N/A - From RDC,5
34566,ASN-4752,Determine,Kenya,13-Oct-09,13-Oct-09,MIssing,Test kit,Yes,1555.21,Direct Drop,"HIV 1/2, Determine Complete HIV Kit, 100 Tests",15.68,100,8000.0,PMO - US,Inverness Japan,"HIV 1/2, Determine Complete HIV Kit",80.0,08-03-09,SCMS-50890,FPQ-3984,7/20/09,HRDT,102-KE-T30,13-Oct-09,Air,HIV test,100,0.8,"Orgenics, Ltd",EXW,32
3719,ASN-3749,Aluvia,Haiti,15-Apr-09,15-Apr-09,200/50mg,Tablet,Yes,2490.67,Direct Drop,"Lopinavir/Ritonavir 200/50mg [Aluvia], tablets, 120 Tabs",118.42,1470,60417.0,PMO - US,ABBVIE Ludwigshafen Germany,Lopinavir/Ritonavir,41.1,03-06-09,SCMS-40030,Pre-PQ Process,Pre-PQ Process,ARV,106-HT-T01,15-Apr-09,Air,Adult,120,0.34,ABBVIE LOGISTICS (FORMERLY ABBOTT LOGISTICS BV),FCA,362
85096,DN-1691,Generic,Nigeria,31-Mar-10,31-Mar-10,200/300mg,Tablet - FDC,Yes,Freight Included in Commodity Cost,From RDC,"Emtricitabine/Tenofovir Disoproxil Fumarate 200/300mg, tablets, 30 Tabs",8.87,350,4112.5,PMO - US,Mylan (formerly Matrix) Nashik,Emtricitabine/Tenofovir Disoproxil Fumarate,11.75,N/A - From RDC,SO-35076,FPQ-4537,11-06-09,ARV,151-NG-T30,19-Apr-10,Air Charter,Adult,30,0.39,SCMS from RDC,N/A - From RDC,29
79597,ASN-27470,Determine,Nigeria,02-Sep-14,04-Sep-14,MIssing,Test kit,Yes,35747.28,Direct Drop,"HIV 1/2, Determine Complete HIV Kit, 100 Tests",540.26,5905,525545.0,PMO - US,"Alere Medical Co., Ltd.","HIV 1/2, Determine Complete HIV Kit",89.0,06-02-14,SCMS-240830,FPQ-14305,5/16/14,HRDT,133-NG-T30,19-Aug-14,Air,HIV test,100,0.89,"Orgenics, Ltd",EXW,2402
12273,DN-1180,Truvada,Tanzania,11-May-09,11-May-09,300/200mg,Tablet - FDC,No,See DN-1180 (ID#:11033),From RDC,"Emtricitabine/Tenofovir Disoproxil Fumarate 200/300mg [Truvada], tablets, 30 Tabs",1041.35,20240,531300.0,PMO - US,"Aspen-OSD, Port Elizabeth, SA",Emtricitabine/Tenofovir Disoproxil Fumarate,26.25,N/A - From RDC,SO-18740,Pre-PQ Process,Pre-PQ Process,ARV,109-TZ-T01,11-May-09,Truck,Adult,30,0.88,SCMS from RDC,N/A - From RDC,See DN-1180 (ID#:11033)
72586,ASN-14527,Determine,Mozambique,20-Aug-12,20-Aug-12,MIssing,Test kit,Yes,15105.99,Direct Drop,"HIV 1/2, Determine Complete HIV Kit, 100 Tests",1040.42,7882,630560.0,PMO - US,"Alere Medical Co., Ltd.","HIV 1/2, Determine Complete HIV Kit",80.0,04-09-12,SCMS-130161,FPQ-8527,10-05-11,HRDT,111-MZ-T30,20-Aug-12,Ocean,HIV test,100,0.8,"Orgenics, Ltd",EXW,3757
9100,ASN-4100,Determine,Nigeria,08-Jun-09,08-Jun-09,MIssing,Test kit,Yes,7120,Direct Drop,"HIV 1/2, Determine Complete HIV Kit, 100 Tests",235.2,1500,120000.0,PMO - US,Inverness Japan,"HIV 1/2, Determine Complete HIV Kit",80.0,04-09-09,SCMS-43320,Pre-PQ Process,Pre-PQ Process,HRDT,133-NG-T01,24-Jun-09,Air,HIV test,100,0.8,"Orgenics, Ltd",EXW,445
86810,DN-4265,Generic,Uganda,04-Jun-15,15-Jun-15,200mg,Tablet,No,See DN-4265 (ID#:83335),From RDC,"Efavirenz 200mg, scored tablets, 90 Tabs",40.86,6312,34716.0,PMO - US,"Strides, Bangalore, India.",Efavirenz,5.5,N/A - From RDC,SO-50054,FPQ-15294,11-03-14,ARV,114-UG-T30,15-Jun-15,Truck,Pediatric,90,0.06,SCMS from RDC,N/A - From RDC,See DN-4265 (ID#:83335)
58173,ASN-33470,Generic,South Africa,24-Jul-15,24-Jul-15,600mg,Tablet,No,Freight Included in Commodity Cost,Direct Drop,"Efavirenz 600mg, tablets, 30 Tabs",0.58,47,568.37,PMO - US,"Aurobindo Unit III, India",Efavirenz,12.09,10-09-14,SCMS-259078,FPQ-14942,09-11-14,ARV,116-ZA-T30,24-Jul-15,Truck,Adult,30,0.4,PHARMACY DIRECT,DDP,Weight Captured Separately
82506,DN-2833,Generic,Zambia,07-Sep-12,07-Sep-12,200mg,Tablet,Yes,7317.47,From RDC,"Nevirapine 200mg, tablets, 60 Tabs",64.54,18867,46035.48,PMO - US,Mylan (formerly Matrix) Nashik,Nevirapine,2.44,N/A - From RDC,SO-41991,FPQ-9773,4/27/12,ARV,110-ZM-T30,25-Sep-12,Truck,Adult,60,0.04,SCMS from RDC,N/A - From RDC,17125
24868,ASN-18729,Aluvia,Vietnam,09-Apr-13,09-Apr-13,200/50mg,Tablet,Yes,3212.25,Direct Drop,"Lopinavir/Ritonavir 200/50mg [Aluvia], tablets, 120 Tabs",313.28,4164,253254.48,PMO - US,ABBVIE Ludwigshafen Germany,Lopinavir/Ritonavir,60.82,11-07-12,SCMS-164530,FPQ-10811,10/15/12,ARV,108-VN-T30,09-Apr-13,Air,Adult,120,0.51,ABBVIE LOGISTICS (FORMERLY ABBOTT LOGISTICS BV),FCA,992
8264,ASN-1410,Generic,Nigeria,10-Mar-08,10-Mar-08,MIssing,Test kit - Ancillary,Yes,Invoiced Separately,Direct Drop,"HIV, Lancet, Safety, for HIV Test kits, 100 Pcs",0.1,6199,61.99,PMO - US,Inverness Japan,"HIV, Lancet, Safety, for HIV Test kits, 100 Pcs",0.01,1/29/08,SCMS-16900,Pre-PQ Process,Pre-PQ Process,HRDT,102-NG-T01,12-Mar-08,Air,HIV test - Ancillary,100,0.0,"Orgenics, Ltd",EXW,Weight Captured Separately
12853,DN-883,Truvada,Nigeria,24-Aug-08,24-Aug-08,300/200mg,Tablet - FDC,Yes,7641.1,From RDC,"Emtricitabine/Tenofovir Disoproxil Fumarate 200/300mg [Truvada], tablets, 30 Tabs",533.23,12696,333270.0,PMO - US,"Aspen-OSD, Port Elizabeth, SA",Emtricitabine/Tenofovir Disoproxil Fumarate,26.25,N/A - From RDC,SO-11230,Pre-PQ Process,Pre-PQ Process,ARV,123-NG-T01,24-Aug-08,Air,Adult,30,0.88,SCMS from RDC,N/A - From RDC,1114
3970,ASN-170,First Response,Rwanda,17-Jan-07,17-Jan-07,MIssing,Test kit,Yes,5714.31,Direct Drop,"HIV 1/2/O, First Response HIV 1-2.0, v.3.0 Cards Kit, 30 Tests",MIssing,2000,42000.0,PMO - US,Premier Med. Corp Ltd. India,"HIV 1/2/O, First Response HIV 1-2.0, v.3.0 Cards Kit",21.0,12/28/06,SCMS-288,Pre-PQ Process,Pre-PQ Process,HRDT,107-RW-T01,17-Jan-07,Air,HIV test,30,0.7,Premier Medical Corporation Ltd.,EXW,600
83054,DN-2729,Generic,Nigeria,09-Jul-12,09-Jul-12,600mg,Tablet,No,See DN-2729 (ID#:82487),From RDC,"Efavirenz 600mg, tablets, 30 Tabs",16.58,3103,11822.43,PMO - US,"Strides, Bangalore, India.",Efavirenz,3.81,N/A - From RDC,SO-41682,FPQ-9432,03-01-12,ARV,151-NG-T30,02-Aug-12,Air Charter,Adult,30,0.13,SCMS from RDC,N/A - From RDC,See DN-2729 (ID#:82487)
11842,DN-547,Generic,CÃte dIvoire,15-Jan-08,15-Jan-08,10mg/ml,Oral suspension,Yes,1729,From RDC,"Nevirapine 10mg/ml, oral suspension, Bottle, 240 ml",2.96,965,1852.8,PMO - US,"Aurobindo Unit III, India",Nevirapine,1.92,N/A - From RDC,SO-1544,Pre-PQ Process,Pre-PQ Process,ARV,104-CI-T01,15-Jan-08,Air,Pediatric,240,0.01,SCMS from RDC,N/A - From RDC,344
85551,DN-4082,Generic,Zambia,19-Feb-15,20-Feb-15,150/300mg,Tablet - FDC,No,See DN-4082 (ID#:85008),From RDC,"Lamivudine/Zidovudine 150/300mg, tablets, 60 Tabs",12.52,1846,12183.6,PMO - US,Hetero Unit III Hyderabad IN,Lamivudine/Zidovudine,6.6,N/A - From RDC,SO-48680,FPQ-14162,4/24/14,ARV,110-ZM-T30,30-Jan-15,Truck,Adult,60,0.11,SCMS from RDC,N/A - From RDC,See DN-4082 (ID#:85008)
50893,ASN-11007,Ziagen,South Africa,11-Jul-11,11-Jul-11,20mg/ml,Oral solution,Yes,11865.62,Direct Drop,"Abacavir 20mg/ml [Ziagen], oral solution, Bottle, 240 ml",529.06,32000,320640.0,PMO - US,GSK Mississauga (Canada),Abacavir,10.02,12/14/10,SCMS-93470,FPQ-6708,11/26/10,ARV,161-ZA-T30,11-Jul-11,Air,Pediatric,240,0.04,GLAXOSMITHKLINE EXPORT LIMITED,DDP,12374
24151,ASN-33666,Isentress,Haiti,07-Sep-15,08-Sep-15,400mg,Tablet,Yes,Freight Included in Commodity Cost,Direct Drop,"Raltegravir 400mg [Isentress], tablets, 60 Tabs",26.13,400,22200.0,PMO - US,"MSD, Haarlem, NL",Raltegravir,55.5,5/18/15,SCMS-288090,FPQ-15884,03-04-15,ARV,106-HT-T30,07-Sep-15,Air,Adult,60,0.92,"MSD LATIN AMERICA SERVICES, S. DE R.L. DE C.V.",CIP,Weight Captured Separately
11048,DN-1244,Generic,Nigeria,16-Jun-09,16-Jun-09,150/200/30mg,Tablet - FDC,Yes,7329.83,From RDC,"Lamivudine/Nevirapine/Stavudine 150/200/30mg, tablets, 60 Tabs",76.92,5512,39245.44,PMO - US,"Cipla, Goa, India",Lamivudine/Nevirapine/Stavudine,7.12,N/A - From RDC,SO-21050,Pre-PQ Process,Pre-PQ Process,ARV,112-NG-T01,16-Jun-09,Air Charter,Adult,60,0.12,SCMS from RDC,N/A - From RDC,1165
82888,DN-1843,Generic,Ethiopia,01-Jun-10,01-Jun-10,300mg,Tablet,Yes,961.46,From RDC,"Abacavir 300mg, tablets, 60 Tabs",147.82,4000,68560.0,PMO - US,"Aurobindo Unit III, India",Abacavir,17.14,N/A - From RDC,SO-36710,FPQ-5624,05-04-10,ARV,117-ET-T30,15-Jun-10,Air,Adult,60,0.29,SCMS from RDC,N/A - From RDC,400
12581,DN-1236,Kaletra,Ghana,12-Aug-09,12-Aug-09,80/20mg/ml,Oral solution,Yes,Invoiced Separately,From RDC,"Lopinavir/Ritonavir 80/20mg/ml [Kaletra], oral solution, cool, Bottle 5 x 60 ml",0.02,1059,10.59,PMO - US,ABBVIE (Abbott) Logis. UK,Lopinavir/Ritonavir,0.01,N/A - From RDC,SO-30710,Pre-PQ Process,Date Not Captured,ARV,100-GH-T01,12-Aug-09,Truck,Pediatric,300,0.0,SCMS from RDC,N/A - From RDC,Weight Captured Separately
85474,DN-3688,Generic,Tanzania,05-Jun-14,12-Jun-14,600/300/300mg,Tablet - FDC,Yes,13765.17,From RDC,"Efavirenz/Lamivudine/Tenofovir Disoproxil Fumarate 600/300/300mg, tablets, 30 Tabs",1967.71,151208,1590708.16,PMO - US,Hetero Unit III Hyderabad IN,Efavirenz/Lamivudine/Tenofovir Disoproxil Fumarate,10.52,N/A - From RDC,SO-45743,FPQ-12354,5/16/13,ARV,109-TZ-T30,01-Jun-14,Truck,Adult,30,0.35,SCMS from RDC,N/A - From RDC,20501
32889,ASN-19166,Generic,South Africa,16-Apr-13,16-Apr-13,200/300mg,Tablet - FDC,No,Freight Included in Commodity Cost,Direct Drop,"Emtricitabine/Tenofovir Disoproxil Fumarate 200/300mg, tablets, 30 Tabs",1.89,50,1528.18,South Africa Field Office,"Aurobindo Unit III, India",Emtricitabine/Tenofovir Disoproxil Fumarate,30.56,Date Not Captured,SCMS-183950,FPQ-11828,3/18/13,ARV,116-ZA-T30,16-Apr-13,Truck,Adult,30,1.02,S. BUYS WHOLESALER,DDP,Weight Captured Separately
4020,ASN-737,Generic,Vietnam,02-Oct-07,02-Oct-07,300mg,Tablet,No,See ASN-737 (ID#:2765),Direct Drop,"Abacavir 300mg, tablets, 60 Tabs",66.36,1500,41475.0,PMO - US,"Aurobindo Unit III, India",Abacavir,27.65,07-03-07,SCMS-749,Pre-PQ Process,Pre-PQ Process,ARV,108-VN-T01,02-Oct-07,Air,Adult,60,0.46,Aurobindo Pharma Limited,EXW,See ASN-737 (ID#:2765)
84853,DN-3318,Generic,Mozambique,31-Oct-13,12-Nov-13,150/200/30mg,Tablet - FDC,No,See DN-3318 (ID#:83716),From RDC,"Lamivudine/Nevirapine/Stavudine 150/200/30mg, tablets, 60 Tabs",468.69,87707,378894.24,PMO - US,"Strides, Bangalore, India.",Lamivudine/Nevirapine/Stavudine,4.32,N/A - From RDC,SO-44865,FPQ-11884,3/19/13,ARV,111-MZ-T30,31-Oct-13,Truck,Adult,60,0.07,SCMS from RDC,N/A - From RDC,See DN-3318 (ID#:83716)
83080,DN-2853,Generic,Rwanda,26-Oct-12,26-Oct-12,200/50mg,Tablet,Yes,13380.52,From RDC,"Lopinavir/Ritonavir 200/50mg, tablets, 120 Tabs",687.21,16515,490165.2,PMO - US,"Aurobindo Unit III, India",Lopinavir/Ritonavir,29.68,N/A - From RDC,SO-42140,FPQ-9888,05-11-12,ARV,107-RW-T30,26-Oct-12,Air,Adult,120,0.25,SCMS from RDC,N/A - From RDC,3991
50255,ASN-6266,Generic,Vietnam,19-Mar-10,19-Mar-10,30mg,Capsule,No,See ASN-6266 (ID#:15368),Direct Drop,"Stavudine 30mg, capsules, 60 Caps",29.6,10416,15103.2,PMO - US,"Aurobindo Unit III, India",Stavudine,1.45,11/13/09,SCMS-57130,FPQ-4265,10/20/09,ARV,108-VN-T30,19-Mar-10,Air,Adult,60,0.02,Aurobindo Pharma Limited,EXW,See ASN-6266 (ID#:15368)
83066,DN-2800,Generic,Uganda,27-Sep-12,27-Sep-12,600mg,Tablet,Yes,2175.07,From RDC,"Efavirenz 600mg, tablets, 30 Tabs",362.68,66160,258685.6,PMO - US,"Aurobindo Unit III, India",Efavirenz,3.91,N/A - From RDC,SO-42631,FPQ-10084,06-07-12,ARV,900-UG-T30,27-Sep-12,Truck,Adult,30,0.13,SCMS from RDC,N/A - From RDC,5641
43347,ASN-13412,Generic,Haiti,18-Jan-12,18-Jan-12,150mg,Tablet,No,See ASN-13412 (ID#:16085),Direct Drop,"Chloroquine 150mg base (as phosphate), tablets, 1000 Tabs",38.91,3000,27750.0,PMO - US,"Medopharm Malur Factory, INDIA",Chloroquine base (as phosphate),9.25,12/30/11,SCMS-132180,FPQ-8635,12-07-11,ANTM,122-HT-T30,18-Jan-12,Air,Malaria,1000,0.01,AMSTELFARMA B.V.,EXW,See ASN-13412 (ID#:16085)
85755,DN-2180,Generic,Zimbabwe,20-May-11,20-May-11,30/50/60mg,Chewable/dispersible tablet - FDC,Yes,3403.99,From RDC,"Lamivudine/Nevirapine/Zidovudine 30/50/60mg, dispersible tablets, 60 Tabs",503.96,55000,233750.0,PMO - US,Mylan (formerly Matrix) Nashik,Lamivudine/Nevirapine/Zidovudine,4.25,N/A - From RDC,SO-39290,FPQ-6483,10/13/10,ARV,200-ZW-T30,20-Apr-11,Truck,Pediatric,60,0.07,SCMS from RDC,N/A - From RDC,5357
11636,DN-1221,Generic,Haiti,22-May-09,22-May-09,30mg,Capsule,Yes,23441.88,From RDC,"Stavudine 30mg, capsules, 60 Caps",14.19,4860,7241.4,PMO - US,"Aurobindo Unit III, India",Stavudine,1.49,N/A - From RDC,SO-24840,Pre-PQ Process,Pre-PQ Process,ARV,106-HT-T01,22-May-09,Air,Adult,60,0.02,SCMS from RDC,N/A - From RDC,2034
26895,ASN-23339,Generic,Cameroon,08-Jan-14,10-Jan-14,600/300/300mg,Tablet - FDC,Yes,Invoiced Separately,Direct Drop,"Efavirenz/Lamivudine/Tenofovir Disoproxil Fumarate 600/300/300mg, tablets, 30 Tabs",21.12,1531,17070.65,PMO - US,"Aurobindo Unit VII, IN",Efavirenz/Lamivudine/Tenofovir Disoproxil Fumarate,11.15,8/23/13,SCMS-204290,FPQ-12837,8/19/13,ARV,901-CM-T30,08-Jan-14,Air,Adult,30,0.37,Aurobindo Pharma Limited,EXW,Weight Captured Separately
82319,DN-1797,Generic,Uganda,03-May-10,03-May-10,150/300/200mg,Tablet - FDC,Yes,4549.95,From RDC,"Lamivudine/Nevirapine/Zidovudine 150/200/300mg, tablets, 60 Tabs",106.44,4400,49368.0,PMO - US,"Aurobindo Unit III, India",Lamivudine/Nevirapine/Zidovudine,11.22,N/A - From RDC,SO-34980,FPQ-4496,10/28/09,ARV,114-UG-T30,03-May-10,Air,Adult,60,0.19,SCMS from RDC,N/A - From RDC,527
57959,ASN-32748,Determine,CÃte dIvoire,21-Jul-15,22-Jul-15,MIssing,Test kit,Yes,Freight Included in Commodity Cost,Direct Drop,"HIV 1/2, Determine Complete HIV Kit, 100 Tests",659.12,7000,560000.0,PMO - US,"Alere Medical Co., Ltd.","HIV 1/2, Determine Complete HIV Kit",80.0,3/13/15,SCMS-272200,FPQ-15618,12/17/14,HRDT,104-CI-T30,21-Jul-15,Air,HIV test,100,0.8,"Orgenics, Ltd",EXW,2836
10840,DN-281,Generic,Tanzania,22-Aug-07,22-Aug-07,150/200/30mg,Tablet - FDC,Yes,2554.39,From RDC,"Lamivudine/Nevirapine/Stavudine 150/200/30mg, tablets, 60 Tabs",40.63,3386,25395.0,PMO - US,"Cipla, Goa, India",Lamivudine/Nevirapine/Stavudine,7.5,N/A - From RDC,SO-850,Pre-PQ Process,Pre-PQ Process,ARV,109-TZ-T01,22-Aug-07,MIssing,Adult,60,0.12,SCMS from RDC,N/A - From RDC,345
10946,DN-709,Generic,Zimbabwe,21-Apr-08,21-Apr-08,150/200/30mg,Tablet - FDC,No,See DN-709 (ID#:10945),From RDC,"Lamivudine/Nevirapine/Stavudine 150/200/30mg, tablets, 60 Tabs",440.92,37240,275576.0,PMO - US,"Cipla, Goa, India",Lamivudine/Nevirapine/Stavudine,7.4,N/A - From RDC,SO-714,Pre-PQ Process,Pre-PQ Process,ARV,100-ZW-T01,21-Apr-08,Air,Adult,60,0.12,SCMS from RDC,N/A - From RDC,See DN-709 (ID#:10945)
71320,ASN-27232,Generic,Haiti,25-Aug-14,28-Aug-14,60mg,Chewable/dispersible tablet,Yes,1342.44,Direct Drop,"Abacavir 60mg, dispersible tablets, 60 Tabs",2.98,482,2410.0,PMO - US,"Cipla, Patalganga, India",Abacavir,5.0,10-08-13,SCMS-209710,FPQ-12682,8/23/13,ARV,106-HT-T30,25-Aug-14,Air,Pediatric,60,0.08,CIPLA LIMITED,EXW,50
14210,ASN-12934,Generic,CÃte dIvoire,01-Dec-11,01-Dec-11,300/150/300mg,Tablet - FDC,Yes,5300.24,Direct Drop,"Abacavir/Lamivudine/Zidovudine 300/150/300mg, tablets, 60 Tabs",184.8,4000,112000.0,PMO - US,Mylan (formerly Matrix) Nashik,Abacavir/Lamivudine/Zidovudine,28.0,9/30/11,SCMS-123870,FPQ-8302,8/29/11,ARV,104-CI-T30,01-Dec-11,Air,Adult,60,0.47,MYLAN LABORATORIES LTD (FORMERLY MATRIX LABORATORIES),EXW,655
83699,DN-3221,Generic,Uganda,18-Jul-13,18-Jul-13,600/300/300mg,Tablet - FDC,Yes,13743.46,From RDC,"Efavirenz/Lamivudine/Tenofovir Disoproxil Fumarate 600/300/300mg, tablets, 30 Tabs",472.03,36273,381591.96,PMO - US,Hetero Unit III Hyderabad IN,Efavirenz/Lamivudine/Tenofovir Disoproxil Fumarate,10.52,N/A - From RDC,SO-43870,FPQ-11133,12/13/12,ARV,114-UG-T30,31-Jul-13,Truck,Adult,30,0.35,SCMS from RDC,N/A - From RDC,4846
86032,DN-3504,Generic,CÃte dIvoire,18-Jan-14,04-Mar-14,30/60mg,Tablet - FDC,No,See DN-3504 (ID#:84884),From RDC,"Lamivudine/Zidovudine 30/60mg, tablets, 60 Tabs",33.55,12000,27120.0,PMO - US,Mylan (formerly Matrix) Nashik,Lamivudine/Zidovudine,2.26,N/A - From RDC,SO-46350,FPQ-12800,08-09-13,ARV,104-CI-T30,31-Jan-14,Air,Pediatric,60,0.04,SCMS from RDC,N/A - From RDC,See DN-3504 (ID#:84884)
79236,ASN-32782,Generic,Vietnam,02-Aug-15,03-Aug-15,150/300/200mg,Tablet - FDC,Yes,Invoiced Separately,Direct Drop,"Lamivudine/Nevirapine/Zidovudine 150/200/300mg, tablets, 60 Tabs",122.18,12816,103809.6,PMO - US,Mylan (formerly Matrix) Nashik,Lamivudine/Nevirapine/Zidovudine,8.1,2/17/15,SCMS-274360,FPQ-15692,1/28/15,ARV,108-VN-T30,30-Jul-15,Air,Adult,60,0.13,MYLAN LABORATORIES LTD (FORMERLY MATRIX LABORATORIES),EXW,Weight Captured Separately
15994,ASN-26454,Generic,Haiti,14-Jul-14,16-Jul-14,10mg/ml,Oral suspension,Yes,3429.78,Direct Drop,"Nevirapine 10mg/ml, oral suspension w/syringe, Bottle, 240 ml",1.09,705,1064.55,PMO - US,"Aurobindo Unit III, India",Nevirapine,1.51,4/29/14,SCMS-233940,FPQ-13797,3/20/14,ARV,106-HT-T30,14-Jul-14,Air,Pediatric,240,0.01,Aurobindo Pharma Limited,EXW,346
39014,ASN-10729,Stat-Pak,Nigeria,25-May-11,25-May-11,MIssing,Test kit,Yes,2335.9,Direct Drop,"HIV 1/2, Stat-Pak HIV, Kit, 20 Tests",50.34,1052,30508.0,PMO - US,Chembio Diagnostics Sys. Inc.,"HIV 1/2, Stat-Pak HIV, Kit",29.0,03-02-11,SCMS-100510,FPQ-7088,02-04-11,HRDT,133-NG-T30,25-May-11,Air,HIV test,20,1.45,"CHEMBIO DIAGNOSTIC SYSTEMS, INC.",EXW,334
85497,DN-3792,Generic,Nigeria,20-Jun-14,25-Jun-14,150/300mg,Tablet - FDC,No,See DN-3792 (ID#:83259),From RDC,"Lamivudine/Zidovudine 150/300mg, tablets, 60 Tabs",227.89,34000,221680.0,PMO - US,Hetero Unit III Hyderabad IN,Lamivudine/Zidovudine,6.52,N/A - From RDC,SO-47286,FPQ-13293,11/19/13,ARV,151-NG-T30,30-Jun-14,Air Charter,Adult,60,0.11,SCMS from RDC,N/A - From RDC,See DN-3792 (ID#:83259)
8344,ASN-2356,DoubleCheck,Kyrgyzstan,19-Sep-08,19-Sep-08,MIssing,Test kit,Yes,Freight Included in Commodity Cost,Direct Drop,"HIV 1/2, DoubleCheck II Kit, 40 Tests",63.2,500,39500.0,PMO - US,Not Applicable,"HIV 1/2, DoubleCheck II Kit",79.0,3/18/08,SCMS-19120,Pre-PQ Process,Pre-PQ Process,HRDT,129-KG-T01,19-Sep-08,Air,HIV test,40,1.98,"Orgenics, Ltd",DDP,Weight Captured Separately
85968,DN-3162,Generic,Nigeria,03-May-13,03-May-13,200mg,Tablet,Yes,14547.55,From RDC,"Nevirapine 200mg, tablets, 60 Tabs",265.58,95000,214700.0,PMO - US,Hetero Unit III Hyderabad IN,Nevirapine,2.26,N/A - From RDC,SO-43848,FPQ-11022,11/15/12,ARV,151-NG-T30,21-May-13,Air Charter,Adult,60,0.04,SCMS from RDC,N/A - From RDC,6528
11005,DN-1100,Stocrin/Sustiva,Haiti,03-Mar-09,03-Mar-09,30mg/ml,Oral solution,Yes,23866.2,From RDC,"Efavirenz 30mg/ml [Stocrin/Sustiva], oral solution, Bottle, 180 ml",10.8,325,5512.0,PMO - US,"MSD, Haarlem, NL",Efavirenz,16.96,N/A - From RDC,SO-23750,Pre-PQ Process,Pre-PQ Process,ARV,106-HT-T01,03-Mar-09,Air,Pediatric,180,0.09,SCMS from RDC,N/A - From RDC,2085
82703,DN-3825,Generic,Zimbabwe,29-Jun-14,04-Aug-14,300/300mg,Tablet - FDC,No,See DN-3825 (ID#:82702),From RDC,"Lamivudine/Tenofovir Disoproxil Fumarate 300/300mg, tablets, 30 Tabs",366.25,76950,356278.5,PMO - US,Ranbaxy per Shasun Pharma,Lamivudine/Tenofovir Disoproxil Fumarate,4.63,N/A - From RDC,SO-47540,FPQ-13508,12/24/13,ARV,113-ZW-T30,30-Sep-14,Truck,Adult,30,0.15,SCMS from RDC,N/A - From RDC,See DN-3825 (ID#:82702)
48120,ASN-7487,Generic,Vietnam,03-Aug-10,03-Aug-10,150mg,Tablet,Yes,7388.14,Direct Drop,"Lamivudine 150mg, tablets, 60 Tabs",12.16,2400,5640.0,PMO - US,"Strides, Bangalore, India.",Lamivudine,2.35,3/29/10,SCMS-69530,FPQ-5317,3/22/10,ARV,108-VN-T30,03-Aug-10,Air,Adult,60,0.04,STRIDES ARCOLAB LIMITED,EXW,726
86203,DN-4273,Generic,Nigeria,15-May-15,22-May-15,600/300/300mg,Tablet - FDC,Yes,53937,From RDC,"Efavirenz/Lamivudine/Tenofovir Disoproxil Fumarate 600/300/300mg, tablets, 30 Tabs",1332.2,134991,1295913.6,PMO - US,"Aurobindo Unit VII, IN",Efavirenz/Lamivudine/Tenofovir Disoproxil Fumarate,9.6,N/A - From RDC,SO-51421,FPQ-14989,9/19/14,ARV,151-NG-T30,30-Jun-15,Air Charter,Adult,30,0.32,SCMS from RDC,N/A - From RDC,26861
30119,ASN-18485,Norvir,Uganda,12-Mar-13,12-Mar-13,100mg,Tablet,Yes,876.99,Direct Drop,"Ritonavir 100mg [Norvir], film coated tablets, 60 Tabs",2.5,295,2020.75,PMO - US,ABBVIE Ludwigshafen Germany,Ritonavir,6.85,01-11-13,SCMS-171910,FPQ-11153,12/13/12,ARV,114-UG-T30,12-Mar-13,Air,Adult,60,0.11,ABBVIE LOGISTICS (FORMERLY ABBOTT LOGISTICS BV),FCA,36
3456,ASN-3313,Generic,Vietnam,23-Feb-09,23-Feb-09,150mg,Tablet,Yes,3854.23,Direct Drop,"Lamivudine 150mg, tablets, 60 Tabs",28.96,6156,14774.4,PMO - US,"Aurobindo Unit III, India",Lamivudine,2.4,10/21/08,SCMS-31730,Pre-PQ Process,Pre-PQ Process,ARV,108-VN-T01,23-Feb-09,Air,Adult,60,0.04,Aurobindo Pharma Limited,EXW,1044
86195,DN-4244,Generic,Nigeria,15-Apr-15,20-Apr-15,600/300/300mg,Tablet - FDC,Yes,68046,From RDC,"Efavirenz/Lamivudine/Tenofovir Disoproxil Fumarate 600/300/300mg, tablets, 30 Tabs",2880.98,291928,2802508.8,PMO - US,Hetero Unit III Hyderabad IN,Efavirenz/Lamivudine/Tenofovir Disoproxil Fumarate,9.6,N/A - From RDC,SO-49680,FPQ-14766,8/13/14,ARV,151-NG-T30,30-Apr-15,Air Charter,Adult,30,0.32,SCMS from RDC,N/A - From RDC,37701
12587,DN-1256,Generic,Uganda,24-Jun-09,24-Jun-09,150/300/200mg,Tablet - FDC,Yes,1848.59,From RDC,"Lamivudine/Nevirapine/Zidovudine 150/200/300mg, tablets, 60 Tabs",25.69,1155,13109.25,PMO - US,Mylan (formerly Matrix) Nashik,Lamivudine/Nevirapine/Zidovudine,11.35,N/A - From RDC,SO-30110,Pre-PQ Process,Pre-PQ Process,ARV,114-UG-T01,24-Jun-09,Air,Adult,60,0.19,SCMS from RDC,N/A - From RDC,147
67191,ASN-6153,Norvir,Uganda,10-Mar-10,10-Mar-10,100mg,Capsule,Yes,985.78,Direct Drop,"Ritonavir 100mg [Norvir], capsules, cool, 4 x 84 Caps",3.31,44,1687.84,PMO - US,ABBVIE (Abbott) Logis. UK,Ritonavir,38.36,11/26/09,SCMS-58130,FPQ-4320,11/16/09,ARV,114-UG-T30,10-Mar-10,Air,Adult,336,0.11,ABBVIE LOGISTICS (FORMERLY ABBOTT LOGISTICS BV),FCA,116
58494,ASN-17750,Generic,Uganda,21-Jan-13,21-Jan-13,300/100mg,Tablet,No,See ASN-17750 (ID#:36539),Direct Drop,"Atazanavir/Ritonavir 300/100mg, tablets, 30 Tabs",40.5,1455,32737.5,PMO - US,Mylan (formerly Matrix) Nashik,Atazanavir/Ritonavir,22.5,10/25/12,SCMS-163460,FPQ-10787,10-10-12,ARV,114-UG-T30,21-Jan-13,Air,Adult,30,0.75,MYLAN LABORATORIES LTD (FORMERLY MATRIX LABORATORIES),EXW,See ASN-17750 (ID#:36539)
83643,DN-2951,Generic,Uganda,01-Feb-13,01-Feb-13,150/300mg,Tablet - FDC,No,See DN-2951 (ID#:82532),From RDC,"Lamivudine/Zidovudine 150/300mg, tablets, 60 Tabs",15.91,1470,11348.4,PMO - US,Hetero Unit III Hyderabad IN,Lamivudine/Zidovudine,7.72,N/A - From RDC,SO-43190,FPQ-10556,8/30/12,ARV,114-UG-T30,01-Feb-13,Air,Adult,60,0.13,SCMS from RDC,N/A - From RDC,See DN-2951 (ID#:82532)
21674,ASN-13410,Generic,Vietnam,18-Feb-12,18-Feb-12,150/300mg,Tablet - FDC,No,See ASN-13410 (ID#:16901),Direct Drop,"Lamivudine/Zidovudine 150/300mg, tablets, 60 Tabs",199.53,15211,120927.45,PMO - US,"Aurobindo Unit III, India",Lamivudine/Zidovudine,7.95,10-04-11,SCMS-123600,FPQ-8428,9/21/11,ARV,108-VN-T30,18-Feb-12,Air,Adult,60,0.13,Aurobindo Pharma Limited,EXW,See ASN-13410 (ID#:16901)
41279,ASN-33854,Reyataz,South Africa,24-Aug-15,24-Aug-15,150mg,Capsule,No,Freight Included in Commodity Cost,Direct Drop,"Atazanavir 150mg [Reyataz], capsules, 60 Caps",0.05,3,47.7,PMO - US,"BMS Evansville, US",Atazanavir,15.9,10-09-14,SCMS-259079,FPQ-14942,09-11-14,ARV,116-ZA-T30,24-Aug-15,Truck,Pediatric,60,0.26,PHARMACY DIRECT,DDP,Weight Captured Separately
85226,DN-2505,Generic,"Congo, DRC",14-Mar-12,14-Mar-12,10mg/ml,Oral suspension,No,See DN-2505 (ID#:83561),From RDC,"Nevirapine 10mg/ml, oral suspension w/syringe, Bottle, 240 ml",1.27,463,902.85,PMO - US,"Aurobindo Unit III, India",Nevirapine,1.95,N/A - From RDC,SO-41141,FPQ-8840,11/21/11,ARV,101-CD-T30,16-Mar-12,Air,Pediatric,240,0.01,SCMS from RDC,N/A - From RDC,See DN-2505 (ID#:83561)
20908,ASN-28036,Generic,South Africa,29-Aug-14,29-Aug-14,10mg/ml,Oral solution,No,Freight Included in Commodity Cost,Direct Drop,"Lamivudine 10mg/ml, oral solution w/syringe, Bottle, 240 ml",0.42,43,339.26,PMO - US,"Aurobindo Unit III, India",Lamivudine,7.89,8/29/14,SCMS-199289,FPQ-12522,07-11-13,ARV,116-ZA-T30,29-Aug-14,Truck,Pediatric,240,0.03,S. BUYS WHOLESALER,DDP,Weight Captured Separately
84302,DN-3396,Generic,Zambia,24-Jan-14,17-Mar-14,200/50mg,Tablet,Yes,30981.39,From RDC,"Lopinavir/Ritonavir 200/50mg, tablets, 120 Tabs",1165.58,46009,942264.32,PMO - US,Mylan (formerly Matrix) Nashik,Lopinavir/Ritonavir,20.48,N/A - From RDC,SO-45100,FPQ-12087,4/19/13,ARV,110-ZM-T30,24-Jan-14,Truck,Adult,120,0.17,SCMS from RDC,N/A - From RDC,22534
62712,ASN-30994,Kaletra,Uganda,20-Mar-15,20-Mar-15,80/20mg/ml,Oral solution,Yes,2265.89,Direct Drop,"Lopinavir/Ritonavir 80/20mg/ml [Kaletra], oral solution, cool, Bottle 5 x 60 ml",5.44,150,4623.0,PMO - US,ABBVIE (Abbott) Logis. UK,Lopinavir/Ritonavir,30.82,11/25/14,SCMS-264920,FPQ-15303,11-11-14,ARV,114-UG-T30,20-Mar-15,Air,Pediatric,300,0.1,ABBVIE LOGISTICS (FORMERLY ABBOTT LOGISTICS BV),FCA,170
10824,DN-75,Generic,CÃte dIvoire,30-Apr-07,30-Apr-07,150/300mg,Tablet - FDC,Yes,2457,From RDC,"Lamivudine/Zidovudine 150/300mg, tablets, 60 Tabs",MIssing,6945,71186.25,PMO - US,"Aurobindo Unit III, India",Lamivudine/Zidovudine,10.25,N/A - From RDC,SO-430,Pre-PQ Process,Pre-PQ Process,ARV,100-CI-T01,30-Apr-07,MIssing,Adult,60,0.17,SCMS from RDC,N/A - From RDC,650
34551,ASN-22877,Determine,Nigeria,23-Dec-13,10-Jan-14,MIssing,Test kit,Yes,61035.9,Direct Drop,"HIV 1/2, Determine Complete HIV Kit, 100 Tests",1027.72,9335,830815.0,PMO - US,"Alere Medical Co., Ltd.","HIV 1/2, Determine Complete HIV Kit",89.0,11-01-13,SCMS-210350,FPQ-12812,8/13/13,HRDT,133-NG-T30,23-Dec-13,Air,HIV test,100,0.89,"Orgenics, Ltd",EXW,3788
41132,ASN-27044,Norvir,South Africa,04-Jul-14,04-Jul-14,100mg,Capsule,Yes,Freight Included in Commodity Cost,Direct Drop,"Ritonavir 100mg [Norvir], capsules, cool, 84 Caps",0.02,3,19.05,PMO - US,ABBVIE (Abbott) Logis. UK,Ritonavir,6.35,07-04-14,SCMS-199316,FPQ-12523,07-12-13,ARV,116-ZA-T30,04-Jul-14,Truck,Adult,84,0.08,S. BUYS WHOLESALER,DDP,Weight Captured Separately
11302,DN-996,Generic,Uganda,27-Nov-08,27-Nov-08,150/300mg,Tablet - FDC,Yes,3266.38,From RDC,"Lamivudine/Zidovudine 150/300mg, tablets, 60 Tabs",98.54,5377,50274.95,PMO - US,"Aurobindo Unit III, India",Lamivudine/Zidovudine,9.35,N/A - From RDC,SO-17710,Pre-PQ Process,Pre-PQ Process,ARV,114-UG-T01,27-Nov-08,Air,Adult,60,0.16,SCMS from RDC,N/A - From RDC,501
33701,ASN-24415,Zerit,South Africa,06-Feb-14,06-Feb-14,20mg,Capsule,No,Freight Included in Commodity Cost,Direct Drop,"Stavudine 20mg [Zerit], capsules, 60 Caps",0.05,8,38.34,PMO - US,Bristol-Myers Squibb Anagni IT,Stavudine,4.79,12-02-13,SCMS-215370,FPQ-13035,10-08-13,ARV,116-ZA-T30,06-Feb-14,Truck,Adult,60,0.08,S. BUYS WHOLESALER,DDP,Weight Captured Separately
9088,ASN-3808,Capillus,Haiti,24-Apr-09,24-Apr-09,MIssing,Test kit,Yes,1894.41,Direct Drop,"HIV 1/2, Capillus HIV Kit, 100 Tests",40.87,150,20850.0,PMO - US,"Trinity Biotech, Plc","HIV 1/2, Capillus HIV Kit",139.0,04-02-09,SCMS-42680,Pre-PQ Process,Pre-PQ Process,HRDT,106-HT-T01,24-Apr-09,Air,HIV test,100,1.39,"Trinity Biotech, Plc",EXW,105
85679,DN-1888,Generic,CÃte dIvoire,05-Jul-10,05-Jul-10,200mg,Chewable/dispersible tablet,Yes,5121.68,From RDC,"Didanosine 200mg, chewable/dispersible tablets, 60 Tabs",93.17,2788,43214.0,PMO - US,"Aurobindo Unit III, India",Didanosine,15.5,N/A - From RDC,SO-35563,FPQ-4659,12-08-09,ARV,104-CI-T30,09-Jul-10,Air,Pediatric,60,0.26,SCMS from RDC,N/A - From RDC,588
84039,DN-2004,Generic,CÃte dIvoire,06-Sep-10,06-Sep-10,200mg,Chewable/dispersible tablet,Yes,8815.65,From RDC,"Didanosine 200mg, chewable/dispersible tablets, 60 Tabs",21.12,632,9796.0,PMO - US,"Aurobindo Unit III, India",Didanosine,15.5,N/A - From RDC,SO-35562,FPQ-4659,12-08-09,ARV,104-CI-T30,30-Sep-10,Air,Pediatric,60,0.26,SCMS from RDC,N/A - From RDC,134
81020,ASN-6723,Norvir,Nigeria,17-May-10,17-May-10,100mg,Capsule,Yes,1176.03,Direct Drop,"Ritonavir 100mg [Norvir], capsules, cool, 4 x 84 Caps",4.14,50,1918.0,PMO - US,ABBVIE (Abbott) Logis. UK,Ritonavir,38.36,03-09-10,SCMS-67010,FPQ-5035,2/15/10,ARV,151-NG-T30,17-May-10,Air,Adult,336,0.11,ABBVIE LOGISTICS (FORMERLY ABBOTT LOGISTICS BV),FCA,154
84879,DN-3485,Generic,Mozambique,28-Mar-14,04-Apr-14,600/300/300mg,Tablet - FDC,Yes,16813.62,From RDC,"Efavirenz/Lamivudine/Tenofovir Disoproxil Fumarate 600/300/300mg, tablets, 30 Tabs",965.48,70000,780500.0,PMO - US,"Aurobindo Unit VII, IN",Efavirenz/Lamivudine/Tenofovir Disoproxil Fumarate,11.15,N/A - From RDC,SO-44840,FPQ-11884,3/19/13,ARV,111-MZ-T30,20-Mar-14,Truck,Adult,30,0.37,SCMS from RDC,N/A - From RDC,18957
38312,ASN-6154,Norvir,Uganda,10-Mar-10,10-Mar-10,100mg,Capsule,Yes,776.62,Direct Drop,"Ritonavir 100mg [Norvir], capsules, cool, 4 x 84 Caps",1.58,21,805.56,PMO - US,ABBVIE (Abbott) Logis. UK,Ritonavir,38.36,12-02-09,SCMS-58230,FPQ-4373,11/25/09,ARV,114-UG-T30,10-Mar-10,Air,Adult,336,0.11,ABBVIE LOGISTICS (FORMERLY ABBOTT LOGISTICS BV),FCA,58
63186,ASN-5182,Generic,Rwanda,19-Oct-09,19-Oct-09,300mg,Tablet,Yes,1060.35,Direct Drop,"Abacavir 300mg, tablets, 60 Tabs",16.18,427,8253.91,PMO - US,"Aurobindo Unit III, India",Abacavir,19.33,7/16/09,SCMS-48810,FPQ-3859,6/30/09,ARV,107-RW-T30,19-Oct-09,Air,Adult,60,0.32,Aurobindo Pharma Limited,CIP,62
9841,ASN-2106,Coartem,Nigeria,05-Aug-08,05-Aug-08,20/120mg,Tablet - FDC + blister,Yes,1976.57,Direct Drop,"Artemether/Lumefantrine 20/120mg [Coartem], scored tablets, Blister 30 x 18 Tabs",2.48,34,1547.68,PMO - US,"Novartis Pharma AG, Switzerland",Artemether/Lumefantrine,45.52,6/30/08,SCMS-26290,Pre-PQ Process,Pre-PQ Process,ACT,112-NG-T01,05-Aug-08,Air,ACT,540,0.08,IDA FOUNDATION,EXW,159
73569,ASN-11362,Generic,Vietnam,26-Jul-11,26-Jul-11,200mg,Tablet,No,See ASN-11362 (ID#:47253),Direct Drop,"Nevirapine 200mg, tablets, 60 Tabs",62.86,15000,38100.0,PMO - US,"Strides, Bangalore, India.",Nevirapine,2.54,05-02-11,SCMS-107630,FPQ-7565,4/21/11,ARV,108-VN-T30,26-Jul-11,Air,Adult,60,0.04,STRIDES ARCOLAB LIMITED,EXW,See ASN-11362 (ID#:47253)
11088,DN-26,Generic,CÃte dIvoire,08-Mar-07,08-Mar-07,600mg,Tablet,Yes,1448,From RDC,"Efavirenz 600mg, tablets, 30 Tabs",MIssing,3024,49140.0,PMO - US,"Aurobindo Unit III, India",Efavirenz,16.25,N/A - From RDC,SO-283,Pre-PQ Process,Pre-PQ Process,ARV,100-CI-T01,22-Feb-07,MIssing,Adult,30,0.54,SCMS from RDC,N/A - From RDC,275
82472,DN-2643,Generic,Uganda,18-May-12,18-May-12,200mg,Tablet,No,See DN-2643 (ID#:82471),From RDC,"Nevirapine 200mg, tablets, 60 Tabs",2.57,750,1830.0,PMO - US,"Strides, Bangalore, India.",Nevirapine,2.44,N/A - From RDC,SO-41510,FPQ-9321,02-10-12,ARV,114-UG-T30,03-Jul-12,Truck,Adult,60,0.04,SCMS from RDC,N/A - From RDC,See DN-2643 (ID#:82471)
64320,ASN-29141,Determine,Swaziland,19-Feb-15,19-Feb-15,MIssing,Test kit - Ancillary,No,See ASN-29141 (ID#:63419),Direct Drop,"Chase Buffer, Determine, 100 Tests, 2.5ml x 1 Vial",0.2,39,195.0,PMO - US,"Alere Medical Co., Ltd.","Chase Buffer, Determine, 100 Tests, 2.5ml x 1 Vial",5.0,10-09-14,SCMS-256310,FPQ-14826,09-03-14,HRDT,203-SZ-T30,19-Feb-15,Air,HIV test - Ancillary,1,5.0,"Orgenics, Ltd",EXW,See ASN-29141 (ID#:63419)
82650,DN-3532,Generic,Tanzania,19-Feb-14,24-Feb-14,600/300/300mg,Tablet - FDC,Yes,3541.59,From RDC,"Efavirenz/Lamivudine/Tenofovir Disoproxil Fumarate 600/300/300mg, tablets, 30 Tabs",619.41,46066,500737.42,PMO - US,Mylan (formerly Matrix) Nashik,Efavirenz/Lamivudine/Tenofovir Disoproxil Fumarate,10.87,N/A - From RDC,SO-45742,FPQ-12354,5/16/13,ARV,109-TZ-T30,31-Jan-14,Truck,Adult,30,0.36,SCMS from RDC,N/A - From RDC,5175
83953,DN-1493,Generic,Nigeria,20-Nov-09,20-Nov-09,30mg,Capsule,No,See DN-1493 (ID#:83374),From RDC,"Stavudine 30mg, capsules, 60 Caps",11.59,4050,5913.0,PMO - US,"Aurobindo Unit III, India",Stavudine,1.46,N/A - From RDC,SO-32971,FPQ-4395,7/27/09,ARV,123-NG-T30,18-Dec-09,Air Charter,Adult,60,0.02,SCMS from RDC,N/A - From RDC,See DN-1493 (ID#:83374)
83217,DN-3579,Generic,Rwanda,02-Apr-14,14-Apr-14,600/300/300mg,Tablet - FDC,Yes,12995.06,From RDC,"Efavirenz/Lamivudine/Tenofovir Disoproxil Fumarate 600/300/300mg, tablets, 30 Tabs",672.31,50000,543500.0,PMO - US,"Aurobindo Unit VII, IN",Efavirenz/Lamivudine/Tenofovir Disoproxil Fumarate,10.87,N/A - From RDC,SO-46480,FPQ-12766,08-02-13,ARV,107-RW-T30,28-Mar-14,Truck,Adult,30,0.36,SCMS from RDC,N/A - From RDC,22442
23957,ASN-29373,Generic,Vietnam,17-Dec-14,17-Dec-14,600/300/300mg,Tablet - FDC,Yes,4312.92,Direct Drop,"Efavirenz/Lamivudine/Tenofovir Disoproxil Fumarate 600/300/300mg, tablets, 30 Tabs",207.24,19200,201600.0,PMO - US,Hetero Unit III Hyderabad IN,Efavirenz/Lamivudine/Tenofovir Disoproxil Fumarate,10.5,08-11-14,SCMS-249050,FPQ-14516,07-09-14,ARV,108-VN-T30,17-Dec-14,Air,Adult,30,0.35,HETERO LABS LIMITED,EXW,2877
83414,DN-1759,Generic,CÃte dIvoire,01-Apr-10,01-Apr-10,300mg,Tablet,No,See DN-1759 (ID#:82875),From RDC,"Zidovudine 300mg, tablets, 60 Tabs",132.96,9009,67837.77,PMO - US,Mylan (formerly Matrix) Nashik,Zidovudine,7.53,N/A - From RDC,SO-34370,FPQ-4378,10/15/09,ARV,104-CI-T30,06-Apr-10,Air,Adult,60,0.13,SCMS from RDC,N/A - From RDC,See DN-1759 (ID#:82875)
16805,ASN-17984,Stat-Pak,Uganda,20-Feb-13,20-Feb-13,MIssing,Test kit,Yes,3824.96,Direct Drop,"HIV 1/2, Stat-Pak Dipstick Assay Kit, 30 Tests",49.78,1458,40240.8,PMO - US,Chembio Diagnostics Sys. Inc.,"HIV 1/2, Stat-Pak Dipstick Assay Kit",27.6,01-02-13,SCMS-171670,FPQ-11098,12/13/12,HRDT,114-UG-T30,20-Feb-13,Air,HIV test,30,0.92,"CHEMBIO DIAGNOSTIC SYSTEMS, INC.",EXW,158
12576,DN-1206,Generic,Nigeria,30-Apr-09,30-Apr-09,150/300/200mg,Tablet - FDC,Yes,17096.24,From RDC,"Lamivudine/Nevirapine/Zidovudine 150/200/300mg, tablets, 60 Tabs",297.93,13334,152007.6,PMO - US,Mylan (formerly Matrix) Nashik,Lamivudine/Nevirapine/Zidovudine,11.4,N/A - From RDC,SO-22525,Pre-PQ Process,Pre-PQ Process,ARV,151-NG-T01,30-Apr-09,Ocean,Adult,60,0.19,SCMS from RDC,N/A - From RDC,1626
83468,DN-2062,Aluvia,CÃte dIvoire,13-Dec-10,13-Dec-10,200/50mg,Tablet,Yes,3962.5,From RDC,"Lopinavir/Ritonavir 200/50mg [Aluvia], tablets, 120 Tabs",77.96,1000,36160.0,PMO - US,ABBVIE Ludwigshafen Germany,Lopinavir/Ritonavir,36.16,N/A - From RDC,SO-38010,FPQ-5925,6/23/10,ARV,104-CI-T30,07-Dec-10,Air,Adult,120,0.3,SCMS from RDC,N/A - From RDC,205
40205,ASN-31129,Uni-Gold,South Sudan,08-May-15,11-May-15,MIssing,Test kit,Yes,2796.58,Direct Drop,"HIV 1/2, Uni-Gold HIV Kit, 20 Tests",1.32,35,1120.0,PMO - US,"Trinity Biotech, Plc","HIV 1/2, Uni-Gold HIV Kit",32.0,2/20/15,SCMS-272140,FPQ-15569,12/29/14,HRDT,105-SS-T30,08-May-15,Air,HIV test,20,1.6,"Trinity Biotech, Plc",EXW,191
6105,ASN-3322,Uni-Gold,Ethiopia,18-Feb-09,18-Feb-09,MIssing,Test kit,Yes,8101.57,Direct Drop,"HIV 1/2, Uni-Gold HIV Kit, 20 Tests",156.8,2500,80000.0,PMO - US,"Trinity Biotech, Plc","HIV 1/2, Uni-Gold HIV Kit",32.0,10/22/08,SCMS-32400,Pre-PQ Process,Pre-PQ Process,HRDT,117-ET-T01,18-Feb-09,Air,HIV test,20,1.6,"Trinity Biotech, Plc",EXW,844
84621,DN-2121,Generic,Uganda,22-Mar-11,22-Mar-11,150/300/200mg,Tablet - FDC,No,See DN-2121 (ID#:82370),From RDC,"Lamivudine/Nevirapine/Zidovudine 150/200/300mg, tablets, 60 Tabs",217.42,8988,100845.36,PMO - US,Mylan (formerly Matrix) Nashik,Lamivudine/Nevirapine/Zidovudine,11.22,N/A - From RDC,SO-37560,FPQ-6427,9/29/10,ARV,114-UG-T30,28-Feb-11,Truck,Adult,60,0.19,SCMS from RDC,N/A - From RDC,See DN-2121 (ID#:82370)
40598,ASN-28034,Generic,South Africa,29-Aug-14,29-Aug-14,200/300mg,Tablet - FDC,No,Freight Included in Commodity Cost,Direct Drop,"Emtricitabine/Tenofovir Disoproxil Fumarate 200/300mg, tablets, 30 Tabs",13.77,334,11131.8,PMO - US,"Aurobindo Unit III, India",Emtricitabine/Tenofovir Disoproxil Fumarate,33.33,8/29/14,SCMS-199289,FPQ-12522,07-11-13,ARV,116-ZA-T30,29-Aug-14,Truck,Adult,30,1.11,S. BUYS WHOLESALER,DDP,Weight Captured Separately
86442,DN-2499,Generic,"Congo, DRC",14-Feb-12,14-Feb-12,600mg,Tablet,No,See DN-2499 (ID#:83004),From RDC,"Efavirenz 600mg, tablets, 30 Tabs",3.23,560,2307.2,PMO - US,"Strides, Bangalore, India.",Efavirenz,4.12,N/A - From RDC,SO-41137,FPQ-8840,11/21/11,ARV,101-CD-T30,16-Mar-12,Air,Adult,30,0.14,SCMS from RDC,N/A - From RDC,See DN-2499 (ID#:83004)
20462,ASN-7842,Determine,CÃte dIvoire,08-Sep-10,08-Sep-10,MIssing,Test kit,Yes,11463.46,Direct Drop,"HIV 1/2, Determine HIV Kit, without Lancets, 100 Tests",502.56,3000,233100.0,PMO - US,Inverness Japan,"HIV 1/2, Determine HIV Kit, without Lancets",77.7,06-07-10,SCMS-75381,FPQ-5209,2/25/10,HRDT,104-CI-T30,08-Sep-10,Air,HIV test,100,0.78,"Orgenics, Ltd",EXW,680
86058,DN-3578,Generic,Rwanda,02-Apr-14,14-Apr-14,150/300mg,Tablet - FDC,Yes,12995.06,From RDC,"Lamivudine/Zidovudine 150/300mg, tablets, 60 Tabs",124.53,18000,121140.0,PMO - US,"Aurobindo Unit III, India",Lamivudine/Zidovudine,6.73,N/A - From RDC,SO-47830,FPQ-13647,1/28/14,ARV,107-RW-T30,25-Mar-14,Air,Adult,60,0.11,SCMS from RDC,N/A - From RDC,1643
12421,DN-388,Generic,Zambia,09-Nov-07,09-Nov-07,600mg,Tablet,No,See DN-388 (ID#:11188),From RDC,"Efavirenz 600mg, tablets, 30 Tabs",292.78,11254,182990.04,PMO - US,"Aurobindo Unit III, India",Efavirenz,16.26,N/A - From RDC,SO-572,Pre-PQ Process,Pre-PQ Process,ARV,110-ZM-T01,09-Nov-07,MIssing,Adult,30,0.54,SCMS from RDC,N/A - From RDC,See DN-388 (ID#:11188)
12083,DN-229,Capillus,Tanzania,13-Jul-07,13-Jul-07,MIssing,Test kit,Yes,1547,From RDC,"HIV 1/2, Capillus HIV Kit, 100 Tests",93.85,422,58658.0,PMO - US,"Trinity Biotech, Plc","HIV 1/2, Capillus HIV Kit",139.0,N/A - From RDC,SO-747,Pre-PQ Process,Pre-PQ Process,HRDT,109-TZ-T01,13-Jul-07,Air,HIV test,100,1.39,SCMS from RDC,N/A - From RDC,3093
83914,DN-4287,Generic,South Sudan,19-Jun-15,23-Jun-15,600/300/300mg,Tablet - FDC,Yes,Invoiced Separately,From RDC,"Efavirenz/Lamivudine/Tenofovir Disoproxil Fumarate 600/300/300mg, tablets, 30 Tabs",637.27,56400,541440.0,PMO - US,Mylan (formerly Matrix) Nashik,Efavirenz/Lamivudine/Tenofovir Disoproxil Fumarate,9.6,N/A - From RDC,SO-51450,FPQ-16212,4/15/15,ARV,103-SS-T30,28-Jul-15,Air,Adult,30,0.32,SCMS from RDC,N/A - From RDC,Weight Captured Separately
13487,ASN-30067,Generic,Haiti,13-Mar-15,18-Mar-15,600/300/300mg,Tablet - FDC,Yes,7658.27,Direct Drop,"Efavirenz/Lamivudine/Tenofovir Disoproxil Fumarate 600/300/300mg, tablets, 30 Tabs",263.17,25000,256000.0,PMO - US,Mylan (formerly Matrix) Nashik,Efavirenz/Lamivudine/Tenofovir Disoproxil Fumarate,10.24,11/14/14,SCMS-261510,FPQ-14895,9/24/14,ARV,106-HT-T30,13-Mar-15,Ocean,Adult,30,0.34,MYLAN LABORATORIES LTD (FORMERLY MATRIX LABORATORIES),EXW,3034
40779,ASN-25196,Determine,Mozambique,02-May-14,02-May-14,MIssing,Test kit,Yes,24079.79,Direct Drop,"HIV 1/2, Determine Complete HIV Kit, 100 Tests",731.77,8898,711840.0,PMO - US,"Alere Medical Co., Ltd.","HIV 1/2, Determine Complete HIV Kit",80.0,11/13/13,SCMS-211561,FPQ-13093,10/15/13,HRDT,111-MZ-T30,02-May-14,Air,HIV test,100,0.8,"Orgenics, Ltd",EXW,3611
82706,DN-3842,Generic,South Sudan,01-Sep-14,02-Sep-14,150/300mg,Tablet - FDC,Yes,4708,From RDC,"Lamivudine/Zidovudine 150/300mg, tablets, 60 Tabs",2.65,396,2581.92,PMO - US,Hetero Unit III Hyderabad IN,Lamivudine/Zidovudine,6.52,N/A - From RDC,SO-49120,FPQ-14409,06-05-14,ARV,103-SS-T30,01-Sep-14,Air,Adult,60,0.11,SCMS from RDC,N/A - From RDC,410
6745,ASN-763,Determine,Guyana,08-Oct-07,08-Oct-07,MIssing,Test kit,Yes,1928.93,Direct Drop,"HIV 1/2, Determine HIV Kit, without Lancets, 100 Tests",50.91,442,31819.58,PMO - US,Inverness Japan,"HIV 1/2, Determine HIV Kit, without Lancets",71.99,8/28/07,SCMS-11650,Pre-PQ Process,Pre-PQ Process,HRDT,102-GY-T01,21-Sep-07,Air,HIV test,100,0.72,"Orgenics, Ltd",EXW,100
6403,ASN-3770,Epivir,South Africa,18-Mar-09,18-Mar-09,10mg/ml,Oral solution,Yes,Freight Included in Commodity Cost,Direct Drop,"Lamivudine 10mg/ml [Epivir], oral solution, Bottle, 240 ml",0.47,44,237.6,PMO - US,GSK Mississauga (Canada),Lamivudine,5.4,Date Not Captured,SCMS-41170,Pre-PQ Process,Pre-PQ Process,ARV,116-ZA-T01,18-Mar-09,Air,Pediatric,240,0.02,S. BUYS WHOLESALER,DDP,Weight Captured Separately
82946,DN-2179,Generic,Zimbabwe,20-May-11,20-May-11,30/6mg,Chewable/dispersible tablet - FDC,Yes,3403.99,From RDC,"Lamivudine/Stavudine 30/6mg, dispersible tablets, 60 Tabs",14.14,3453,6560.7,PMO - US,"Cipla, Goa, India",Lamivudine/Stavudine,1.9,N/A - From RDC,SO-39280,FPQ-6483,10/13/10,ARV,200-ZW-T30,04-Apr-11,Truck,Pediatric,60,0.03,SCMS from RDC,N/A - From RDC,687
38567,ASN-16852,Determine,South Sudan,13-Dec-12,13-Dec-12,MIssing,Test kit,No,See ASN-16852 (ID#:25990),Direct Drop,"HIV 1/2, Determine Complete HIV Kit, 100 Tests",77.86,624,55536.0,PMO - US,"Alere Medical Co., Ltd.","HIV 1/2, Determine Complete HIV Kit",89.0,8/21/12,SCMS-157880,FPQ-10504,8/15/12,HRDT,900-SS-T30,13-Dec-12,Air,HIV test,100,0.89,"Orgenics, Ltd",EXW,See ASN-16852 (ID#:25990)
84676,DN-2375,Generic,Tanzania,23-Sep-11,23-Sep-11,600/200/300mg,Tablet - FDC,Yes,2094.34,From RDC,"Efavirenz/Emtricitabine/Tenofovir Disoproxil Fumarate 600/200/300mg, tablets, 30 Tabs",2242.75,68235,1359241.2,PMO - US,Mylan (formerly Matrix) Nashik,Efavirenz/Emtricitabine/Tenofovir Disoproxil Fumarate,19.92,N/A - From RDC,SO-40710,FPQ-6713,12-02-10,ARV,109-TZ-T30,29-Sep-11,Truck,Adult,30,0.66,SCMS from RDC,N/A - From RDC,83
85155,DN-2026,Generic,Uganda,25-Oct-10,25-Oct-10,200/300mg,Tablet - FDC,No,See DN-2026 (ID#:84047),From RDC,"Emtricitabine/Tenofovir Disoproxil Fumarate 200/300mg, tablets, 30 Tabs",212.16,8375,98406.25,PMO - US,Mylan (formerly Matrix) Nashik,Emtricitabine/Tenofovir Disoproxil Fumarate,11.75,N/A - From RDC,SO-37460,FPQ-6403,9/16/10,ARV,102-UG-T30,20-Oct-10,Air,Adult,30,0.39,SCMS from RDC,N/A - From RDC,See DN-2026 (ID#:84047)
11404,DN-165,Generic,Zambia,05-Jun-07,05-Jun-07,200mg,Tablet,Yes,Freight Included in Commodity Cost,From RDC,"Nevirapine 200mg, tablets, 60 Tabs",MIssing,33333,122332.11,PMO - US,"Aurobindo Unit III, India",Nevirapine,3.67,N/A - From RDC,SO-230,Pre-PQ Process,Pre-PQ Process,ARV,110-ZM-T01,05-Jun-07,MIssing,Adult,60,0.06,SCMS from RDC,N/A - From RDC,3118
33190,ASN-32138,Generic,South Africa,12-May-15,12-May-15,150mg,Tablet,No,Freight Included in Commodity Cost,Direct Drop,"Lamivudine 150mg, tablets, 60 Tabs",0.02,3,19.82,PMO - US,"Aurobindo Unit III, India",Lamivudine,6.61,05-11-15,SCMS-259075,FPQ-14942,09-11-14,ARV,116-ZA-T30,12-May-15,Truck,Adult,60,0.11,PHARMACY DIRECT,DDP,Weight Captured Separately
11944,DN-1060,Generic,Ethiopia,18-Feb-09,18-Feb-09,150/200/30mg,Tablet - FDC,No,See DN-1060 (ID#:11618),From RDC,"Lamivudine/Nevirapine/Stavudine 150/200/30mg, tablets, 60 Tabs",39.84,2855,20327.6,PMO - US,"Cipla, Goa, India",Lamivudine/Nevirapine/Stavudine,7.12,N/A - From RDC,SO-22000,Pre-PQ Process,Pre-PQ Process,ARV,117-ET-T01,18-Feb-09,Air,Adult,60,0.12,SCMS from RDC,N/A - From RDC,See DN-1060 (ID#:11618)
11829,DN-502,Generic,Haiti,10-Dec-07,10-Dec-07,600mg,Tablet,Yes,24448,From RDC,"Efavirenz 600mg, tablets, 30 Tabs",695.52,35000,434700.0,PMO - US,"Strides, Bangalore, India.",Efavirenz,12.42,N/A - From RDC,SO-1484,Pre-PQ Process,Pre-PQ Process,ARV,106-HT-T01,10-Dec-07,Air,Adult,30,0.41,SCMS from RDC,N/A - From RDC,2153
19905,ASN-8909,Generic,Vietnam,08-Dec-10,08-Dec-10,150/300mg,Tablet - FDC,Yes,13083.7,Direct Drop,"Lamivudine/Zidovudine 150/300mg, tablets, 60 Tabs",355.74,20000,165000.0,PMO - US,"Aurobindo Unit III, India",Lamivudine/Zidovudine,8.25,07-01-10,SCMS-77250,FPQ-5899,6/23/10,ARV,108-VN-T30,08-Dec-10,Air,Adult,60,0.14,Aurobindo Pharma Limited,EXW,1951
73275,ASN-27195,Kaletra,South Africa,10-Jul-14,10-Jul-14,80/20mg/ml,Oral solution,Yes,Freight Included in Commodity Cost,Direct Drop,"Lopinavir/Ritonavir 80/20mg/ml [Kaletra], oral solution, cool, Bottle 5 x 60 ml",0.09,3,70.35,PMO - US,ABBVIE (Abbott) Logis. UK,Lopinavir/Ritonavir,23.45,07-10-14,SCMS-199288,FPQ-12522,07-11-13,ARV,116-ZA-T30,10-Jul-14,Truck,Pediatric,300,0.08,S. BUYS WHOLESALER,DDP,Weight Captured Separately
83301,DN-4088,Generic,Rwanda,28-Feb-15,05-Mar-15,200mg,Tablet,Yes,12757,From RDC,"Nevirapine 200mg, tablets, 60 Tabs",356.83,157062,347107.02,PMO - US,"Micro labs, Verna, Goa, India",Nevirapine,2.21,N/A - From RDC,SO-48812,FPQ-14111,4/22/14,ARV,107-RW-T30,27-Feb-15,Truck,Adult,60,0.04,SCMS from RDC,N/A - From RDC,15302
11267,DN-773,Determine,Zimbabwe,17-Jun-08,17-Jun-08,MIssing,Test kit,Yes,939.12,From RDC,"HIV 1/2, Determine HIV Kit, without Lancets, 100 Tests",63.35,550,39594.5,PMO - US,Inverness Japan,"HIV 1/2, Determine HIV Kit, without Lancets",71.99,N/A - From RDC,SO-1873,Pre-PQ Process,Pre-PQ Process,HRDT,113-ZW-T01,17-Jun-08,Air,HIV test,100,0.72,SCMS from RDC,N/A - From RDC,161
12684,DN-290,Kaletra,Tanzania,10-Sep-07,10-Sep-07,80/20mg/ml,Oral solution,No,See DN-290 (ID#:10859),From RDC,"Lopinavir/Ritonavir 80/20mg/ml [Kaletra], oral solution, cool, Bottle 5 x 60 ml",9.67,147,6041.7,PMO - US,ABBVIE (Abbott) Logis. UK,Lopinavir/Ritonavir,41.1,N/A - From RDC,SO-455,Pre-PQ Process,Pre-PQ Process,ARV,109-TZ-T01,10-Sep-07,MIssing,Pediatric,300,0.14,SCMS from RDC,N/A - From RDC,See DN-290 (ID#:10859)
3470,ASN-3001,Videx EC,Uganda,09-Dec-08,09-Dec-08,250mg,Delayed-release capsules - blister,Yes,378,Direct Drop,"Didanosine EC 250mg [Videx EC], delayed-release capsules, Blister 3 x 10 Caps",1.8,50,917.0,PMO - US,"BMS Meymac, France",Didanosine EC,18.34,10/17/08,SCMS-32250,Pre-PQ Process,Pre-PQ Process,ARV,114-UG-T01,09-Dec-08,Air,Adult,30,0.61,BRISTOL-MYERS SQUIBB,CIP,2
10650,DN-621,Uni-Gold,Botswana,12-Mar-08,12-Mar-08,MIssing,Test kit,Yes,861,From RDC,"HIV 1/2, Uni-Gold HIV Kit, 20 Tests",5.12,100,3200.0,PMO - US,"Trinity Biotech, Plc","HIV 1/2, Uni-Gold HIV Kit",32.0,N/A - From RDC,SO-1662,Pre-PQ Process,Pre-PQ Process,HRDT,102-BW-T01,12-Mar-08,Air,HIV test,20,1.6,SCMS from RDC,N/A - From RDC,35
12739,DN-434,Generic,CÃte dIvoire,22-Nov-07,22-Nov-07,20mg/ml,Oral solution,No,See DN-434 (ID#:11483),From RDC,"Abacavir 20mg/ml, oral solution, Bottle, 240 ml",3.84,96,2400.0,PMO - US,"Aurobindo Unit III, India",Abacavir,25.0,N/A - From RDC,SO-1101,Pre-PQ Process,Pre-PQ Process,ARV,104-CI-T01,22-Nov-07,Air,Pediatric,240,0.1,SCMS from RDC,N/A - From RDC,See DN-434 (ID#:11483)
63486,ASN-19859,Generic,Vietnam,05-Jul-13,05-Jul-13,300mg,Tablet,No,See ASN-19859 (ID#:59267),Direct Drop,"Abacavir 300mg, tablets, 60 Tabs",10.35,683,8366.75,PMO - US,Hetero Unit III Hyderabad IN,Abacavir,12.25,02-06-13,SCMS-176270,FPQ-11418,1/29/13,ARV,108-VN-T30,05-Jul-13,Air,Adult,60,0.2,HETERO LABS LIMITED,EXW,See ASN-19859 (ID#:59267)
1046,ASN-3675,Videx,Haiti,31-Mar-09,31-Mar-09,50mg,Chewable/dispersible tablet,Yes,260,Direct Drop,"Didanosine 50mg [Videx], chewable tablets, 60 Tabs",1.49,80,760.0,PMO - US,"BMS Meymac, France",Didanosine,9.5,03-06-09,SCMS-40000,Pre-PQ Process,Pre-PQ Process,ARV,106-HT-T01,31-Mar-09,Air,Pediatric,60,0.16,BRISTOL-MYERS SQUIBB,CIP,43
82711,DN-3844,Generic,Guyana,30-Jul-14,05-Sep-14,10mg/ml,Oral solution,No,See DN-3844 (ID#:82710),From RDC,"Lamivudine 10mg/ml, oral solution w/syringe, Bottle, 240 ml",0.13,90,128.7,PMO - US,"Aurobindo Unit III, India",Lamivudine,1.43,N/A - From RDC,SO-48520,FPQ-14042,04-09-14,ARV,105-GY-T30,30-Sep-14,Air,Pediatric,240,0.01,SCMS from RDC,N/A - From RDC,See DN-3844 (ID#:82710)
1531,ASN-1061,OraQuick,Kazakhstan,27-Dec-07,27-Dec-07,MIssing,Test kit,Yes,Freight Included in Commodity Cost,Direct Drop,"HIV 1/2, OraQuick Advance HIV Rapid Antibody Kit, 100 Tests",28,50,17500.0,PMO - US,"Pacific Biotech, Thailand","HIV 1/2, OraQuick Advance HIV Rapid Antibody Kit",350.0,11/30/07,SCMS-14770,Pre-PQ Process,Pre-PQ Process,HRDT,100-KZ-T01,27-Dec-07,Air,HIV test,100,3.5,Orasure Technologies Inc.,DDP,Weight Captured Separately
85523,DN-3918,Generic,Nigeria,03-Sep-14,05-Sep-14,150/300mg,Tablet - FDC,No,See DN-3918 (ID#:83274),From RDC,"Lamivudine/Zidovudine 150/300mg, tablets, 60 Tabs",107.13,15485,104214.05,PMO - US,Mylan (formerly Matrix) Nashik,Lamivudine/Zidovudine,6.73,N/A - From RDC,SO-48320,FPQ-13704,2/13/14,ARV,151-NG-T30,30-Sep-14,Air Charter,Adult,60,0.11,SCMS from RDC,N/A - From RDC,See DN-3918 (ID#:83274)
78715,ASN-12290,Generic,South Africa,23-Nov-11,23-Nov-11,150mg,Tablet,Yes,37401.43,Direct Drop,"Lamivudine 150mg, tablets, 60 Tabs",2064.89,515000,1251450.0,PMO - US,"Strides, Bangalore, India.",Lamivudine,2.43,3/28/11,SCMS-103930,FPQ-7175,03-10-11,ARV,161-ZA-T30,23-Nov-11,Ocean,Adult,60,0.04,STRIDES ARCOLAB LIMITED,DDP,23655
1527,ASN-1167,Stat-Pak,Nigeria,21-Jan-08,21-Jan-08,MIssing,Test kit,Yes,28002.75,Direct Drop,"HIV 1/2, Stat-Pak HIV, Kit, 20 Tests",432,10000,270000.0,PMO - US,Chembio Diagnostics Sys. Inc.,"HIV 1/2, Stat-Pak HIV, Kit",27.0,11/30/07,SCMS-14640,Pre-PQ Process,Pre-PQ Process,HRDT,102-NG-T01,21-Jan-08,Air,HIV test,20,1.35,"CHEMBIO DIAGNOSTIC SYSTEMS, INC.",EXW,3336
86295,DN-1782,Generic,Nigeria,18-May-10,18-May-10,600mg,Tablet,Yes,9736.1,From RDC,"Efavirenz 600mg, tablets, 30 Tabs",3.44,336,1596.0,PMO - US,"Aurobindo Unit III, India",Efavirenz,4.75,N/A - From RDC,SO-34917,FPQ-4537,11-06-09,ARV,151-NG-T30,31-May-10,Air Charter,Adult,30,0.16,SCMS from RDC,N/A - From RDC,30
84337,DN-3561,Generic,"Congo, DRC",19-May-14,26-Jun-14,10mg/ml,Oral suspension,No,See DN-3561 (ID#:82654),From RDC,"Nevirapine 10mg/ml, oral suspension w/syringe, Bottle, 240 ml",0.84,440,818.4,PMO - US,"Aurobindo Unit III, India",Nevirapine,1.86,N/A - From RDC,SO-47630,FPQ-13554,1/15/14,ARV,101-CD-T30,30-May-14,Air,Pediatric,240,0.01,SCMS from RDC,N/A - From RDC,See DN-3561 (ID#:82654)
84281,DN-3287,Generic,Zimbabwe,20-Sep-13,20-Sep-13,600/300/300mg,Tablet - FDC,Yes,4529.65,From RDC,"Efavirenz/Lamivudine/Tenofovir Disoproxil Fumarate 600/300/300mg, tablets, 30 Tabs",776.63,59680,627833.6,PMO - US,Hetero Unit III Hyderabad IN,Efavirenz/Lamivudine/Tenofovir Disoproxil Fumarate,10.52,N/A - From RDC,SO-44270,FPQ-11477,1/16/13,ARV,102-ZW-T30,20-Sep-13,Truck,Adult,30,0.35,SCMS from RDC,N/A - From RDC,7831
12222,DN-872,Generic,Nigeria,18-Aug-08,18-Aug-08,150mg,Tablet,Yes,1020.98,From RDC,"Lamivudine 150mg, tablets, 60 Tabs",6.03,1300,3770.0,PMO - US,"Aurobindo Unit III, India",Lamivudine,2.9,N/A - From RDC,SO-10800,Pre-PQ Process,Pre-PQ Process,ARV,126-NG-T01,18-Aug-08,Air,Adult,60,0.05,SCMS from RDC,N/A - From RDC,65
68785,ASN-6264,Generic,Vietnam,17-Mar-10,17-Mar-10,150mg,Tablet,No,See ASN-6264 (ID#:52856),Direct Drop,"Lamivudine 150mg, tablets, 60 Tabs",96.53,20520,49248.0,PMO - US,"Aurobindo Unit III, India",Lamivudine,2.4,11/13/09,SCMS-57140,FPQ-4265,10/20/09,ARV,108-VN-T30,17-Mar-10,Air,Adult,60,0.04,Aurobindo Pharma Limited,EXW,See ASN-6264 (ID#:52856)
86138,DN-3937,Generic,Zambia,19-Sep-14,17-Oct-14,200mg,Tablet,Yes,21149.81,From RDC,"Nevirapine 200mg, tablets, 60 Tabs",725.07,319150,705321.5,PMO - US,Hetero Unit III Hyderabad IN,Nevirapine,2.21,N/A - From RDC,SO-48670,FPQ-14162,4/24/14,ARV,110-ZM-T30,30-Sep-14,Truck,Adult,60,0.04,SCMS from RDC,N/A - From RDC,19661
12495,DN-764,Generic,Tanzania,30-Jun-08,30-Jun-08,150/300mg,Tablet - FDC,Yes,8831.92,From RDC,"Lamivudine/Zidovudine 150/300mg, tablets, 60 Tabs",1696.33,112191,1060204.95,PMO - US,"Aurobindo Unit III, India",Lamivudine/Zidovudine,9.45,N/A - From RDC,SO-2558,Pre-PQ Process,Pre-PQ Process,ARV,109-TZ-T01,30-Jun-08,Truck,Adult,60,0.16,SCMS from RDC,N/A - From RDC,10453
85216,DN-2459,Generic,CÃte dIvoire,06-Feb-12,06-Feb-12,200/300mg,Tablet - FDC,No,See DN-2459 (ID#:82424),From RDC,"Emtricitabine/Tenofovir Disoproxil Fumarate 200/300mg, tablets, 30 Tabs",170.5,11520,103334.4,PMO - US,"Aurobindo Unit III, India",Emtricitabine/Tenofovir Disoproxil Fumarate,8.97,N/A - From RDC,SO-40791,FPQ-8295,8/25/11,ARV,104-CI-T30,06-Feb-12,Truck,Adult,30,0.3,SCMS from RDC,N/A - From RDC,See DN-2459 (ID#:82424)
10989,DN-871,Generic,Nigeria,25-Aug-08,25-Aug-08,200mg,Tablet,Yes,14931.8,From RDC,"Nevirapine 200mg, tablets, 60 Tabs",192.58,35400,120360.0,PMO - US,Hetero Unit III Hyderabad IN,Nevirapine,3.4,N/A - From RDC,SO-10780,Pre-PQ Process,Pre-PQ Process,ARV,126-NG-T01,25-Aug-08,Air,Adult,60,0.06,SCMS from RDC,N/A - From RDC,1987
82766,DN-4064,Generic,CÃte dIvoire,19-Jan-15,27-Jan-15,600mg,Tablet,No,See DN-4064 (ID#:82765),From RDC,"Efavirenz 600mg, tablets, 30 Tabs",64.16,20004,62412.48,PMO - US,"Micro labs, Verna, Goa, India",Efavirenz,3.12,N/A - From RDC,SO-49052,FPQ-14370,5/23/14,ARV,104-CI-T30,16-Feb-15,Truck,Adult,30,0.1,SCMS from RDC,N/A - From RDC,See DN-4064 (ID#:82765)
18227,ASN-11579,Generic,Vietnam,11-Aug-11,11-Aug-11,200mg,Tablet,Yes,12745.06,Direct Drop,"Nevirapine 200mg, tablets, 60 Tabs",107.25,25000,65000.0,PMO - US,Mylan (formerly Matrix) Nashik,Nevirapine,2.6,05-02-11,SCMS-108100,FPQ-7565,4/21/11,ARV,108-VN-T30,11-Aug-11,Air,Adult,60,0.04,MYLAN LABORATORIES LTD (FORMERLY MATRIX LABORATORIES),EXW,3098
11708,DN-90,Generic,Mozambique,04-May-07,04-May-07,300mg,Tablet,Yes,596.4,From RDC,"Zidovudine 300mg, tablets, 60 Tabs",MIssing,4000,34080.0,PMO - US,"Ranbaxy, Paonta Shahib, India",Zidovudine,8.52,N/A - From RDC,SO-458,Pre-PQ Process,Pre-PQ Process,ARV,111-MZ-T01,04-May-07,Air,Adult,60,0.14,SCMS from RDC,N/A - From RDC,Weight Captured Separately
5058,ASN-4614,Generic,South Africa,25-Jun-09,25-Jun-09,10mg/ml,Oral solution,Yes,Freight Included in Commodity Cost,Direct Drop,"Lamivudine 10mg/ml, oral solution, Bottle, 240 ml",1.2,108,610.2,PMO - US,"Aurobindo Unit III, India",Lamivudine,5.65,3/18/09,SCMS-41465,Pre-PQ Process,Pre-PQ Process,ARV,116-ZA-T01,25-Jun-09,Air,Pediatric,240,0.02,S. BUYS WHOLESALER,DDP,Weight Captured Separately
43229,ASN-8571,Stat-Pak,CÃte dIvoire,24-Nov-10,24-Nov-10,MIssing,Test kit,Yes,7883.32,Direct Drop,"HIV 1/2, Stat-Pak HIV, Kit, 20 Tests",12.81,220,5940.0,PMO - US,Chembio Diagnostics Sys. Inc.,"HIV 1/2, Stat-Pak HIV, Kit",27.0,9/16/10,SCMS-85420,FPQ-6252,8/26/10,HRDT,104-CI-T30,24-Nov-10,Air,HIV test,20,1.35,"CHEMBIO DIAGNOSTIC SYSTEMS, INC.",EXW,115
84142,DN-2524,Generic,"Congo, DRC",22-Mar-12,22-Mar-12,150mg,Tablet,Yes,522.42,From RDC,"Lamivudine 150mg, tablets, 60 Tabs",0.08,23,53.59,PMO - US,Hetero Unit III Hyderabad IN,Lamivudine,2.33,N/A - From RDC,SO-41383,FPQ-8840,11/21/11,ARV,101-CD-T30,22-Mar-12,Air,Adult,60,0.04,SCMS from RDC,N/A - From RDC,1
86694,DN-3771,Generic,Zimbabwe,20-Jun-14,07-Jul-14,200mg,Tablet,No,See DN-3771 (ID#:84943),From RDC,"Nevirapine 200mg, tablets, 60 Tabs",413.77,178097,402499.22,PMO - US,Hetero Unit III Hyderabad IN,Nevirapine,2.26,N/A - From RDC,SO-47541,FPQ-13508,12/24/13,ARV,113-ZW-T30,30-Sep-14,Truck,Adult,60,0.04,SCMS from RDC,N/A - From RDC,See DN-3771 (ID#:84943)
69208,ASN-7805,Stocrin/Sustiva,Haiti,30-Aug-10,30-Aug-10,30mg/ml,Oral solution,Yes,290,Direct Drop,"Efavirenz 30mg/ml [Stocrin/Sustiva], oral solution, Bottle, 180 ml",12.51,342,5800.32,PMO - US,"MSD, Haarlem, NL",Efavirenz,16.96,5/25/10,SCMS-74050,FPQ-5526,05-04-10,ARV,106-HT-T30,30-Aug-10,Air,Pediatric,180,0.09,MERCK SHARP & DOHME IDEA GMBH (FORMALLY MERCK SHARP & DOHME B.V.),CIP,109
83617,DN-2812,Generic,"Congo, DRC",14-Feb-13,14-Feb-13,300mg,Tablet,No,See DN-2812 (ID#:83068),From RDC,"Zidovudine 300mg, tablets, 60 Tabs",60.36,6369,43054.44,PMO - US,"Aurobindo Unit III, India",Zidovudine,6.76,N/A - From RDC,SO-42340,FPQ-9906,5/15/12,ARV,102-CD-T30,14-Feb-13,Air,Adult,60,0.11,SCMS from RDC,N/A - From RDC,See DN-2812 (ID#:83068)
63608,ASN-15733,Uni-Gold,Kenya,05-Sep-12,05-Sep-12,MIssing,Test kit,Yes,41300.11,Direct Drop,"HIV 1/2, Uni-Gold HIV Kit, 20 Tests",897.28,20000,640000.0,PMO - US,"Trinity Biotech, Plc","HIV 1/2, Uni-Gold HIV Kit",32.0,6/13/12,SCMS-149170,FPQ-9856,5/24/12,HRDT,103-KE-T30,05-Sep-12,Air,HIV test,20,1.6,"Trinity Biotech, Plc",EXW,6568
80,ASN-299,First Response,Rwanda,29-Mar-07,29-Mar-07,MIssing,Test kit,Yes,3120.7,Direct Drop,"HIV 1/2/O, First Response HIV 1-2.0, v.3.0 Cards Kit, 30 Tests",MIssing,2000,33000.0,PMO - US,Premier Med. Corp Ltd. India,"HIV 1/2/O, First Response HIV 1-2.0, v.3.0 Cards Kit",16.5,Date Not Captured,SCMS-488,Pre-PQ Process,Pre-PQ Process,HRDT,107-RW-T01,29-Mar-07,Air,HIV test,30,0.55,Premier Medical Corporation Ltd.,EXW,710
12738,DN-416,Aluvia,Guyana,07-Nov-07,07-Nov-07,200/50mg,Tablet,No,See DN-416 (ID#:12125),From RDC,"Lopinavir/Ritonavir 200/50mg [Aluvia], tablets, 120 Tabs",129.68,986,81049.2,PMO - US,ABBVIE Ludwigshafen Germany,Lopinavir/Ritonavir,82.2,N/A - From RDC,SO-1233,Pre-PQ Process,Pre-PQ Process,ARV,105-GY-T01,07-Nov-07,Air,Adult,120,0.68,SCMS from RDC,N/A - From RDC,See DN-416 (ID#:12125)
47979,ASN-32256,Norvir,Vietnam,09-Jul-15,10-Jul-15,100mg,Tablet,Yes,Invoiced Separately,Direct Drop,"Ritonavir 100mg [Norvir], film coated tablets, 30 Tabs",8.21,300,6978.0,PMO - US,ABBVIE Ludwigshafen Germany,Ritonavir,23.26,03-04-15,SCMS-277350,FPQ-15823,2/13/15,ARV,108-VN-T30,09-Jul-15,Air,Adult,30,0.78,ABBVIE LOGISTICS (FORMERLY ABBOTT LOGISTICS BV),FCA,Weight Captured Separately
82761,DN-4055,Generic,Rwanda,24-Dec-14,31-Dec-14,300mg,Tablet,Yes,925.6,From RDC,"Tenofovir Disoproxil Fumarate 300mg, tablets, 30 Tabs",0.71,189,691.74,PMO - US,Hetero Unit III Hyderabad IN,Tenofovir Disoproxil Fumarate,3.66,N/A - From RDC,SO-49990,FPQ-14893,10/15/14,ARV,107-RW-T30,31-Jan-15,Air,Adult,30,0.12,SCMS from RDC,N/A - From RDC,15
22186,ASN-5132,Generic,Vietnam,23-Oct-09,23-Oct-09,150/300mg,Tablet - FDC,Yes,3796.95,Direct Drop,"Lamivudine/Zidovudine 150/300mg, tablets, 60 Tabs",17.01,1008,8678.88,PMO - US,"Aurobindo Unit III, India",Lamivudine/Zidovudine,8.61,6/26/09,SCMS-48260,FPQ-3896,6/25/09,ARV,108-VN-T30,23-Oct-09,Air,Adult,60,0.14,Aurobindo Pharma Limited,EXW,1015
82927,DN-2060,Generic,CÃte dIvoire,22-Dec-10,22-Dec-10,200mg,Tablet,Yes,7826.75,From RDC,"Nevirapine 200mg, tablets, 60 Tabs",1.34,233,619.78,PMO - US,"Strides, Bangalore, India.",Nevirapine,2.66,N/A - From RDC,SO-36870,FPQ-5623,05-07-10,ARV,104-CI-T30,30-Nov-10,Air,Adult,60,0.04,SCMS from RDC,N/A - From RDC,1161
83165,DN-3350,Generic,Mozambique,08-Oct-13,18-Oct-13,600/300/300mg,Tablet - FDC,Yes,7700,From RDC,"Efavirenz/Lamivudine/Tenofovir Disoproxil Fumarate 600/300/300mg, tablets, 30 Tabs",228.74,16584,184911.6,PMO - US,Mylan (formerly Matrix) Nashik,Efavirenz/Lamivudine/Tenofovir Disoproxil Fumarate,11.15,N/A - From RDC,SO-44866,FPQ-11884,3/19/13,ARV,111-MZ-T30,15-Nov-13,Truck,Adult,30,0.37,SCMS from RDC,N/A - From RDC,3132
82885,DN-1826,Generic,Nigeria,18-May-10,18-May-10,150/300mg,Tablet - FDC,Yes,9736.1,From RDC,"Lamivudine/Zidovudine 150/300mg, tablets, 60 Tabs",1021.69,54096,473880.96,PMO - US,Hetero Unit III Hyderabad IN,Lamivudine/Zidovudine,8.76,N/A - From RDC,SO-35053,FPQ-4537,11-06-09,ARV,151-NG-T30,31-May-10,Air Charter,Adult,60,0.15,SCMS from RDC,N/A - From RDC,4660
85455,DN-3625,Generic,Zambia,04-Jun-14,12-Jun-14,200/50mg,Tablet,No,See DN-3625 (ID#:83233),From RDC,"Lopinavir/Ritonavir 200/50mg, tablets, 120 Tabs",75.77,3599,73707.52,PMO - US,Mylan (formerly Matrix) Nashik,Lopinavir/Ritonavir,20.48,N/A - From RDC,SO-47202,FPQ-13221,10/31/13,ARV,110-ZM-T30,06-May-14,Truck,Adult,120,0.17,SCMS from RDC,N/A - From RDC,See DN-3625 (ID#:83233)
51134,ASN-22164,Determine,CÃte dIvoire,07-Nov-13,13-Nov-13,MIssing,Test kit,Yes,10351.26,Direct Drop,"HIV 1/2, Determine Complete HIV Kit, 100 Tests",178.13,1800,144000.0,PMO - US,"Alere Medical Co., Ltd.","HIV 1/2, Determine Complete HIV Kit",80.0,08-06-13,SCMS-201220,FPQ-12688,7/19/13,HRDT,104-CI-T30,07-Nov-13,Air,HIV test,100,0.8,"Orgenics, Ltd",EXW,730
3026,ASN-1532,Videx EC,South Africa,21-Jan-08,21-Jan-08,250mg,Delayed-release capsules - blister,Yes,Freight Included in Commodity Cost,Direct Drop,"Didanosine EC 250mg [Videx EC], delayed-release capsules, Blister 3 x 10 Caps",13.47,400,8416.0,PMO - US,"BMS Meymac, France",Didanosine EC,21.04,1/21/08,SCMS-17630,Pre-PQ Process,Pre-PQ Process,ARV,116-ZA-T01,05-Feb-08,Truck,Adult,30,0.7,"JSI R&T INSTITUTE, INC.",DDP,Weight Captured Separately
49063,ASN-22342,Determine,Nigeria,05-Nov-13,17-Nov-13,MIssing,Test kit,Yes,20602.3,Direct Drop,"HIV 1/2, Determine Complete HIV Kit, 100 Tests",338.32,3073,273497.0,PMO - US,"Alere Medical Co., Ltd.","HIV 1/2, Determine Complete HIV Kit",89.0,07-10-13,SCMS-196561,FPQ-12456,06-10-13,HRDT,133-NG-T30,07-Nov-13,Air,HIV test,100,0.89,"Orgenics, Ltd",EXW,1248
12207,DN-760,Determine,Kenya,26-May-08,26-May-08,MIssing,Test kit,Yes,Invoiced Separately,From RDC,"HIV 1/2, Determine HIV Kit, without Lancets, 100 Tests",127.98,1000,79990.0,PMO - US,Inverness Japan,"HIV 1/2, Determine HIV Kit, without Lancets",79.99,N/A - From RDC,SO-2692,Pre-PQ Process,Pre-PQ Process,HRDT,102-KE-T01,26-May-08,Truck,HIV test,100,0.8,SCMS from RDC,N/A - From RDC,Weight Captured Separately
78729,ASN-6341,Generic,Vietnam,01-Apr-10,01-Apr-10,150mg,Tablet,No,See ASN-6341 (ID#:29298),Direct Drop,"Lamivudine 150mg, tablets, 60 Tabs",94.17,16800,43680.0,PMO - US,Mylan (formerly Matrix) Nashik,Lamivudine,2.6,01-12-10,SCMS-62470,FPQ-4720,01-04-09,ARV,108-VN-T30,01-Apr-10,Air,Adult,60,0.04,MYLAN LABORATORIES LTD (FORMERLY MATRIX LABORATORIES),EXW,See ASN-6341 (ID#:29298)
9918,ASN-2515,Generic,Vietnam,25-Sep-08,25-Sep-08,150/300mg,Tablet - FDC,No,See ASN-2515 (ID#:4635),Direct Drop,"Lamivudine/Zidovudine 150/300mg, tablets, 60 Tabs",24.8,1800,15498.0,PMO - US,"Aurobindo Unit III, India",Lamivudine/Zidovudine,8.61,07-01-08,SCMS-26171,Pre-PQ Process,Pre-PQ Process,ARV,108-VN-T01,25-Sep-08,Air,Adult,60,0.14,Aurobindo Pharma Limited,EXW,See ASN-2515 (ID#:4635)
83090,DN-2924,Generic,Zimbabwe,14-Nov-12,14-Nov-12,20mg/ml,Oral solution,Yes,839.7,From RDC,"Abacavir 20mg/ml, oral solution w/syringe, Bottle, 240 ml",0.74,42,525.0,PMO - US,"Aurobindo Unit III, India",Abacavir,12.5,N/A - From RDC,SO-42221,FPQ-9907,5/15/12,ARV,103-ZW-T30,30-Nov-12,Truck,Pediatric,240,0.05,SCMS from RDC,N/A - From RDC,16
35267,ASN-5007,Videx EC,South Africa,15-Sep-09,15-Sep-09,400mg,Delayed-release capsules - blister,Yes,Freight Included in Commodity Cost,Direct Drop,"Didanosine EC 400mg [Videx EC], delayed-release capsules, Blister 3 x 10 Caps",31.44,600,16040.17,PMO - US,"BMS Meymac, France",Didanosine EC,26.73,08-03-09,SCMS-50960,FPQ-3560,05-07-09,ARV,116-ZA-T30,15-Sep-09,Truck,Adult,30,0.89,S. BUYS WHOLESALER,DDP,Weight Captured Separately
85276,DN-2724,Generic,Uganda,16-Jul-12,16-Jul-12,200mg,Tablet,No,See DN-2724 (ID#:82486),From RDC,"Nevirapine 200mg, tablets, 60 Tabs",123.15,36000,87840.0,PMO - US,"Aurobindo Unit III, India",Nevirapine,2.44,N/A - From RDC,SO-42580,FPQ-10048,06-06-12,ARV,900-UG-T30,05-Jul-12,Air,Adult,60,0.04,SCMS from RDC,N/A - From RDC,See DN-2724 (ID#:82486)
83655,DN-3014,Generic,Haiti,03-Jan-13,03-Jan-13,30/6mg,Chewable/dispersible tablet - FDC,Yes,1896.49,From RDC,"Lamivudine/Stavudine 30/6mg, dispersible tablets, 60 Tabs",2.09,888,1687.2,PMO - US,"Cipla, Goa, India",Lamivudine/Stavudine,1.9,N/A - From RDC,SO-44410,FPQ-11281,1/16/13,ARV,106-HT-T30,09-Apr-13,Air,Pediatric,60,0.03,SCMS from RDC,N/A - From RDC,119
84093,DN-2235,Generic,Guyana,24-Jun-11,24-Jun-11,150mg,Tablet,Yes,1052.04,From RDC,"Lamivudine 150mg, tablets, 60 Tabs",1.98,514,1197.62,PMO - US,"Aurobindo Unit III, India",Lamivudine,2.33,N/A - From RDC,SO-39710,FPQ-7621,05-04-11,ARV,105-GY-T30,13-Oct-11,Air,Adult,60,0.04,SCMS from RDC,N/A - From RDC,25
82105,ASN-16141,Generic,Vietnam,08-Oct-12,08-Oct-12,200mg,Tablet,Yes,1454.64,Direct Drop,"Nevirapine 200mg, tablets, 60 Tabs",28.05,8586,20005.38,PMO - US,Hetero Unit III Hyderabad IN,Nevirapine,2.33,07-12-12,SCMS-153080,FPQ-10267,07-10-12,ARV,108-VN-T30,08-Oct-12,Air,Adult,60,0.04,HETERO LABS LIMITED,EXW,544
15131,ASN-20474,Determine,Zambia,11-Sep-13,11-Sep-13,MIssing,Test kit,Yes,38354.26,Direct Drop,"HIV 1/2, Determine Complete HIV Kit, 100 Tests",593.76,6000,480000.0,PMO - US,"Alere Medical Co., Ltd.","HIV 1/2, Determine Complete HIV Kit",80.0,5/22/13,SCMS-189230,FPQ-12251,05-02-13,HRDT,110-ZM-T30,11-Sep-13,Air,HIV test,100,0.8,"Orgenics, Ltd",EXW,2606
12429,DN-608,Generic,Zambia,10-Apr-08,10-Apr-08,600mg,Tablet,Yes,7836.6,From RDC,"Efavirenz 600mg, tablets, 30 Tabs",503.52,25338,314697.96,PMO - US,Mylan (formerly Matrix) Nashik,Efavirenz,12.42,N/A - From RDC,SO-1653,Pre-PQ Process,Pre-PQ Process,ARV,110-ZM-T01,10-Apr-08,Air,Adult,30,0.41,SCMS from RDC,N/A - From RDC,1974
86441,DN-2497,Generic,"Congo, DRC",14-Feb-12,14-Feb-12,200mg,Tablet,No,See DN-2497 (ID#:82435),From RDC,"Nevirapine 200mg, tablets, 60 Tabs",0.08,21,54.18,PMO - US,"Strides, Bangalore, India.",Nevirapine,2.58,N/A - From RDC,SO-41135,FPQ-8840,11/21/11,ARV,101-CD-T30,16-Mar-12,Air,Adult,60,0.04,SCMS from RDC,N/A - From RDC,See DN-2497 (ID#:82435)
86591,DN-3267,Generic,Uganda,13-Sep-13,13-Sep-13,600mg,Tablet,No,See DN-3267 (ID#:83708),From RDC,"Efavirenz 600mg, tablets, 30 Tabs",30.33,7363,24518.79,PMO - US,"Strides, Bangalore, India.",Efavirenz,3.33,N/A - From RDC,SO-45870,FPQ-12473,06-11-13,ARV,114-UG-T30,29-Aug-13,Air,Adult,30,0.11,SCMS from RDC,N/A - From RDC,See DN-3267 (ID#:83708)
84334,DN-3540,Generic,Nigeria,10-Feb-14,19-Feb-14,60/30mg,Tablet - FDC,Yes,30936.1,From RDC,"Abacavir/Lamivudine 60/30mg, tablets, 60 Tabs",10.32,2085,8340.0,PMO - US,"Aurobindo Unit III, India",Abacavir/Lamivudine,4.0,N/A - From RDC,SO-44920,FPQ-11864,3/14/13,ARV,151-NG-T30,28-Feb-14,Air Charter,Pediatric,60,0.07,SCMS from RDC,N/A - From RDC,122
84150,DN-2573,Generic,Tanzania,12-Mar-12,12-Mar-12,30/50/60mg,Chewable/dispersible tablet - FDC,Yes,3825.8,From RDC,"Lamivudine/Nevirapine/Zidovudine 30/50/60mg, dispersible tablets, 60 Tabs",1148.19,163735,695873.75,PMO - US,Mylan (formerly Matrix) Nashik,Lamivudine/Nevirapine/Zidovudine,4.25,N/A - From RDC,SO-40691,FPQ-8303,8/22/11,ARV,109-TZ-T30,30-Mar-12,Truck,Pediatric,60,0.07,SCMS from RDC,N/A - From RDC,9208
79910,ASN-27980,Generic,South Africa,27-Aug-14,27-Aug-14,300mg,Tablet,No,Freight Included in Commodity Cost,Direct Drop,"Zidovudine 300mg, tablets, 60 Tabs",0.34,10,278.26,PMO - US,"Aurobindo Unit III, India",Zidovudine,27.83,8/27/14,SCMS-199283,FPQ-12522,07-11-13,ARV,116-ZA-T30,27-Aug-14,Truck,Adult,60,0.46,S. BUYS WHOLESALER,DDP,Weight Captured Separately
85885,DN-2789,Generic,Rwanda,16-Aug-12,16-Aug-12,300mg,Tablet,Yes,18613.69,From RDC,"Abacavir 300mg, tablets, 60 Tabs",194.26,10537,138561.55,PMO - US,"Aurobindo Unit III, India",Abacavir,13.15,N/A - From RDC,SO-42133,FPQ-9888,05-11-12,ARV,107-RW-T30,24-Aug-12,Air,Adult,60,0.22,SCMS from RDC,N/A - From RDC,1048
82312,DN-1761,Generic,Uganda,08-Apr-10,08-Apr-10,150/30mg,Tablet - FDC,Yes,1073.46,From RDC,"Lamivudine/Stavudine 150/30mg, tablets, 60 Tabs",1.03,140,476.0,PMO - US,"Cipla, Goa, India",Lamivudine/Stavudine,3.4,N/A - From RDC,SO-36160,FPQ-5239,03-02-10,ARV,114-UG-T30,23-Jun-10,Air,Adult,60,0.06,SCMS from RDC,N/A - From RDC,17
18762,ASN-19166,Generic,South Africa,16-Apr-13,16-Apr-13,300mg,Tablet,No,Freight Included in Commodity Cost,Direct Drop,"Zidovudine 300mg, tablets, 60 Tabs",6.82,216,5512.38,South Africa Field Office,"Aurobindo Unit III, India",Zidovudine,25.52,Date Not Captured,SCMS-183950,FPQ-11828,3/18/13,ARV,116-ZA-T30,16-Apr-13,Truck,Adult,60,0.43,S. BUYS WHOLESALER,DDP,Weight Captured Separately
83789,DN-3684,Generic,Haiti,29-May-14,12-Jun-14,150/300mg,Tablet - FDC,Yes,15330.56,From RDC,"Lamivudine/Zidovudine 150/300mg, tablets, 60 Tabs",135.7,20000,132000.0,PMO - US,Hetero Unit III Hyderabad IN,Lamivudine/Zidovudine,6.6,N/A - From RDC,SO-47681,FPQ-13608,1/22/14,ARV,106-HT-T30,17-May-14,Air,Adult,60,0.11,SCMS from RDC,N/A - From RDC,1777
62433,ASN-4672,Uni-Gold,Mozambique,08-Sep-09,08-Sep-09,MIssing,Test kit,Yes,23167.84,Direct Drop,"HIV 1/2, Uni-Gold HIV Kit, 20 Tests",263.42,4200,134400.0,PMO - US,"Trinity Biotech, Plc","HIV 1/2, Uni-Gold HIV Kit",32.0,7/25/09,SCMS-50170,FPQ-3999,7/15/09,HRDT,111-MZ-T30,08-Sep-09,Air,HIV test,20,1.6,"Trinity Biotech, Plc",EXW,1650
85184,DN-2192,Generic,Uganda,24-May-11,24-May-11,600mg,Tablet,Yes,23711.16,From RDC,"Efavirenz 600mg, tablets, 30 Tabs",320.76,45000,194400.0,PMO - US,Mylan (formerly Matrix) Nashik,Efavirenz,4.32,N/A - From RDC,SO-39330,FPQ-7162,2/14/11,ARV,114-UG-T30,11-May-11,Truck,Adult,30,0.14,SCMS from RDC,N/A - From RDC,5075
14200,ASN-23875,Generic,South Africa,13-Jan-14,13-Jan-14,150/300mg,Tablet - FDC,Yes,Freight Included in Commodity Cost,Direct Drop,"Lamivudine/Zidovudine 150/300mg, tablets, 60 Tabs",1.7,59,1653.14,PMO - US,"Cipla, Goa, India",Lamivudine/Zidovudine,28.02,12-02-13,SCMS-215410,FPQ-13214,11/14/13,ARV,116-ZA-T30,13-Jan-14,Truck,Adult,60,0.47,S. BUYS WHOLESALER,DDP,Weight Captured Separately
84601,DN-2051,Generic,Mozambique,23-Dec-10,23-Dec-10,600mg,Tablet,No,See DN-2051 (ID#:82359),From RDC,"Efavirenz 600mg, tablets, 30 Tabs",280.71,30000,130200.0,PMO - US,Mylan (formerly Matrix) Nashik,Efavirenz,4.34,N/A - From RDC,SO-37590,FPQ-6426,9/23/10,ARV,111-MZ-T30,20-Dec-10,Truck,Adult,30,0.14,SCMS from RDC,N/A - From RDC,See DN-2051 (ID#:82359)
7894,ASN-4416,Determine,Namibia,27-Jul-09,27-Jul-09,MIssing,Test kit,Yes,868.31,Direct Drop,"HIV 1/2, Determine HIV Kit, without Lancets, 100 Tests",3.29,24,1680.0,PMO - US,Inverness Japan,"HIV 1/2, Determine HIV Kit, without Lancets",70.0,06-05-09,SCMS-47130,Pre-PQ Process,Pre-PQ Process,HRDT,119-NA-T01,27-Jul-09,Air,HIV test,100,0.7,"Orgenics, Ltd",EXW,6
38504,ASN-13349,Uni-Gold,Sudan,07-Feb-12,07-Feb-12,MIssing,Test kit,Yes,593.8,Direct Drop,"HIV 1/2, Uni-Gold HIV Kit, 20 Tests",0.53,10,320.0,PMO - US,"Trinity Biotech, Plc","HIV 1/2, Uni-Gold HIV Kit",32.0,09-07-11,SCMS-120473,FPQ-8261,8/29/11,HRDT,102-SD-T30,07-Feb-12,Air,HIV test,20,1.6,"Trinity Biotech, Plc",EXW,4
47301,ASN-29746,Generic,Zimbabwe,03-Feb-15,03-Feb-15,30/50/60mg,Chewable/dispersible tablet - FDC,Yes,1344.94,Direct Drop,"Lamivudine/Nevirapine/Zidovudine 30/50/60mg, dispersible tablets, 60 Tabs",0,814,0.01,PMO - US,Mylan (formerly Matrix) Nashik,Lamivudine/Nevirapine/Zidovudine,0.0,11/17/14,SCMS-264880,FPQ-15398,11/14/14,ARV,103-ZW-T30,03-Feb-15,Air,Pediatric,60,0.0,MYLAN LABORATORIES LTD (FORMERLY MATRIX LABORATORIES),EXW,60
67321,ASN-6764,Generic,CÃte dIvoire,26-May-10,26-May-10,200mg,Chewable/dispersible tablet,Yes,1836.81,Direct Drop,"Didanosine 200mg, chewable/dispersible tablets, 60 Tabs",23.03,712,10680.0,PMO - US,"Aurobindo Unit III, India",Didanosine,15.0,4/15/10,SCMS-61091,FPQ-5518,4/15/10,ARV,104-CI-T30,26-May-10,Air,Pediatric,60,0.25,Aurobindo Pharma Limited,EXW,147
82932,DN-2090,Generic,Nigeria,16-Feb-11,16-Feb-11,200mg,Capsule,No,See DN-2090 (ID#:82366),From RDC,"Efavirenz 200mg, capsule, 90 Caps",21.94,1050,10174.5,PMO - US,"Aurobindo Unit III, India",Efavirenz,9.69,N/A - From RDC,SO-38320,FPQ-6243,8/25/10,ARV,151-NG-T30,22-Feb-11,Air Charter,Pediatric,90,0.11,SCMS from RDC,N/A - From RDC,See DN-2090 (ID#:82366)
83797,DN-3712,Generic,Burundi,25-Jun-14,01-Jul-14,200mg,Tablet,No,See DN-3712 (ID#:83795),From RDC,"Nevirapine 200mg, tablets, 60 Tabs",1.02,450,994.5,PMO - US,"Aurobindo Unit III, India",Nevirapine,2.21,N/A - From RDC,SO-47670,FPQ-13627,1/24/14,ARV,102-BI-T30,30-May-14,Air,Adult,60,0.04,SCMS from RDC,N/A - From RDC,See DN-3712 (ID#:83795)
36868,ASN-6710,Norvir,Mozambique,22-Apr-10,22-Apr-10,100mg,Capsule,Yes,Freight Included in Commodity Cost,Direct Drop,"Ritonavir 100mg [Norvir], capsules, cool, 84 Caps",13.84,620,6417.0,PMO - US,ABBVIE (Abbott) Logis. UK,Ritonavir,10.35,1/25/10,SCMS-62331,FPQ-4740,12/23/09,ARV,111-MZ-T30,22-Apr-10,Air,Adult,84,0.12,INTERNATIONAL HEALTHCARE DISTRIBUTORS,CIP,Weight Captured Separately
27670,ASN-21516,Genie,Uganda,30-Sep-13,30-Sep-13,MIssing,Test kit,Yes,855.41,Direct Drop,"HIV 1/2, Genie III Kit, 50 Tests",1.69,15,1363.65,PMO - US,Bio-Rad Laboratories,"HIV 1/2, Genie III Kit",90.91,08-12-13,SCMS-198550,FPQ-12273,07-08-13,HRDT,114-UG-T30,30-Sep-13,Air,HIV test,50,1.82,BIO-RAD LABORATORIES (FRANCE),EXW,8
12549,DN-944,Generic,Haiti,04-Nov-08,04-Nov-08,600mg,Tablet,No,See DN-944 (ID#:11012),From RDC,"Efavirenz 600mg, tablets, 30 Tabs",530.35,24599,270589.0,PMO - US,"Aurobindo Unit III, India",Efavirenz,11.0,N/A - From RDC,SO-15930,Pre-PQ Process,Pre-PQ Process,ARV,106-HT-T01,04-Nov-08,Air,Adult,30,0.37,SCMS from RDC,N/A - From RDC,See DN-944 (ID#:11012)
8062,ASN-1932,Bioline,Tanzania,22-Jul-08,22-Jul-08,MIssing,Test kit,Yes,22691.75,Direct Drop,"HIV 1/2, Bioline 3.0 Kit, Lancets, Capillary pipets, Alcohol swabs included, 25 Tests",320,10000,200000.0,PMO - US,"Standard Diagnostics, Korea","HIV 1/2, Bioline 3.0 Kit, Lancets, Capillary pipets, Alcohol swabs included",20.0,5/14/08,SCMS-10330,Pre-PQ Process,Pre-PQ Process,HRDT,109-TZ-T01,22-Jul-08,Air,HIV test,25,0.8,"Standard Diagnostics, Inc.",EXW,3122
12845,DN-1147,Determine,Pakistan,01-Apr-09,01-Apr-09,MIssing,Test kit,No,See DN-1147 (ID#:11610),From RDC,"HIV 1/2, Determine Complete HIV Kit, 100 Tests",5.49,28,2800.0,PMO - US,Inverness Japan,"HIV 1/2, Determine Complete HIV Kit",100.0,N/A - From RDC,SO-22440,Pre-PQ Process,Pre-PQ Process,HRDT,100-PK-T01,01-Apr-09,Air,HIV test,100,1.0,SCMS from RDC,N/A - From RDC,See DN-1147 (ID#:11610)
64218,ASN-5363,Determine,Namibia,12-Nov-09,12-Nov-09,MIssing,Test kit,Yes,2863.47,Direct Drop,"HIV 1/2, Determine HIV Kit, without Lancets, 100 Tests",24.7,180,12600.0,PMO - US,Inverness Japan,"HIV 1/2, Determine HIV Kit, without Lancets",70.0,09-11-09,SCMS-53271,FPQ-4186,09-03-09,HRDT,119-NA-T30,12-Nov-09,Air,HIV test,100,0.7,"Orgenics, Ltd",EXW,42
23488,ASN-27241,Uni-Gold,South Sudan,29-Sep-14,30-Sep-14,MIssing,Test kit,Yes,4011.66,Direct Drop,"HIV 1/2, Uni-Gold HIV Kit, 20 Tests",0.82,25,800.0,PMO - US,"Trinity Biotech, Plc","HIV 1/2, Uni-Gold HIV Kit",32.0,07-01-14,SCMS-245230,FPQ-14470,6/17/14,HRDT,105-SS-T30,29-Sep-14,Air,HIV test,20,1.6,"Trinity Biotech, Plc",EXW,175
57513,ASN-9640,Uni-Gold,Angola,14-Apr-11,14-Apr-11,MIssing,Test kit,Yes,9597.9,Direct Drop,"HIV 1/2, Uni-Gold HIV Kit, 20 Tests",34.5,500,16000.0,PMO - US,"Trinity Biotech, Plc","HIV 1/2, Uni-Gold HIV Kit",32.0,11-10-10,SCMS-91620,FPQ-6434,10/28/10,HRDT,102-AO-T30,14-Apr-11,Air,HIV test,20,1.6,"Trinity Biotech, Plc",EXW,260
84078,DN-2167,Generic,Nigeria,11-May-11,11-May-11,600mg,Tablet,Yes,12601.07,From RDC,"Efavirenz 600mg, tablets, 30 Tabs",610.96,87744,370279.68,PMO - US,Mylan (formerly Matrix) Nashik,Efavirenz,4.22,N/A - From RDC,SO-39170,FPQ-6800,12-07-10,ARV,151-NG-T30,21-Jun-11,Air Charter,Adult,30,0.14,SCMS from RDC,N/A - From RDC,7194
84413,DN-3944,Generic,Mozambique,28-Oct-14,13-Nov-14,300mg,Tablet,No,See DN-3944 (ID#:82733),From RDC,"Tenofovir Disoproxil Fumarate 300mg, tablets, 30 Tabs",0.31,80,302.4,PMO - US,Hetero Unit III Hyderabad IN,Tenofovir Disoproxil Fumarate,3.78,N/A - From RDC,SO-48884,FPQ-14226,05-02-14,ARV,111-MZ-T30,31-Dec-14,Truck,Adult,30,0.13,SCMS from RDC,N/A - From RDC,See DN-3944 (ID#:82733)
11298,DN-1125,Truvada,Uganda,08-Apr-09,08-Apr-09,300/200mg,Tablet - FDC,Yes,1755,From RDC,"Emtricitabine/Tenofovir Disoproxil Fumarate 200/300mg [Truvada], tablets, 30 Tabs",155.07,3014,79117.5,PMO - US,"Aspen-OSD, Port Elizabeth, SA",Emtricitabine/Tenofovir Disoproxil Fumarate,26.25,N/A - From RDC,SO-17754,Pre-PQ Process,Pre-PQ Process,ARV,114-UG-T01,08-Apr-09,Air,Adult,30,0.88,SCMS from RDC,N/A - From RDC,291
11209,DN-475,Generic,Nigeria,03-Dec-07,03-Dec-07,10mg/ml,Oral suspension,No,See DN-475 (ID#:10642),From RDC,"Nevirapine 10mg/ml, oral suspension, Bottle, 240 ml",9.57,965,5983.0,PMO - US,"Aurobindo Unit III, India",Nevirapine,6.2,N/A - From RDC,SO-567,Pre-PQ Process,Pre-PQ Process,ARV,112-NG-T01,03-Dec-07,Air,Pediatric,240,0.03,SCMS from RDC,N/A - From RDC,See DN-475 (ID#:10642)
84158,DN-2621,Generic,Zimbabwe,07-May-12,07-May-12,150/30mg,Tablet - FDC,No,See DN-2621 (ID#:83583),From RDC,"Lamivudine/Stavudine 150/30mg, tablets, 60 Tabs",34.8,7150,21092.5,PMO - US,"Strides, Bangalore, India.",Lamivudine/Stavudine,2.95,N/A - From RDC,SO-40860,FPQ-8464,10-04-11,ARV,113-ZW-T30,17-Apr-12,Truck,Adult,60,0.05,SCMS from RDC,N/A - From RDC,See DN-2621 (ID#:83583)
84425,DN-4003,Generic,Burundi,20-Nov-14,24-Nov-14,600/300/300mg,Tablet - FDC,Yes,4373.84,From RDC,"Efavirenz/Lamivudine/Tenofovir Disoproxil Fumarate 600/300/300mg, tablets, 30 Tabs",34.14,3240,33210.0,PMO - US,"Aurobindo Unit VII, IN",Efavirenz/Lamivudine/Tenofovir Disoproxil Fumarate,10.25,N/A - From RDC,SO-48620,FPQ-14112,4/18/14,ARV,102-BI-T30,20-Nov-14,Air,Adult,30,0.34,SCMS from RDC,N/A - From RDC,614
83585,DN-2627,Generic,Rwanda,17-Apr-12,17-Apr-12,50mg,Capsule,Yes,805.58,From RDC,"Efavirenz 50mg, capsule, 30 Caps",4.04,1092,2446.08,PMO - US,"Aurobindo Unit III, India",Efavirenz,2.24,N/A - From RDC,SO-40970,FPQ-8372,10/19/11,ARV,107-RW-T30,09-Aug-12,Air,Pediatric,30,0.07,SCMS from RDC,N/A - From RDC,7
49535,ASN-33864,Isentress,South Africa,24-Aug-15,24-Aug-15,400mg,Tablet,No,Freight Included in Commodity Cost,Direct Drop,"Raltegravir 400mg [Isentress], tablets, 60 Tabs",0.81,12,789.03,PMO - US,"MSD, Haarlem, NL",Raltegravir,65.75,8/24/15,SCMS-295800,FPQ-14942,09-11-14,ARV,116-ZA-T30,24-Aug-15,Truck,Adult,60,1.1,PHARMACY DIRECT,DDP,Weight Captured Separately
7970,ASN-270,Generic,Vietnam,14-Mar-07,14-Mar-07,300mg,Tablet,No,See ASN-270 (ID#:5279),Direct Drop,"Zidovudine 300mg, tablets, 60 Tabs",MIssing,100,1084.0,PMO - US,"Ranbaxy, Paonta Shahib, India",Zidovudine,10.84,11/14/06,SCMS-167,Pre-PQ Process,Pre-PQ Process,ARV,108-VN-T01,14-Mar-07,Air,Adult,60,0.18,SUN PHARMACEUTICAL INDUSTRIES LTD (RANBAXY LABORATORIES LIMITED),EXW,See ASN-270 (ID#:5279)
82439,DN-2506,Generic,"Congo, DRC",14-Mar-12,14-Mar-12,300mg,Tablet,Yes,2460.79,From RDC,"Zidovudine 300mg, tablets, 60 Tabs",8.99,913,6409.26,PMO - US,Hetero Unit III Hyderabad IN,Zidovudine,7.02,N/A - From RDC,SO-41142,FPQ-8840,11/21/11,ARV,101-CD-T30,16-Mar-12,Air,Adult,60,0.12,SCMS from RDC,N/A - From RDC,288
59873,ASN-12360,Norvir,Vietnam,19-Oct-11,19-Oct-11,100mg,Tablet,Yes,4476.29,Direct Drop,"Ritonavir 100mg [Norvir], film coated tablets, 30 Tabs",21.49,560,13025.6,PMO - US,ABBVIE Ludwigshafen Germany,Ritonavir,23.26,4/21/11,SCMS-106481,FPQ-7469,3/31/11,ARV,108-VN-T30,19-Oct-11,Air,Adult,30,0.78,ABBVIE LOGISTICS (FORMERLY ABBOTT LOGISTICS BV),FCA,67
28031,ASN-6209,Generic,Vietnam,30-Mar-10,30-Mar-10,250mg,Delayed-release capsules,Yes,363.96,Direct Drop,"Didanosine 250mg, delayed-release capsules, 30 Caps",2.35,84,1092.0,PMO - US,"Aurobindo Unit III, India",Didanosine,13.0,02-10-10,SCMS-65040,FPQ-5066,02-10-10,ARV,108-VN-T30,30-Mar-10,Air,Adult,30,0.43,Aurobindo Pharma Limited,EXW,6
85824,DN-2528,Generic,"Congo, DRC",22-Mar-12,22-Mar-12,150mg,Tablet,Yes,91.43,From RDC,"Lamivudine 150mg, tablets, 60 Tabs",0.72,220,512.6,PMO - US,Hetero Unit III Hyderabad IN,Lamivudine,2.33,N/A - From RDC,SO-41387,FPQ-8840,11/21/11,ARV,101-CD-T30,22-Mar-12,Air,Adult,60,0.04,SCMS from RDC,N/A - From RDC,12
84505,DN-1505,Generic,Guyana,03-Nov-09,03-Nov-09,150mg,Tablet,No,See DN-1505 (ID#:84504),From RDC,"Lamivudine 150mg, tablets, 60 Tabs",2.39,455,1110.2,PMO - US,"Aurobindo Unit III, India",Lamivudine,2.44,N/A - From RDC,SO-34480,FPQ-4438,10/15/09,ARV,105-GY-T30,23-Nov-09,Air,Adult,60,0.04,SCMS from RDC,N/A - From RDC,See DN-1505 (ID#:84504)
84843,DN-3282,Generic,CÃte dIvoire,14-Aug-13,14-Aug-13,300/300mg,Tablet - FDC,Yes,10807.98,From RDC,"Lamivudine/Tenofovir Disoproxil Fumarate 300/300mg, tablets, 30 Tabs",52.72,8000,37600.0,PMO - US,Hetero Unit III Hyderabad IN,Lamivudine/Tenofovir Disoproxil Fumarate,4.7,N/A - From RDC,SO-43362,FPQ-10633,09-11-12,ARV,104-CI-T30,15-Aug-13,Truck,Adult,30,0.16,SCMS from RDC,N/A - From RDC,315
85039,DN-4305,Generic,Cameroon,28-Jun-15,29-Jun-15,200mg,Tablet,Yes,4257.91,From RDC,"Efavirenz 200mg, scored tablets, 90 Tabs",33.94,3101,28839.3,PMO - US,"Strides, Bangalore, India.",Efavirenz,9.3,N/A - From RDC,SO-51470,FPQ-16209,4/16/15,ARV,103-CM-T30,16-Jul-15,Air,Pediatric,90,0.1,SCMS from RDC,N/A - From RDC,195
14665,ASN-7454,Determine,Haiti,13-Sep-10,13-Sep-10,MIssing,Test kit,Yes,2486.62,Direct Drop,"HIV 1/2, Determine HIV Kit, without Lancets, 100 Tests",210.6,1000,97680.0,PMO - US,Inverness Japan,"HIV 1/2, Determine HIV Kit, without Lancets",97.68,06-02-10,SCMS-74750,FPQ-5725,5/26/10,HRDT,106-HT-T30,13-Sep-10,Air,HIV test,100,0.98,"Orgenics, Ltd",EXW,227
28181,ASN-11458,Generic,South Africa,03-Nov-11,03-Nov-11,150mg,Tablet,Yes,20258.29,Direct Drop,"Lamivudine 150mg, tablets, 60 Tabs",1430.89,356876,867208.68,PMO - US,"Strides, Bangalore, India.",Lamivudine,2.43,3/28/11,SCMS-103880,FPQ-7175,03-10-11,ARV,161-ZA-T30,03-Nov-11,Ocean,Adult,60,0.04,STRIDES ARCOLAB LIMITED,DDP,16391
82372,DN-2134,Generic,Uganda,15-Mar-11,15-Mar-11,10mg/ml,Oral suspension,Yes,6218.58,From RDC,"Nevirapine 10mg/ml, oral suspension w/syringe, Bottle, 240 ml",3.22,1000,1950.0,PMO - US,"Aurobindo Unit III, India",Nevirapine,1.95,N/A - From RDC,SO-38860,FPQ-7166,02-11-11,ARV,114-UG-T30,09-Mar-11,Air,Pediatric,240,0.01,SCMS from RDC,N/A - From RDC,369
65987,ASN-14921,Kaletra,Vietnam,27-Jun-12,27-Jun-12,80/20mg/ml,Oral solution,Yes,742.1,Direct Drop,"Lopinavir/Ritonavir 80/20mg/ml [Kaletra], oral solution, cool, Bottle 5 x 60 ml",8.53,100,6082.0,PMO - US,ABBVIE (Abbott) Logis. UK,Lopinavir/Ritonavir,60.82,1/25/12,SCMS-134870,FPQ-9001,12/15/11,ARV,108-VN-T30,27-Jun-12,Air,Pediatric,300,0.2,ABBVIE LOGISTICS (FORMERLY ABBOTT LOGISTICS BV),FCA,164
11905,DN-1015,Generic,Zimbabwe,19-Nov-08,19-Nov-08,150/200/30mg,Tablet - FDC,No,See DN-1015 (ID#:11561),From RDC,"Lamivudine/Nevirapine/Stavudine 150/200/30mg, tablets, 60 Tabs",1102.3,76000,562400.0,PMO - US,"Cipla, Goa, India",Lamivudine/Nevirapine/Stavudine,7.4,N/A - From RDC,SO-13991,Pre-PQ Process,Pre-PQ Process,ARV,113-ZW-T01,19-Nov-08,Truck,Adult,60,0.12,SCMS from RDC,N/A - From RDC,See DN-1015 (ID#:11561)
84446,DN-4110,Generic,Zambia,19-Feb-15,20-Feb-15,30/60mg,Chewable/dispersible tablet - FDC,Yes,274.51,From RDC,"Lamivudine/Zidovudine 30/60mg, dispersible tablets, 60 Tabs",8.18,4000,7960.0,PMO - US,"Mylan,  H-12 & H-13, India",Lamivudine/Zidovudine,1.99,N/A - From RDC,SO-49580,FPQ-14784,08-12-14,ARV,110-ZM-T30,28-Feb-15,Truck,Pediatric,60,0.03,SCMS from RDC,N/A - From RDC,312
12311,DN-1399,Generic,Uganda,28-Aug-09,28-Aug-09,150/300mg,Tablet - FDC,Yes,38957.51,From RDC,"Lamivudine/Zidovudine 150/300mg, tablets, 60 Tabs",412.07,24000,210240.0,PMO - US,Mylan (formerly Matrix) Nashik,Lamivudine/Zidovudine,8.76,N/A - From RDC,SO-32950,Pre-PQ Process,Date Not Captured,ARV,114-UG-T01,28-Aug-09,Air,Adult,60,0.15,SCMS from RDC,N/A - From RDC,5748
83057,DN-2746,Generic,Uganda,07-Aug-12,07-Aug-12,600mg,Tablet,Yes,9800,From RDC,"Efavirenz 600mg, tablets, 30 Tabs",126.08,23000,89930.0,PMO - US,"Strides, Bangalore, India.",Efavirenz,3.91,N/A - From RDC,SO-42600,FPQ-10048,06-06-12,ARV,900-UG-T30,07-Aug-12,Air,Adult,30,0.13,SCMS from RDC,N/A - From RDC,1403
85241,DN-2567,Generic,Nigeria,16-Feb-12,16-Feb-12,150mg,Tablet,Yes,25231.96,From RDC,"Lamivudine 150mg, tablets, 60 Tabs",63.7,19501,45437.33,PMO - US,Hetero Unit III Hyderabad IN,Lamivudine,2.33,N/A - From RDC,SO-41265,FPQ-8952,12-08-11,ARV,151-NG-T30,20-Jun-12,Air Charter,Adult,60,0.04,SCMS from RDC,N/A - From RDC,2046
9090,ASN-4005,OraQuick,Haiti,03-Jun-09,03-Jun-09,MIssing,Test kit,Yes,3013.19,Direct Drop,"HIV 1/2, OraQuick Advance HIV Rapid Antibody Kit, 100 Tests",37.73,55,19250.0,PMO - US,"Pacific Biotech, Thailand","HIV 1/2, OraQuick Advance HIV Rapid Antibody Kit",350.0,04-02-09,SCMS-42700,Pre-PQ Process,Pre-PQ Process,HRDT,106-HT-T01,03-Jun-09,Air,HIV test,100,3.5,Orasure Technologies Inc.,EXW,132
48595,ASN-33152,Norvir,Vietnam,13-Aug-15,13-Aug-15,100mg,Tablet,No,See ASN-33152 (ID#:38571),Direct Drop,"Ritonavir 100mg [Norvir], film coated tablets, 30 Tabs",10.95,400,9304.0,PMO - US,ABBVIE Ludwigshafen Germany,Ritonavir,23.26,03-04-15,SCMS-277330,FPQ-15823,2/13/15,ARV,108-VN-T30,13-Aug-15,Air,Adult,30,0.78,ABBVIE LOGISTICS (FORMERLY ABBOTT LOGISTICS BV),FCA,See ASN-33152 (ID#:38571)
41431,ASN-30811,Generic,Haiti,26-Mar-15,30-Mar-15,300mg,Tablet,Yes,694.54,Direct Drop,"Zidovudine 300mg, tablets, 60 Tabs",5.6,990,5445.0,PMO - US,Hetero Unit III Hyderabad IN,Zidovudine,5.5,11/14/14,SCMS-261700,FPQ-14895,9/24/14,ARV,106-HT-T30,26-Mar-15,Air,Adult,60,0.09,HETERO LABS LIMITED,EXW,69
86084,DN-3705,Generic,Zimbabwe,30-May-14,23-Jun-14,600/300/300mg,Tablet - FDC,Yes,33707.41,From RDC,"Efavirenz/Lamivudine/Tenofovir Disoproxil Fumarate 600/300/300mg, tablets, 30 Tabs",1523.62,132926,1482124.9,PMO - US,Hetero Unit III Hyderabad IN,Efavirenz/Lamivudine/Tenofovir Disoproxil Fumarate,11.15,N/A - From RDC,SO-47360,FPQ-13348,12-03-13,ARV,102-ZW-T30,31-Jul-14,Truck,Adult,30,0.37,SCMS from RDC,N/A - From RDC,17791
53618,ASN-12823,Generic,South Africa,04-Jan-12,04-Jan-12,300mg,Tablet,Yes,146.5,Direct Drop,"Abacavir 300mg, tablets, 60 Tabs",151.63,6155,91894.15,PMO - US,"Aurobindo Unit III, India",Abacavir,14.93,3/24/11,SCMS-103480,FPQ-7175,03-10-11,ARV,161-ZA-T30,04-Jan-12,Ocean,Adult,60,0.25,Aurobindo Pharma Limited,DDP,590
12293,DN-1275,Uni-Gold,Kenya,28-May-09,28-May-09,MIssing,Test kit,Yes,Invoiced Separately,From RDC,"HIV 1/2, Uni-Gold HIV Kit, 20 Tests",156.8,2500,80000.0,PMO - US,"Trinity Biotech, Plc","HIV 1/2, Uni-Gold HIV Kit",32.0,N/A - From RDC,SO-27850,Pre-PQ Process,Pre-PQ Process,HRDT,102-KE-T01,28-May-09,Air,HIV test,20,1.6,SCMS from RDC,N/A - From RDC,Weight Captured Separately
76809,ASN-12877,Determine,Nigeria,19-Dec-11,19-Dec-11,MIssing,Test kit,Yes,32575.03,Direct Drop,"HIV 1/2, Determine Complete HIV Kit, 100 Tests",424.4,2890,257210.0,PMO - US,"Alere Medical Co., Ltd.","HIV 1/2, Determine Complete HIV Kit",89.0,8/15/11,SCMS-118190,FPQ-8117,7/28/11,HRDT,133-NG-T30,19-Dec-11,Air,HIV test,100,0.89,"Orgenics, Ltd",EXW,1377
12517,DN-763,Generic,Tanzania,09-Jul-08,09-Jul-08,600mg,Tablet,No,See DN-763 (ID#:10982),From RDC,"Efavirenz 600mg, tablets, 30 Tabs",2015.92,101445,1259946.9,PMO - US,"Aurobindo Unit III, India",Efavirenz,12.42,N/A - From RDC,SO-1696,Pre-PQ Process,Pre-PQ Process,ARV,109-TZ-T01,09-Jul-08,Air,Adult,30,0.41,SCMS from RDC,N/A - From RDC,See DN-763 (ID#:10982)
73596,ASN-27473,Determine,Nigeria,04-Sep-14,17-Sep-14,MIssing,Test kit,Yes,16816.33,Direct Drop,"HIV 1/2, Determine Complete HIV Kit, 100 Tests",253.34,2769,246441.0,PMO - US,"Alere Medical Co., Ltd.","HIV 1/2, Determine Complete HIV Kit",89.0,06-02-14,SCMS-240830,FPQ-14305,5/16/14,HRDT,133-NG-T30,19-Aug-14,Air,HIV test,100,0.89,"Orgenics, Ltd",EXW,2355
10751,DN-954,Generic,Zambia,21-Oct-08,21-Oct-08,600mg,Tablet,Yes,4060.54,From RDC,"Efavirenz 600mg, tablets, 30 Tabs",1176.98,50000,600500.0,PMO - US,Mylan (formerly Matrix) Nashik,Efavirenz,12.01,N/A - From RDC,SO-2483,Pre-PQ Process,Pre-PQ Process,ARV,110-ZM-T01,21-Oct-08,Truck,Adult,30,0.4,SCMS from RDC,N/A - From RDC,3775
27236,ASN-20434,Generic,Haiti,14-Aug-13,14-Aug-13,150mg,Tablet,No,See ASN-20434 (ID#:13874),Direct Drop,"Lamivudine 150mg, tablets, 60 Tabs",2.87,1260,2318.4,PMO - US,"Micro labs, Verna, Goa, India",Lamivudine,1.84,3/22/13,SCMS-180960,FPQ-11443,02-07-13,ARV,106-HT-T30,14-Aug-13,Air,Adult,60,0.03,MICRO LABS LIMITED,EXW,See ASN-20434 (ID#:13874)
85266,DN-2693,Generic,Zimbabwe,27-Jun-12,27-Jun-12,150/300/200mg,Tablet - FDC,No,See DN-2693 (ID#:82481),From RDC,"Lamivudine/Nevirapine/Zidovudine 150/200/300mg, tablets, 60 Tabs",196.51,11574,119096.46,PMO - US,Mylan (formerly Matrix) Nashik,Lamivudine/Nevirapine/Zidovudine,10.29,N/A - From RDC,SO-40883,FPQ-8464,10-04-11,ARV,113-ZW-T30,14-Aug-12,Truck,Adult,60,0.17,SCMS from RDC,N/A - From RDC,See DN-2693 (ID#:82481)
28265,ASN-19033,Determine,Burundi,03-May-13,03-May-13,MIssing,Test kit,Yes,14189.02,Direct Drop,"HIV 1/2, Determine Complete HIV Kit, 100 Tests",154.38,1560,124800.0,PMO - US,"Alere Medical Co., Ltd.","HIV 1/2, Determine Complete HIV Kit",80.0,2/14/13,SCMS-176910,FPQ-11512,1/29/13,HRDT,102-BI-T30,03-May-13,Air,HIV test,100,0.8,"Orgenics, Ltd",EXW,676
59750,ASN-22575,Prezista,Mozambique,08-Nov-13,29-Jan-14,300mg,Tablet,Yes,Freight Included in Commodity Cost,Direct Drop,"Darunavir 300mg [Prezista], tablets, 120 Tabs",7.41,90,5994.0,PMO - US,"Janssen-Cilag, Latina, IT",Darunavir,66.6,4/25/13,SCMS-187100,FPQ-11923,4/19/13,ARV,111-MZ-T30,08-Nov-13,Air,Adult,120,0.55,ASPEN PHARMACARE,CIP,Weight Captured Separately
14364,ASN-28627,Generic,South Africa,03-Oct-14,03-Oct-14,300mg,Tablet,Yes,Freight Included in Commodity Cost,Direct Drop,"Abacavir 300mg, tablets, 60 Tabs",0.64,9,620.91,PMO - US,"Aurobindo Unit III, India",Abacavir,68.99,10-03-14,SCMS-238554,FPQ-13973,4/30/14,ARV,116-ZA-T30,03-Oct-14,Truck,Adult,60,1.15,PHARMACY DIRECT,DDP,Weight Captured Separately
82573,DN-3102,Generic,Mozambique,01-Aug-13,01-Aug-13,150/300/200mg,Tablet - FDC,Yes,29935.05,From RDC,"Lamivudine/Nevirapine/Zidovudine 150/200/300mg, tablets, 60 Tabs",1273.62,120000,1029600.0,PMO - US,"Aurobindo Unit III, India",Lamivudine/Nevirapine/Zidovudine,8.58,N/A - From RDC,SO-43790,FPQ-11033,11-12-12,ARV,111-MZ-T30,01-Aug-13,Truck,Adult,60,0.14,SCMS from RDC,N/A - From RDC,36920
84654,DN-2242,Generic,Mozambique,04-Aug-11,04-Aug-11,10mg/ml,Oral suspension,Yes,5491.01,From RDC,"Nevirapine 10mg/ml, oral suspension w/syringe, Bottle, 240 ml",45.04,14000,27300.0,PMO - US,"Aurobindo Unit III, India",Nevirapine,1.95,N/A - From RDC,SO-39820,FPQ-7053,1/24/11,ARV,111-MZ-T30,10-Aug-11,Truck,Pediatric,240,0.01,SCMS from RDC,N/A - From RDC,14413
85661,DN-1689,Generic,Nigeria,31-Mar-10,31-Mar-10,200/300mg,Tablet - FDC,Yes,Freight Included in Commodity Cost,From RDC,"Emtricitabine/Tenofovir Disoproxil Fumarate 200/300mg, tablets, 30 Tabs",126.66,5000,58750.0,PMO - US,Mylan (formerly Matrix) Nashik,Emtricitabine/Tenofovir Disoproxil Fumarate,11.75,N/A - From RDC,SO-35074,FPQ-4537,11-06-09,ARV,151-NG-T30,19-Apr-10,Air Charter,Adult,30,0.39,SCMS from RDC,N/A - From RDC,404
81767,ASN-16382,Generic,Vietnam,09-Oct-12,09-Oct-12,150mg,Tablet,Yes,3324.85,Direct Drop,"Lamivudine 150mg, tablets, 60 Tabs",110.01,37366,78468.6,PMO - US,Hetero Unit III Hyderabad IN,Lamivudine,2.1,07-12-12,SCMS-153070,FPQ-10266,07-11-12,ARV,108-VN-T30,09-Oct-12,Air,Adult,60,0.04,HETERO LABS LIMITED,EXW,2162
11652,DN-1279,Generic,Haiti,18-Jun-09,18-Jun-09,10mg/ml,Oral suspension,Yes,7789.85,From RDC,"Nevirapine 10mg/ml, oral suspension, Bottle, 240 ml",11.42,3035,5827.2,PMO - US,"Aurobindo Unit III, India",Nevirapine,1.92,N/A - From RDC,SO-24833,Pre-PQ Process,Pre-PQ Process,ARV,106-HT-T01,18-Jun-09,Air,Pediatric,240,0.01,SCMS from RDC,N/A - From RDC,1133
86196,DN-4250,Generic,Zambia,15-May-15,15-May-15,30/60mg,Chewable/dispersible tablet - FDC,No,See DN-4250 (ID#:82799),From RDC,"Lamivudine/Zidovudine 30/60mg, dispersible tablets, 60 Tabs",8.18,4000,7960.0,PMO - US,"Cipla, Goa, India",Lamivudine/Zidovudine,1.99,N/A - From RDC,SO-49601,FPQ-14784,08-12-14,ARV,110-ZM-T30,29-May-15,Truck,Pediatric,60,0.03,SCMS from RDC,N/A - From RDC,See DN-4250 (ID#:82799)
86028,DN-3468,Generic,Zimbabwe,13-Jan-14,29-Jan-14,20mg/ml,Oral solution,Yes,7300,From RDC,"Abacavir 20mg/ml, oral solution w/syringe, Bottle, 240 ml",2.54,241,2050.91,PMO - US,"Aurobindo Unit III, India",Abacavir,8.51,N/A - From RDC,SO-45122,FPQ-12086,4/19/13,ARV,103-ZW-T30,31-Jan-14,Truck,Pediatric,240,0.04,SCMS from RDC,N/A - From RDC,64
3840,ASN-4594,Trizivir,CÃte dIvoire,11-Aug-09,11-Aug-09,300/150/300mg,Tablet - FDC,Yes,Freight Included in Commodity Cost,Direct Drop,"Abacavir/Lamivudine/Zidovudine 300/150/300mg [Trizivir], tablets, 60 Tabs",215.6,2048,109998.08,PMO - US,GSK Ware (UK),Abacavir/Lamivudine/Zidovudine,53.71,4/24/09,SCMS-44820,Pre-PQ Process,Pre-PQ Process,ARV,104-CI-T01,11-Aug-09,Air,Adult,60,0.9,GLAXOSMITHKLINE EXPORT LIMITED,CIP,Weight Captured Separately
28086,ASN-30377,Generic,South Africa,26-Jan-15,26-Jan-15,300mg,Tablet,No,Freight Included in Commodity Cost,Direct Drop,"Zidovudine 300mg, tablets, 60 Tabs",0.22,12,216.37,PMO - US,"Aurobindo Unit III, India",Zidovudine,18.03,1/26/15,SCMS-259072,FPQ-14942,09-11-14,ARV,116-ZA-T30,26-Jan-15,Truck,Adult,60,0.3,PHARMACY DIRECT,DDP,Weight Captured Separately
11533,DN-737,Generic,Nigeria,14-May-08,14-May-08,150/300/200mg,Tablet - FDC,Yes,10098.25,From RDC,"Lamivudine/Nevirapine/Zidovudine 150/200/300mg, tablets, 60 Tabs",3.48,164,2177.92,PMO - US,"Aurobindo Unit III, India",Lamivudine/Nevirapine/Zidovudine,13.28,N/A - From RDC,SO-2575,Pre-PQ Process,Pre-PQ Process,ARV,131-NG-T01,14-May-08,Air,Adult,60,0.22,SCMS from RDC,N/A - From RDC,2095
3767,ASN-4304,Generic,South Africa,08-Apr-09,08-Apr-09,600mg,Tablet,Yes,Freight Included in Commodity Cost,Direct Drop,"Efavirenz 600mg, tablets, 30 Tabs",86.57,3500,44170.0,PMO - US,"Aurobindo Unit III, India",Efavirenz,12.62,3/27/09,SCMS-41582,Pre-PQ Process,Pre-PQ Process,ARV,116-ZA-T01,25-Jun-09,Air,Adult,30,0.42,S. BUYS WHOLESALER,DDP,Weight Captured Separately
40351,ASN-13412,Generic,Haiti,18-Jan-12,18-Jan-12,500/25mg,Tablet - FDC,No,See ASN-13412 (ID#:16085),Direct Drop,"Sulfadoxine/Pyrimethamine 500/25mg, tablets, 1000 Tabs",0.44,10,316.5,PMO - US,"Micro Labs, Hosur, India",Sulfadoxine/Pyrimethamine,31.65,12/30/11,SCMS-132180,FPQ-8635,12-07-11,ANTM,122-HT-T30,18-Jan-12,Air,Malaria,1000,0.03,AMSTELFARMA B.V.,EXW,See ASN-13412 (ID#:16085)
69647,ASN-18152,Intelence,Uganda,13-Feb-13,13-Feb-13,100mg,Tablet,No,See ASN-18152 (ID#:66768),Direct Drop,"Etravirine 100mg [Intelence], tablets, 120 Tabs",8.64,194,6984.0,PMO - US,"Janssen-Cilag, Latina, IT",Etravirine,36.0,10/25/12,SCMS-162750,FPQ-10788,10-10-12,ARV,114-UG-T30,13-Feb-13,Air,Adult,120,0.3,ASPEN PHARMACARE,DAP,See ASN-18152 (ID#:66768)
86009,DN-3363,Generic,Zimbabwe,22-Oct-13,15-Nov-13,200mg,Tablet,Yes,1004.86,From RDC,"Efavirenz 200mg, scored tablets, 90 Tabs",11.5,1000,9300.0,PMO - US,"Strides, Bangalore, India.",Efavirenz,9.3,N/A - From RDC,SO-45121,FPQ-12086,4/19/13,ARV,103-ZW-T30,30-Nov-13,Truck,Pediatric,90,0.1,SCMS from RDC,N/A - From RDC,68
69,ASN-608,Determine,Nigeria,07-May-07,07-May-07,MIssing,Test kit,Yes,Freight Included in Commodity Cost,Direct Drop,"HIV 1/2, Determine Complete HIV Kit, 100 Tests",192,1500,120000.0,PMO - US,ABBVIE GmbH & Co.KG Wiesbaden,"HIV 1/2, Determine Complete HIV Kit",80.0,Date Not Captured,SCMS-354,Pre-PQ Process,Pre-PQ Process,HRDT,102-NG-T01,07-May-07,MIssing,HIV test,100,0.8,ACCOUN NIGERIA LIMITED,CIP,Weight Captured Separately
82858,DN-1646,Generic,CÃte dIvoire,24-Feb-10,24-Feb-10,200mg,Tablet,Yes,2976.56,From RDC,"Nevirapine 200mg, tablets, 60 Tabs",8.99,1681,4589.13,PMO - US,"Aurobindo Unit III, India",Nevirapine,2.73,N/A - From RDC,SO-35790,FPQ-4378,10/15/09,ARV,104-CI-T30,06-Apr-10,Air,Adult,60,0.05,SCMS from RDC,N/A - From RDC,164
59928,ASN-21694,Generic,Vietnam,11-Oct-13,11-Oct-13,600/300/300mg,Tablet - FDC,Yes,2503.07,Direct Drop,"Efavirenz/Lamivudine/Tenofovir Disoproxil Fumarate 600/300/300mg, tablets, 30 Tabs",206.09,14500,166605.0,PMO - US,Mylan (formerly Matrix) Nashik,Efavirenz/Lamivudine/Tenofovir Disoproxil Fumarate,11.49,05-10-13,SCMS-188540,FPQ-12187,05-03-13,ARV,108-VN-T30,11-Oct-13,Air,Adult,30,0.38,MYLAN LABORATORIES LTD (FORMERLY MATRIX LABORATORIES),EXW,1640
1593,ASN-1721,Uni-Gold,Botswana,03-Jul-08,03-Jul-08,MIssing,Test kit,Yes,2496.62,Direct Drop,"HIV 1/2, Uni-Gold HIV Kit, 20 Tests",23.04,450,14400.0,PMO - US,"Trinity Biotech, Plc","HIV 1/2, Uni-Gold HIV Kit",32.0,02-04-08,SCMS-16730,Pre-PQ Process,Pre-PQ Process,HRDT,102-BW-T01,03-Jul-08,Air,HIV test,20,1.6,"Trinity Biotech, Plc",EXW,154
24519,ASN-12645,Uni-Gold,Rwanda,23-Nov-11,23-Nov-11,MIssing,Test kit,Yes,6233.79,Direct Drop,"HIV 1/2, Uni-Gold HIV Kit, 20 Tests",46.09,873,27936.0,PMO - US,"Trinity Biotech, Plc","HIV 1/2, Uni-Gold HIV Kit",32.0,08-12-11,SCMS-118030,FPQ-7987,7/25/11,HRDT,107-RW-T30,23-Nov-11,Air,HIV test,20,1.6,"Trinity Biotech, Plc",EXW,292
57392,ASN-15514,Generic,Uganda,27-Jul-12,27-Jul-12,200mg,Tablet,Yes,48653.36,Direct Drop,"Nevirapine 200mg, tablets, 60 Tabs",134.05,40860,95612.4,PMO - US,Hetero Unit III Hyderabad IN,Nevirapine,2.34,06-12-12,SCMS-149411,FPQ-10089,06-07-12,ARV,900-UG-T30,27-Jul-12,Air,Adult,60,0.04,HETERO LABS LIMITED,EXW,12945
70299,ASN-9480,Generic,South Africa,04-Mar-11,04-Mar-11,300mg,Tablet,Yes,4295.6,Direct Drop,"Zidovudine 300mg, tablets, 60 Tabs",1366.48,86467,633803.11,PMO - US,"Aurobindo Unit III, India",Zidovudine,7.33,9/24/10,SCMS-83820,FPQ-6262,8/31/10,ARV,161-ZA-T30,11-Jan-11,Ocean,Adult,60,0.12,Aurobindo Pharma Limited,DDP,4364
11095,DN-70,Capillus,Rwanda,10-Apr-07,10-Apr-07,MIssing,Test kit,Yes,3684.6,From RDC,"HIV 1/2, Capillus HIV Kit, 100 Tests",MIssing,60,8340.0,PMO - US,"Trinity Biotech, Plc","HIV 1/2, Capillus HIV Kit",139.0,N/A - From RDC,SO-239,Pre-PQ Process,Pre-PQ Process,HRDT,107-RW-T01,10-Apr-07,Air,HIV test,100,1.39,SCMS from RDC,N/A - From RDC,353
21844,ASN-25903,Generic,Tanzania,24-Jun-14,24-Jun-14,200mg,Tablet,Yes,3416.2,Direct Drop,"Efavirenz 200mg, scored tablets, 90 Tabs",95.21,9959,92618.7,PMO - US,"Strides, Bangalore, India.",Efavirenz,9.3,4/18/14,SCMS-236760,FPQ-14010,4/17/14,ARV,109-TZ-T30,24-Jun-14,Air,Pediatric,90,0.1,STRIDES ARCOLAB LIMITED,EXW,630
31363,ASN-24415,Generic,South Africa,06-Feb-14,06-Feb-14,10mg/ml,Oral solution,No,Freight Included in Commodity Cost,Direct Drop,"Lamivudine 10mg/ml, oral solution, Bottle, 240 ml",0.03,4,27.35,PMO - US,"Cipla, Goa, India",Lamivudine,6.84,12-02-13,SCMS-215370,FPQ-13035,10-08-13,ARV,116-ZA-T30,06-Feb-14,Truck,Pediatric,240,0.03,S. BUYS WHOLESALER,DDP,Weight Captured Separately
86336,DN-2014,Generic,Mozambique,29-Oct-10,29-Oct-10,150/300/200mg,Tablet - FDC,No,See DN-2014 (ID#:85708),From RDC,"Lamivudine/Nevirapine/Zidovudine 150/200/300mg, tablets, 60 Tabs",1728.37,71449,801657.78,PMO - US,"Aurobindo Unit III, India",Lamivudine/Nevirapine/Zidovudine,11.22,N/A - From RDC,SO-36020,FPQ-5127,2/15/10,ARV,111-MZ-T30,15-Oct-10,Truck,Adult,60,0.19,SCMS from RDC,N/A - From RDC,See DN-2014 (ID#:85708)
83695,DN-3207,Generic,Tanzania,18-Jun-13,18-Jun-13,300mg,Tablet,Yes,4203,From RDC,"Abacavir 300mg, tablets, 60 Tabs",165.88,10347,134097.12,PMO - US,Mylan (formerly Matrix) Nashik,Abacavir,12.96,N/A - From RDC,SO-44982,FPQ-12015,04-02-13,ARV,109-TZ-T30,23-Aug-13,Truck,Adult,60,0.22,SCMS from RDC,N/A - From RDC,1064
8554,ASN-2843,Bioline,Zambia,18-Nov-08,18-Nov-08,MIssing,Test kit,Yes,1754.04,Direct Drop,"HIV 1/2, Bioline 3.0 Kit, Lancets, Capillary pipets, Alcohol swabs included, 25 Tests",19.6,500,10000.0,PMO - US,"Standard Diagnostics, Korea","HIV 1/2, Bioline 3.0 Kit, Lancets, Capillary pipets, Alcohol swabs included",20.0,6/20/08,SCMS-25710,Pre-PQ Process,Pre-PQ Process,HRDT,110-ZM-T01,18-Nov-08,Air,HIV test,25,0.8,"Standard Diagnostics, Inc.",EXW,157
797,ASN-3172,Bioline,Zambia,23-Jan-09,23-Jan-09,MIssing,Test kit,Yes,1122.24,Direct Drop,"HIV 1/2, Bioline 3.0 Kit, Lancets, Capillary pipets, Alcohol swabs included, 25 Tests",12.5,319,6380.0,PMO - US,"Standard Diagnostics, Korea","HIV 1/2, Bioline 3.0 Kit, Lancets, Capillary pipets, Alcohol swabs included",20.0,10-02-08,SCMS-31380,Pre-PQ Process,Pre-PQ Process,HRDT,110-ZM-T01,23-Jan-09,Air,HIV test,25,0.8,"Standard Diagnostics, Inc.",EXW,100
70812,ASN-17948,Generic,Tanzania,15-Mar-13,15-Mar-13,100/25mg,Tablet,Yes,1264.16,Direct Drop,"Lopinavir/Ritonavir 100/25mg [Aluvia], tablets, 60 Tabs",3.63,407,2592.59,PMO - US,ABBVIE Ludwigshafen Germany,Lopinavir/Ritonavir,6.37,09-12-12,SCMS-159630,FPQ-10546,8/24/12,ARV,109-TZ-T30,15-Mar-13,Air,Pediatric,60,0.11,ABBVIE LOGISTICS (FORMERLY ABBOTT LOGISTICS BV),FCA,68
63749,ASN-21224,Determine,Nigeria,19-Sep-13,19-Sep-13,MIssing,Test kit,Yes,13383.47,Direct Drop,"HIV 1/2, Determine Complete HIV Kit, 100 Tests",334.68,3040,270560.0,PMO - US,"Alere Medical Co., Ltd.","HIV 1/2, Determine Complete HIV Kit",89.0,07-10-13,SCMS-196560,FPQ-12456,06-10-13,HRDT,133-NG-T30,18-Sep-13,Air,HIV test,100,0.89,"Orgenics, Ltd",EXW,1235
11857,DN-685,Generic,Haiti,31-Mar-08,31-Mar-08,10mg/ml,Oral solution,No,See DN-685 (ID#:11234),From RDC,"Zidovudine 10mg/ml, oral solution, Bottle, 240 ml",11.23,3264,7017.6,PMO - US,"Aurobindo Unit III, India",Zidovudine,2.15,N/A - From RDC,SO-2046,Pre-PQ Process,Pre-PQ Process,ARV,106-HT-T01,31-Mar-08,Air,Pediatric,240,0.01,SCMS from RDC,N/A - From RDC,See DN-685 (ID#:11234)
4804,ASN-3229,Uni-Gold,Tanzania,02-Mar-09,02-Mar-09,MIssing,Test kit,Yes,4810.99,Direct Drop,"HIV 1/2, Uni-Gold HIV Kit, 20 Tests",105.24,1678,53696.0,PMO - US,"Trinity Biotech, Plc","HIV 1/2, Uni-Gold HIV Kit",32.0,11/14/08,SCMS-33690,Pre-PQ Process,Pre-PQ Process,HRDT,109-TZ-T01,02-Mar-09,Air,HIV test,20,1.6,"Trinity Biotech, Plc",EXW,554
67864,ASN-17084,Determine,Tanzania,07-Dec-12,07-Dec-12,MIssing,Test kit,Yes,22617.38,Direct Drop,"HIV 1/2, Determine Complete HIV Kit, 100 Tests",307.77,2744,219520.0,PMO - US,"Alere Medical Co., Ltd.","HIV 1/2, Determine Complete HIV Kit",80.0,10-04-12,SCMS-157661,FPQ-10396,7/31/12,HRDT,900-TZ-T30,07-Dec-12,Air,HIV test,100,0.8,"Orgenics, Ltd",EXW,1303
78805,ASN-11312,Generic,Vietnam,27-Jul-11,27-Jul-11,300mg,Tablet,Yes,7457.19,Direct Drop,"Tenofovir Disoproxil Fumarate 300mg, tablets, 30 Tabs",17.29,1612,10478.0,PMO - US,Mylan (formerly Matrix) Nashik,Tenofovir Disoproxil Fumarate,6.5,2/15/11,SCMS-98052,FPQ-6818,1/17/11,ARV,108-VN-T30,27-Jul-11,Air,Adult,30,0.22,MYLAN LABORATORIES LTD (FORMERLY MATRIX LABORATORIES),EXW,111
82695,DN-3794,Generic,Nigeria,20-Jun-14,25-Jun-14,150/300/200mg,Tablet - FDC,No,See DN-3794 (ID#:82694),From RDC,"Lamivudine/Nevirapine/Zidovudine 150/200/300mg, tablets, 60 Tabs",1210.84,145235,1177855.85,PMO - US,"Strides, Bangalore, India.",Lamivudine/Nevirapine/Zidovudine,8.11,N/A - From RDC,SO-47272,FPQ-13293,11/19/13,ARV,151-NG-T30,30-Jun-14,Air Charter,Adult,60,0.14,SCMS from RDC,N/A - From RDC,See DN-3794 (ID#:82694)
82582,DN-3166,Generic,Zambia,07-Jun-13,07-Jun-13,200mg,Tablet,Yes,11941.65,From RDC,"Nevirapine 200mg, tablets, 60 Tabs",9.73,3480,7864.8,PMO - US,"Cipla, Goa, India",Nevirapine,2.26,N/A - From RDC,SO-44474,FPQ-11553,1/28/13,ARV,110-ZM-T30,25-Jun-13,Truck,Adult,60,0.04,SCMS from RDC,N/A - From RDC,424
10980,DN-813,Generic,Zimbabwe,26-Jul-08,26-Jul-08,150/30mg,Tablet - FDC,No,See DN-813 (ID#:10979),From RDC,"Lamivudine/Stavudine 150/30mg, tablets, 30 Tabs",25.6,8000,16000.0,PMO - US,"Cipla, Goa, India",Lamivudine/Stavudine,2.0,N/A - From RDC,SO-2502,Pre-PQ Process,Pre-PQ Process,ARV,113-ZW-T01,26-Jul-08,Truck,Adult,30,0.07,SCMS from RDC,N/A - From RDC,See DN-813 (ID#:10979)
84250,DN-3116,Generic,Zambia,13-May-13,13-May-13,200/300mg,Tablet - FDC,No,See DN-3116 (ID#:84248),From RDC,"Emtricitabine/Tenofovir Disoproxil Fumarate 200/300mg, tablets, 30 Tabs",154.2,20537,124659.59,PMO - US,Hetero Unit III Hyderabad IN,Emtricitabine/Tenofovir Disoproxil Fumarate,6.07,N/A - From RDC,SO-44910,FPQ-11969,3/26/13,ARV,110-ZM-T30,28-Jun-13,Air,Adult,30,0.2,SCMS from RDC,N/A - From RDC,See DN-3116 (ID#:84248)
16462,ASN-27609,Prezista,South Africa,05-Aug-14,05-Aug-14,300mg,Tablet,Yes,Freight Included in Commodity Cost,Direct Drop,"Darunavir 300mg [Prezista], tablets, 120 Tabs",2.58,36,2509.54,PMO - US,"Janssen-Cilag, Latina, IT",Darunavir,69.71,08-05-14,SCMS-238552,FPQ-13973,4/30/14,ARV,116-ZA-T30,05-Aug-14,Truck,Adult,120,0.58,PHARMACY DIRECT,DDP,Weight Captured Separately
83256,DN-3875,Generic,Mozambique,30-Oct-14,07-Nov-14,600/300/300mg,Tablet - FDC,No,See DN-3875 (ID#:83255),From RDC,"Efavirenz/Lamivudine/Tenofovir Disoproxil Fumarate 600/300/300mg, tablets, 30 Tabs",398.95,36000,388080.0,PMO - US,Cipla Ltd A-42 MIDC Mahar. IN,Efavirenz/Lamivudine/Tenofovir Disoproxil Fumarate,10.78,N/A - From RDC,SO-48883,FPQ-14226,05-02-14,ARV,111-MZ-T30,31-Dec-14,Truck,Adult,30,0.36,SCMS from RDC,N/A - From RDC,See DN-3875 (ID#:83255)
10446,ASN-4660,Clearview,Namibia,01-Sep-09,01-Sep-09,MIssing,Test kit,Yes,238.56,Direct Drop,"HIV 1/2, Clearview Complete Kit, 25 Tests",4.85,33,2475.0,PMO - US,Chembio Diagnostics Sys. Inc.,"HIV 1/2, Clearview Complete Kit",75.0,05-04-09,SCMS-45430,Pre-PQ Process,Pre-PQ Process,HRDT,139-NA-T01,01-Sep-09,Air,HIV test,25,3.0,"Orgenics, Ltd",EXW,25
61520,ASN-12230,Generic,Rwanda,27-Sep-11,27-Sep-11,10mg/ml,Oral solution,Yes,650.81,Direct Drop,"Lamivudine 10mg/ml, oral solution w/syringe, Bottle, 240 ml",15.59,2468,7231.24,PMO - US,"Aurobindo Unit III, India",Lamivudine,2.93,9/27/10,SCMS-84380,FPQ-6185,09-03-10,ARV,107-RW-T30,27-Sep-11,Air,Pediatric,240,0.01,Aurobindo Pharma Limited,CIP,907
12561,DN-981,Generic,Zambia,07-Nov-08,07-Nov-08,100mg,Chewable/dispersible tablet,Yes,2938.92,From RDC,"Didanosine 100mg, chewable/dispersible tablets, 60 Tabs",63.8,4200,32550.0,PMO - US,"Aurobindo Unit III, India",Didanosine,7.75,N/A - From RDC,SO-2478,Pre-PQ Process,Pre-PQ Process,ARV,110-ZM-T01,07-Nov-08,Truck,Pediatric,60,0.13,SCMS from RDC,N/A - From RDC,867
5277,ASN-125,Generic,Uganda,22-Dec-06,22-Dec-06,150mg,Tablet,Yes,2623.49,Direct Drop,"Lamivudine 150mg, tablets, 60 Tabs",MIssing,6349,21269.15,PMO - US,"Ranbaxy, Paonta Shahib, India",Lamivudine,3.35,Date Not Captured,SCMS-159,Pre-PQ Process,Pre-PQ Process,ARV,114-UG-T01,22-Dec-06,Air,Adult,60,0.06,SUN PHARMACEUTICAL INDUSTRIES LTD (RANBAXY LABORATORIES LIMITED),EXW,369
63582,ASN-28033,Generic,South Africa,29-Aug-14,29-Aug-14,200mg,Capsule,No,Freight Included in Commodity Cost,Direct Drop,"Efavirenz 200mg, capsule, 90 Caps",1.93,60,1561.82,PMO - US,"Aurobindo Unit III, India",Efavirenz,26.03,8/29/14,SCMS-199289,FPQ-12522,07-11-13,ARV,116-ZA-T30,29-Aug-14,Truck,Pediatric,90,0.29,S. BUYS WHOLESALER,DDP,Weight Captured Separately
86478,DN-2677,Generic,Uganda,08-Jun-12,08-Jun-12,150/300mg,Tablet - FDC,No,See DN-2677 (ID#:83039),From RDC,"Lamivudine/Zidovudine 150/300mg, tablets, 60 Tabs",201.99,18518,144070.04,PMO - US,Mylan (formerly Matrix) Nashik,Lamivudine/Zidovudine,7.78,N/A - From RDC,SO-42080,FPQ-9875,05-09-12,ARV,114-UG-T30,17-Aug-12,Truck,Adult,60,0.13,SCMS from RDC,N/A - From RDC,See DN-2677 (ID#:83039)
82967,DN-2302,Generic,Mozambique,15-Sep-11,15-Sep-11,150/300mg,Tablet - FDC,Yes,7960.74,From RDC,"Lamivudine/Zidovudine 150/300mg, tablets, 60 Tabs",357.09,25312,216417.6,PMO - US,"Aurobindo Unit III, India",Lamivudine/Zidovudine,8.55,N/A - From RDC,SO-38633,FPQ-7053,1/24/11,ARV,111-MZ-T30,31-Aug-11,Truck,Adult,60,0.14,SCMS from RDC,N/A - From RDC,4988
10600,DN-362,Generic,Uganda,05-Nov-07,05-Nov-07,150/200/30mg,Tablet - FDC,Yes,1673,From RDC,"Lamivudine/Nevirapine/Stavudine 150/200/30mg, tablets, 60 Tabs",23.12,1953,14452.2,PMO - US,"Cipla, Goa, India",Lamivudine/Nevirapine/Stavudine,7.4,N/A - From RDC,SO-1080,Pre-PQ Process,Pre-PQ Process,ARV,114-UG-T01,05-Nov-07,Air,Adult,60,0.12,SCMS from RDC,N/A - From RDC,283
16707,ASN-7490,Determine,Kenya,29-Jul-10,29-Jul-10,MIssing,Test kit,Yes,13343.23,Direct Drop,"HIV 1/2, Determine Complete HIV Kit, 100 Tests",1456.08,8442,675360.0,PMO - US,Inverness Japan,"HIV 1/2, Determine Complete HIV Kit",80.0,5/27/10,SCMS-58382,FPQ-4591,11/18/09,HRDT,102-KE-T30,29-Jul-10,Air,HIV test,100,0.8,"Orgenics, Ltd",EXW,1454
68231,ASN-23875,Generic,South Africa,13-Jan-14,13-Jan-14,600mg,Tablet,No,Freight Included in Commodity Cost,Direct Drop,"Efavirenz 600mg, tablets, 30 Tabs",34.25,2157,33315.55,PMO - US,"Aurobindo Unit III, India",Efavirenz,15.45,12-02-13,SCMS-215410,FPQ-13214,11/14/13,ARV,116-ZA-T30,13-Jan-14,Truck,Adult,30,0.52,S. BUYS WHOLESALER,DDP,Weight Captured Separately
10501,ASN-4815,Generic,South Africa,21-Jul-09,21-Jul-09,50mg,Capsule,Yes,Freight Included in Commodity Cost,Direct Drop,"Efavirenz 50mg, capsule, 30 Caps",2.88,400,1468.0,PMO - US,"Aurobindo Unit III, India",Efavirenz,3.67,06-05-09,SCMS-47060,Pre-PQ Process,Pre-PQ Process,ARV,116-ZA-T01,21-Jul-09,Truck,Pediatric,30,0.12,S. BUYS WHOLESALER,DDP,Weight Captured Separately
38992,ASN-31338,Determine,South Sudan,03-Jun-15,05-Jun-15,MIssing,Test kit - Ancillary,Yes,Invoiced Separately,Direct Drop,"Chase Buffer, Determine, 100 Tests, 2.5ml x 1 Vial",0.59,100,500.0,PMO - US,"Alere Medical Co., Ltd.","Chase Buffer, Determine, 100 Tests, 2.5ml x 1 Vial",5.0,2/20/15,SCMS-272160,FPQ-15569,12/29/14,HRDT,105-SS-T30,03-Jun-15,Air,HIV test - Ancillary,1,5.0,"Orgenics, Ltd",EXW,Weight Captured Separately
21825,ASN-22498,Norvir,Uganda,15-Nov-13,15-Nov-13,100mg,Tablet,Yes,887.67,Direct Drop,"Ritonavir 100mg [Norvir], film coated tablets, 60 Tabs",3.53,417,2856.45,PMO - US,ABBVIE Ludwigshafen Germany,Ritonavir,6.85,6/13/13,SCMS-192060,FPQ-12290,5/17/13,ARV,114-UG-T30,15-Nov-13,Air,Adult,60,0.11,ABBVIE LOGISTICS (FORMERLY ABBOTT LOGISTICS BV),FCA,65
41045,ASN-5589,Generic,Rwanda,15-Dec-09,15-Dec-09,200mg,Tablet,Yes,10883.65,Direct Drop,"Nevirapine 200mg, tablets, 60 Tabs",208.95,34500,106605.0,PMO - US,Hetero Unit III Hyderabad IN,Nevirapine,3.09,7/16/09,SCMS-49080,FPQ-3859,6/30/09,ARV,107-RW-T30,15-Dec-09,Air,Adult,60,0.05,HETERO LABS LIMITED,CIP,2044
35065,ASN-13437,Prezista,Uganda,04-Jan-12,04-Jan-12,300mg,Tablet,Yes,297,Direct Drop,"Darunavir 300mg [Prezista], tablets, 120 Tabs",24.98,165,15140.4,PMO - US,"Aspen-OSD, Port Elizabeth, SA",Darunavir,91.76,10/31/11,SCMS-126390,FPQ-8498,10/18/11,ARV,114-UG-T30,04-Jan-12,Air,Adult,120,0.76,ASPEN PHARMACARE,DDP,24
72885,ASN-26131,Uni-Gold,Mozambique,02-Jun-14,04-Jun-14,MIssing,Test kit,Yes,7754.14,Direct Drop,"HIV 1/2, Uni-Gold HIV Kit, 20 Tests",130.33,3962,126784.0,PMO - US,"Trinity Biotech, Plc","HIV 1/2, Uni-Gold HIV Kit",32.0,11-12-13,SCMS-211551,FPQ-13093,10/15/13,HRDT,111-MZ-T30,02-Jun-14,Air,HIV test,20,1.6,"Trinity Biotech, Plc",EXW,1153
82341,DN-1950,Generic,Rwanda,03-Aug-10,03-Aug-10,150/300/200mg,Tablet - FDC,Yes,81670.57,From RDC,"Lamivudine/Nevirapine/Zidovudine 150/200/300mg, tablets, 60 Tabs",1067.54,44131,495149.82,PMO - US,"Aurobindo Unit III, India",Lamivudine/Nevirapine/Zidovudine,11.22,N/A - From RDC,SO-36581,FPQ-5394,3/25/10,ARV,107-RW-T30,30-Aug-10,Air,Adult,60,0.19,SCMS from RDC,N/A - From RDC,5364
83065,DN-2798,Generic,Rwanda,23-Aug-12,23-Aug-12,300mg,Tablet,Yes,13841.89,From RDC,"Abacavir 300mg, tablets, 60 Tabs",126.27,6849,90064.35,PMO - US,"Aurobindo Unit III, India",Abacavir,13.15,N/A - From RDC,SO-42490,FPQ-10042,06-04-12,ARV,107-RW-T30,31-Aug-12,Air,Adult,60,0.22,SCMS from RDC,N/A - From RDC,880
83475,DN-2073,Generic,Haiti,05-Jan-11,05-Jan-11,100mg,Capsule,No,See DN-2073 (ID#:82362),From RDC,"Zidovudine 100mg, capsules, 100 Caps",26.95,2583,12501.72,PMO - US,"Aurobindo Unit III, India",Zidovudine,4.84,N/A - From RDC,SO-37760,FPQ-6484,10/13/10,ARV,106-HT-T30,20-Dec-10,Air,Pediatric,100,0.05,SCMS from RDC,N/A - From RDC,See DN-2073 (ID#:82362)
42797,ASN-9844,Generic,South Africa,07-Apr-11,07-Apr-11,300mg,Tablet,Yes,13829.57,Direct Drop,"Tenofovir Disoproxil Fumarate 300mg, tablets, 30 Tabs",1435.2,130800,869820.0,PMO - US,"Aurobindo Unit III, India",Tenofovir Disoproxil Fumarate,6.65,12-06-10,SCMS-93520,FPQ-6708,11/26/10,ARV,161-ZA-T30,26-Jun-11,Ocean,Adult,30,0.22,Aurobindo Pharma Limited,DDP,12208
85717,DN-2033,Generic,CÃte dIvoire,23-Nov-10,23-Nov-10,50mg,Capsule,No,See DN-2033 (ID#:82922),From RDC,"Efavirenz 50mg, capsule, 30 Caps",8.52,1764,3951.36,PMO - US,"Aurobindo Unit III, India",Efavirenz,2.24,N/A - From RDC,SO-37120,FPQ-5925,6/23/10,ARV,104-CI-T30,28-Oct-10,Truck,Pediatric,30,0.07,SCMS from RDC,N/A - From RDC,See DN-2033 (ID#:82922)
20544,ASN-30492,Determine,Uganda,27-Feb-15,01-Mar-15,MIssing,Test kit,Yes,16876.25,Direct Drop,"HIV 1/2, Determine Complete HIV Kit, 100 Tests",458.75,4872,389760.0,PMO - US,"Alere Medical Co., Ltd.","HIV 1/2, Determine Complete HIV Kit",80.0,12-04-14,SCMS-264740,FPQ-15314,11-11-14,HRDT,114-UG-T30,27-Feb-15,Air,HIV test,100,0.8,"Orgenics, Ltd",EXW,1978
40286,ASN-23606,Generic,Rwanda,22-Jan-14,24-Jan-14,100/25mg,Tablet,Yes,985.26,Direct Drop,"Lopinavir/Ritonavir 100/25mg [Aluvia], tablets, 60 Tabs",3.05,500,2970.0,PMO - US,ABBVIE Ludwigshafen Germany,Lopinavir/Ritonavir,5.94,12-02-13,SCMS-215450,FPQ-13157,10/28/13,ARV,107-RW-T30,22-Jan-14,Air,Pediatric,60,0.1,ABBVIE LOGISTICS (FORMERLY ABBOTT LOGISTICS BV),FCA,65
82843,DN-1509,Generic,CÃte dIvoire,13-Nov-09,13-Nov-09,10mg/ml,Oral solution,Yes,7100.04,From RDC,"Zidovudine 10mg/ml, oral solution, Bottle, 240 ml",7.24,1758,3691.8,PMO - US,"Aurobindo Unit III, India",Zidovudine,2.1,N/A - From RDC,SO-33540,FPQ-4187,09-09-09,ARV,104-CI-T30,27-Nov-09,Air,Pediatric,240,0.01,SCMS from RDC,N/A - From RDC,604
22357,ASN-30485,Colloidal Gold,Rwanda,18-Feb-15,19-Feb-15,MIssing,Test kit,Yes,35437.38,Direct Drop,"HIV 1/2, SKB Colloidal Gold, Diagnostic Kit, Antibody, 50 Tests",101.55,4032,98784.0,PMO - US,"KHB Test Kit Facility, Shanghai China","HIV 1/2, Colloidal Gold, Diagnostic Kit, Antibody",24.5,12/18/14,SCMS-263330,FPQ-15065,10/15/14,HRDT,107-RW-T30,18-Feb-15,Air,HIV test,1,24.5,"SHANGHAI KEHUA BIOENGINEERING CO.,LTD.  (KHB)",EXW,2688
27267,ASN-17075,Generic,Vietnam,29-Nov-12,29-Nov-12,150/300/200mg,Tablet - FDC,No,See ASN-17075 (ID#:20697),Direct Drop,"Lamivudine/Nevirapine/Zidovudine 150/200/300mg, tablets, 60 Tabs",448.71,37215,320049.0,PMO - US,"Aurobindo Unit III, India",Lamivudine/Nevirapine/Zidovudine,8.6,8/14/12,SCMS-156130,FPQ-10286,7/25/12,ARV,108-VN-T30,29-Nov-12,Air,Adult,60,0.14,Aurobindo Pharma Limited,EXW,See ASN-17075 (ID#:20697)
9033,ASN-3637,Generic,South Africa,22-Jan-09,22-Jan-09,10mg/ml,Oral solution,No,Freight Included in Commodity Cost,Direct Drop,"Lamivudine 10mg/ml, oral solution, Bottle, 240 ml",10.67,1500,5445.0,PMO - US,"Aurobindo Unit III, India",Lamivudine,3.63,Date Not Captured,SCMS-41080,Pre-PQ Process,Pre-PQ Process,ARV,116-ZA-T01,26-May-09,Air,Pediatric,240,0.02,S. BUYS WHOLESALER,DDP,Weight Captured Separately
82279,DN-1555,Generic,CÃte dIvoire,27-Nov-09,27-Nov-09,150mg,Tablet,Yes,4969.95,From RDC,"Lamivudine 150mg, tablets, 60 Tabs",28.25,5907,14413.08,PMO - US,"Aurobindo Unit III, India",Lamivudine,2.44,N/A - From RDC,SO-33492,FPQ-4187,09-09-09,ARV,104-CI-T30,09-Dec-09,Air,Adult,60,0.04,SCMS from RDC,N/A - From RDC,283
85696,DN-1884,Generic,Nigeria,17-Aug-10,17-Aug-10,150/300/200mg,Tablet - FDC,Yes,6147.18,From RDC,"Lamivudine/Nevirapine/Zidovudine 150/200/300mg, tablets, 60 Tabs",241.9,10000,112200.0,PMO - US,"Aurobindo Unit III, India",Lamivudine/Nevirapine/Zidovudine,11.22,N/A - From RDC,SO-36433,FPQ-5023,02-10-10,ARV,151-NG-T30,31-Aug-10,Air,Adult,60,0.19,SCMS from RDC,N/A - From RDC,1250
69875,ASN-8515,Generic,South Africa,17-Nov-10,17-Nov-10,300mg,Tablet,Yes,3646.13,Direct Drop,"Tenofovir Disoproxil Fumarate 300mg, tablets, 30 Tabs",873.82,51828,405294.96,PMO - US,"Cipla, Goa, India",Tenofovir Disoproxil Fumarate,7.82,3/19/10,SCMS-68750,FPQ-5303,3/18/10,ARV,161-ZA-T30,13-Oct-10,Air,Adult,30,0.26,CIPLA LIMITED,DDP,3543
83306,DN-4115,Generic,Mozambique,30-Mar-15,30-Mar-15,150/300mg,Tablet - FDC,Yes,8689.22,From RDC,"Lamivudine/Zidovudine 150/300mg, tablets, 60 Tabs",484.28,71377,471088.2,PMO - US,Hetero Unit III Hyderabad IN,Lamivudine/Zidovudine,6.6,N/A - From RDC,SO-48886,FPQ-14226,05-02-14,ARV,111-MZ-T30,16-Mar-15,Truck,Adult,60,0.11,SCMS from RDC,N/A - From RDC,6842
13571,ASN-29503,Uni-Gold,South Sudan,09-Jan-15,19-Jan-15,MIssing,Test kit,Yes,1692.35,Direct Drop,"HIV 1/2, Uni-Gold HIV Kit, 20 Tests",0.59,18,576.0,PMO - US,"Trinity Biotech, Plc","HIV 1/2, Uni-Gold HIV Kit",32.0,07-01-14,SCMS-245240,FPQ-14470,6/17/14,HRDT,105-SS-T30,09-Jan-15,Air,HIV test,20,1.6,"Trinity Biotech, Plc",EXW,177
11569,DN-1117,Generic,Rwanda,06-Mar-09,06-Mar-09,150/300mg,Tablet - FDC,Yes,21215.4,From RDC,"Lamivudine/Zidovudine 150/300mg, tablets, 60 Tabs",257.54,15000,131400.0,PMO - US,"Aurobindo Unit III, India",Lamivudine/Zidovudine,8.76,N/A - From RDC,SO-24620,Pre-PQ Process,Pre-PQ Process,ARV,107-RW-T01,06-Mar-09,Air,Adult,60,0.15,SCMS from RDC,N/A - From RDC,1364
84029,DN-1968,Generic,Nigeria,17-Aug-10,17-Aug-10,200/300mg,Tablet - FDC,Yes,6147.18,From RDC,"Emtricitabine/Tenofovir Disoproxil Fumarate 200/300mg, tablets, 30 Tabs",759.99,30000,352500.0,PMO - US,Mylan (formerly Matrix) Nashik,Emtricitabine/Tenofovir Disoproxil Fumarate,11.75,N/A - From RDC,SO-36911,FPQ-5688,5/27/10,ARV,151-NG-T30,31-Aug-10,Air Charter,Adult,30,0.39,SCMS from RDC,N/A - From RDC,2700
86607,DN-3339,Generic,Mozambique,13-Nov-13,02-Dec-13,150/300mg,Tablet - FDC,No,See DN-3339 (ID#:83718),From RDC,"Lamivudine/Zidovudine 150/300mg, tablets, 60 Tabs",359.69,39997,290778.19,PMO - US,Mylan (formerly Matrix) Nashik,Lamivudine/Zidovudine,7.27,N/A - From RDC,SO-44870,FPQ-11884,3/19/13,ARV,111-MZ-T30,31-Oct-13,Truck,Adult,60,0.12,SCMS from RDC,N/A - From RDC,See DN-3339 (ID#:83718)
70797,ASN-32137,Isentress,South Africa,12-May-15,12-May-15,400mg,Tablet,No,Freight Included in Commodity Cost,Direct Drop,"Raltegravir 400mg [Isentress], tablets, 60 Tabs",0.38,6,366.99,PMO - US,"MSD, Haarlem, NL",Raltegravir,61.16,05-11-15,SCMS-259075,FPQ-14942,09-11-14,ARV,116-ZA-T30,12-May-15,Truck,Adult,60,1.02,PHARMACY DIRECT,DDP,Weight Captured Separately
43534,ASN-31556,Determine,Mozambique,22-Apr-15,22-Apr-15,MIssing,Test kit,Yes,19193.57,Direct Drop,"HIV 1/2, Determine Complete HIV Kit, 100 Tests",517.88,5500,440000.0,PMO - US,"Alere Medical Co., Ltd.","HIV 1/2, Determine Complete HIV Kit",80.0,03-12-15,SCMS-277860,FPQ-15844,02-05-15,HRDT,111-MZ-T30,22-Apr-15,Air,HIV test,100,0.8,"Orgenics, Ltd",EXW,2139
85189,DN-2215,Generic,Nigeria,06-Jul-11,06-Jul-11,300mg,Tablet,Yes,13398.06,From RDC,"Tenofovir Disoproxil Fumarate 300mg, tablets, 30 Tabs",32.52,3000,19710.0,PMO - US,"Aurobindo Unit III, India",Tenofovir Disoproxil Fumarate,6.57,N/A - From RDC,SO-39600,FPQ-7217,2/21/11,ARV,151-NG-T30,15-Jun-11,Air Charter,Adult,30,0.22,SCMS from RDC,N/A - From RDC,263
10667,DN-581,Generic,CÃte dIvoire,05-Feb-08,05-Feb-08,1mg/ml,Oral solution,Yes,5962.31,From RDC,"Stavudine 1mg/ml, powder for oral solution, 200 ml",13.22,5900,8260.0,PMO - US,"Aurobindo Unit III, India",Stavudine,1.4,N/A - From RDC,SO-1679,Pre-PQ Process,Pre-PQ Process,ARV,104-CI-T01,05-Feb-08,Air,Pediatric,200,0.01,SCMS from RDC,N/A - From RDC,2093
86136,DN-3925,Generic,Tanzania,17-Oct-14,07-Nov-14,300mg,Tablet,Yes,2456.74,From RDC,"Abacavir 300mg, tablets, 60 Tabs",352.64,24876,285078.96,PMO - US,Mylan (formerly Matrix) Nashik,Abacavir,11.46,N/A - From RDC,SO-46710,FPQ-13042,10-01-13,ARV,109-TZ-T30,03-Nov-14,Truck,Adult,60,0.19,SCMS from RDC,N/A - From RDC,2345
1724,ASN-1667,Videx EC,South Africa,07-Apr-08,07-Apr-08,250mg,Delayed-release capsules - blister,No,Freight Included in Commodity Cost,Direct Drop,"Didanosine EC 250mg [Videx EC], delayed-release capsules, Blister 3 x 10 Caps",2.96,100,1849.0,PMO - US,"BMS Meymac, France",Didanosine EC,18.49,04-04-08,SCMS-21460,Pre-PQ Process,Pre-PQ Process,ARV,116-ZA-T01,25-Apr-08,MIssing,Adult,30,0.62,S. BUYS WHOLESALER,DDP,Weight Captured Separately
85734,DN-2095,Generic,CÃte dIvoire,22-Feb-11,22-Feb-11,150/30mg,Tablet - FDC,No,See DN-2095 (ID#:85733),From RDC,"Lamivudine/Stavudine 150/30mg, tablets, 60 Tabs",445.52,63000,206640.0,PMO - US,Mylan (formerly Matrix) Nashik,Lamivudine/Stavudine,3.28,N/A - From RDC,SO-37130,FPQ-5925,6/23/10,ARV,104-CI-T30,22-Feb-11,Air,Adult,60,0.05,SCMS from RDC,N/A - From RDC,See DN-2095 (ID#:85733)
11068,DN-1426,Generic,Uganda,08-Oct-09,08-Oct-09,600mg,Tablet,Yes,3054.1,From RDC,"Efavirenz 600mg, tablets, 30 Tabs",51.83,3740,26441.8,PMO - US,"Aurobindo Unit III, India",Efavirenz,7.07,N/A - From RDC,SO-30150,Pre-PQ Process,Date Not Captured,ARV,114-UG-T01,08-Oct-09,Air,Adult,30,0.24,SCMS from RDC,N/A - From RDC,322
12871,DN-1160,Generic,CÃte dIvoire,20-Mar-09,20-Mar-09,150mg,Tablet,Yes,Invoiced Separately,From RDC,"Lamivudine 150mg, tablets, 60 Tabs",59.58,10000,30400.0,PMO - US,"Ranbaxy, Paonta Shahib, India",Lamivudine,3.04,N/A - From RDC,SO-27020,Pre-PQ Process,Pre-PQ Process,ARV,104-CI-T01,20-Mar-09,Air,Adult,60,0.05,SCMS from RDC,N/A - From RDC,Weight Captured Separately
46513,ASN-32122,Generic,South Africa,12-May-15,12-May-15,200/300mg,Tablet - FDC,No,Freight Included in Commodity Cost,Direct Drop,"Emtricitabine/Tenofovir Disoproxil Fumarate 200/300mg, tablets, 30 Tabs",0.25,11,240.14,PMO - US,"Aurobindo Unit III, India",Emtricitabine/Tenofovir Disoproxil Fumarate,21.83,05-11-15,SCMS-259075,FPQ-14942,09-11-14,ARV,116-ZA-T30,12-May-15,Truck,Adult,30,0.73,PHARMACY DIRECT,DDP,Weight Captured Separately
8604,ASN-2809,Generic,Vietnam,24-Nov-08,24-Nov-08,300mg,Tablet,No,See ASN-2809 (ID#:1955),Direct Drop,"Abacavir 300mg, tablets, 60 Tabs",17.5,380,8930.0,PMO - US,"Aurobindo Unit III, India",Abacavir,23.5,7/24/08,SCMS-27310,Pre-PQ Process,Pre-PQ Process,ARV,108-VN-T01,24-Nov-08,Air,Adult,60,0.39,Aurobindo Pharma Limited,EXW,See ASN-2809 (ID#:1955)
27400,ASN-21478,Uni-Gold,Zambia,18-Sep-13,18-Sep-13,MIssing,Test kit,Yes,7616.19,Direct Drop,"HIV 1/2, Uni-Gold HIV Kit, 20 Tests",118.75,3000,96000.0,PMO - US,"Trinity Biotech, Plc","HIV 1/2, Uni-Gold HIV Kit",32.0,08-06-13,SCMS-201910,FPQ-12634,7/17/13,HRDT,110-ZM-T30,18-Sep-13,Air,HIV test,20,1.6,"Trinity Biotech, Plc",EXW,880
49859,ASN-5580,Atripla,CÃte dIvoire,18-Dec-09,18-Dec-09,600/200/300mg,Tablet - FDC,Yes,Freight Included in Commodity Cost,Direct Drop,"Efavirenz/Emtricitabine/Tenofovir Disoproxil Fumarate 600/200/300mg [Atripla], tablets, 30 Tabs",687.54,6960,350784.0,PMO - US,"MSD, Haarlem, NL",Efavirenz/Emtricitabine/Tenofovir Disoproxil Fumarate,50.4,9/25/09,SCMS-52620,FPQ-3967,8/21/09,ARV,104-CI-T30,18-Dec-09,Air,Adult,30,1.68,MERCK SHARP & DOHME IDEA GMBH (FORMALLY MERCK SHARP & DOHME B.V.),CIP,Weight Captured Separately
21301,ASN-7131,Generic,Tanzania,02-Aug-10,02-Aug-10,150mg,Capsule,Yes,1122.07,Direct Drop,"Atazanavir 150mg, capsules, 60 Caps",59.91,1065,27785.85,PMO - US,"Emcure Plot No.P-2, I.T-B.T. Park, Phase II, MIDC, Hinjwadi, Pune, India",Atazanavir,26.09,4/23/10,SCMS-71420,FPQ-5437,4/15/10,ARV,109-TZ-T30,02-Aug-10,Air,Pediatric,60,0.43,EMCURE PHARMACEUTICALS LTD,EXW,112
9842,ASN-2106,Coartem,Nigeria,05-Aug-08,05-Aug-08,20/120mg,Tablet - FDC + blister,No,See ASN-2106 (ID#:9841),Direct Drop,"Artemether/Lumefantrine 20/120mg [Coartem], scored tablets, Blister 30 x 18 Tabs",2.48,34,1547.68,PMO - US,"Novartis Pharma AG, Switzerland",Artemether/Lumefantrine,45.52,6/30/08,SCMS-26290,Pre-PQ Process,Pre-PQ Process,ACT,112-NG-T01,05-Aug-08,Air,ACT,540,0.08,IDA FOUNDATION,EXW,See ASN-2106 (ID#:9841)
83995,DN-1773,Generic,Rwanda,19-Apr-10,19-Apr-10,150/300/200mg,Tablet - FDC,Yes,42573.95,From RDC,"Lamivudine/Nevirapine/Zidovudine 150/200/300mg, tablets, 60 Tabs",604.76,25000,280500.0,PMO - US,"Aurobindo Unit III, India",Lamivudine/Nevirapine/Zidovudine,11.22,N/A - From RDC,SO-36390,FPQ-5393,3/23/10,ARV,107-RW-T30,15-Jun-10,Air,Adult,60,0.19,SCMS from RDC,N/A - From RDC,2930
56899,ASN-21235,Determine,Tanzania,16-Sep-13,16-Sep-13,MIssing,Test kit,Yes,16382.89,Direct Drop,"HIV 1/2, Determine Complete HIV Kit, 100 Tests",0,2330,0.0,PMO - US,"Alere Medical Co., Ltd.","HIV 1/2, Determine Complete HIV Kit",0.0,5/29/13,SCMS-189360,FPQ-12197,4/30/13,HRDT,109-TZ-T30,17-Sep-13,Air,HIV test,100,0.0,"Standard Diagnostics, Inc.",EXW,965
86523,DN-2884,Generic,Zambia,19-Oct-12,19-Oct-12,200mg,Tablet,No,See DN-2884 (ID#:85312),From RDC,"Nevirapine 200mg, tablets, 60 Tabs",155.76,45531,111095.64,PMO - US,Hetero Unit III Hyderabad IN,Nevirapine,2.44,N/A - From RDC,SO-41993,FPQ-9773,4/27/12,ARV,110-ZM-T30,31-Oct-12,Truck,Adult,60,0.04,SCMS from RDC,N/A - From RDC,See DN-2884 (ID#:85312)
81011,ASN-24547,Viread,South Africa,17-Feb-14,17-Feb-14,300mg,Tablet,No,Freight Included in Commodity Cost,Direct Drop,"Tenofovir Disoproxil Fumarate 300mg [Viread], tablets, 30 Tabs",58.6,2500,47371.85,PMO - US,"Aspen-OSD, Port Elizabeth, SA",Tenofovir Disoproxil Fumarate,18.95,9/19/13,SCMS-206100,FPQ-12932,09-07-13,ARV,101-ZA-T30,17-Feb-14,Truck,Adult,30,0.63,PHARMACY DIRECT,DDP,Weight Captured Separately
62657,ASN-18768,Determine,"Congo, DRC",17-Jul-13,17-Jul-13,MIssing,Test kit,No,See ASN-18768 (ID#:62403),Direct Drop,"HIV 1/2, Determine Complete HIV Kit, 100 Tests",220.58,2229,178320.0,PMO - US,"Alere Medical Co., Ltd.","HIV 1/2, Determine Complete HIV Kit",80.0,12-06-12,SCMS-168020,FPQ-11043,11/16/12,HRDT,101-CD-T30,17-Jul-13,Air,HIV test,100,0.8,"Orgenics, Ltd",EXW,See ASN-18768 (ID#:62403)
28577,ASN-8626,Generic,Tanzania,06-Dec-10,06-Dec-10,600/200/300mg,Tablet - FDC,Yes,28514.49,Direct Drop,"Efavirenz/Emtricitabine/Tenofovir Disoproxil Fumarate 600/200/300mg, tablets, 30 Tabs",2280.33,53149,1057665.1,PMO - US,Mylan (formerly Matrix) Nashik,Efavirenz/Emtricitabine/Tenofovir Disoproxil Fumarate,19.9,8/25/10,SCMS-82760,FPQ-6203,8/18/10,ARV,109-TZ-T30,06-Dec-10,Air,Adult,30,0.66,MYLAN LABORATORIES LTD (FORMERLY MATRIX LABORATORIES),EXW,5808
86243,DN-1523,Generic,CÃte dIvoire,02-Dec-09,02-Dec-09,600mg,Tablet,No,See DN-1523 (ID#:83961),From RDC,"Efavirenz 600mg, tablets, 30 Tabs",345.12,30464,176081.92,PMO - US,"Aurobindo Unit III, India",Efavirenz,5.78,N/A - From RDC,SO-34500,FPQ-3964,7/24/09,ARV,104-CI-T30,01-Dec-09,Air,Adult,30,0.19,SCMS from RDC,N/A - From RDC,See DN-1523 (ID#:83961)
12143,DN-525,Generic,Ethiopia,20-Dec-07,20-Dec-07,200mg,Tablet,Yes,1318,From RDC,"Nevirapine 200mg, tablets, 60 Tabs",6.83,1255,4267.0,PMO - US,"Aurobindo Unit III, India",Nevirapine,3.4,N/A - From RDC,SO-1530,Pre-PQ Process,Pre-PQ Process,ARV,117-ET-T01,20-Dec-07,Air,Adult,60,0.06,SCMS from RDC,N/A - From RDC,120
57346,ASN-12701,Hexagon,Cameroon,18-Nov-11,18-Nov-11,MIssing,Test kit,Yes,549.16,Direct Drop,"HIV 1/2, HEXAGON Rapid HIV Kit, 100 Tests",3.68,20,2231.6,PMO - US,Human Diagnostic,"HIV 1/2, HEXAGON Rapid HIV Kit",111.58,9/15/11,SCMS-122270,FPQ-8396,9/13/11,HRDT,103-CM-T30,18-Nov-11,Air,HIV test,100,1.12,HUMAN GMBH,EXW,30
27300,ASN-10790,Generic,Rwanda,17-Jun-11,17-Jun-11,600mg,Tablet,Yes,35499.58,Direct Drop,"Efavirenz 600mg, tablets, 30 Tabs",388.73,43657,180303.41,PMO - US,Hetero Unit III Hyderabad IN,Efavirenz,4.13,9/28/10,SCMS-84991,FPQ-6341,09-03-10,ARV,107-RW-T30,17-Jun-11,Air,Adult,30,0.14,HETERO LABS LIMITED,EXW,3720
82691,DN-3833,Generic,Zambia,04-Sep-14,06-Oct-14,300/300mg,Tablet - FDC,Yes,16468.54,From RDC,"Lamivudine/Tenofovir Disoproxil Fumarate 300/300mg, tablets, 30 Tabs",104.02,21529,101186.3,PMO - US,"Cipla, Kurkumbh, India",Lamivudine/Tenofovir Disoproxil Fumarate,4.7,N/A - From RDC,SO-47204,FPQ-13221,10/31/13,ARV,110-ZM-T30,29-Aug-14,Truck,Adult,30,0.16,SCMS from RDC,N/A - From RDC,9530
5033,ASN-3607,Generic,South Africa,28-Nov-08,28-Nov-08,200mg,Tablet,No,Freight Included in Commodity Cost,Direct Drop,"Nevirapine 200mg, tablets, 60 Tabs",9.56,983,4875.68,PMO - US,"Aurobindo Unit III, India",Nevirapine,4.96,Date Not Captured,SCMS-40780,Pre-PQ Process,Pre-PQ Process,ARV,116-ZA-T01,17-Mar-09,Air,Adult,60,0.08,S. BUYS WHOLESALER,DDP,Weight Captured Separately
85864,DN-2686,Generic,Nigeria,03-Jun-12,03-Jun-12,200mg,Capsule,Yes,17090,From RDC,"Efavirenz 200mg, capsule, 90 Caps",25.04,2067,17858.88,PMO - US,"Aurobindo Unit III, India",Efavirenz,8.64,N/A - From RDC,SO-42331,FPQ-9432,03-01-12,ARV,151-NG-T30,02-Aug-12,Air Charter,Pediatric,90,0.1,SCMS from RDC,N/A - From RDC,307
83861,DN-4032,Generic,Mozambique,02-Mar-15,09-Mar-15,300mg,Tablet,No,See DN-4032 (ID#:82757),From RDC,"Abacavir 300mg, tablets, 60 Tabs",88.89,7700,86471.0,PMO - US,Mylan (formerly Matrix) Nashik,Abacavir,11.23,N/A - From RDC,SO-48880,FPQ-14226,05-02-14,ARV,111-MZ-T30,02-Mar-15,Truck,Adult,60,0.19,SCMS from RDC,N/A - From RDC,See DN-4032 (ID#:82757)
4367,ASN-2023,Generic,Vietnam,07-Jul-08,07-Jul-08,100mg,Chewable/dispersible tablet,No,See ASN-2023 (ID#:3094),Direct Drop,"Didanosine 100mg, chewable/dispersible tablets, 60 Tabs",5.06,408,3162.0,PMO - US,"Aurobindo Unit III, India",Didanosine,7.75,3/31/08,SCMS-20181,Pre-PQ Process,Pre-PQ Process,ARV,108-VN-T01,07-Jul-08,Air,Pediatric,60,0.13,Aurobindo Pharma Limited,EXW,See ASN-2023 (ID#:3094)
12597,DN-1309,Generic,Haiti,24-Jun-09,24-Jun-09,150/300mg,Tablet - FDC,Yes,26714.63,From RDC,"Lamivudine/Zidovudine 150/300mg, tablets, 60 Tabs",443.39,25824,226218.24,PMO - US,"Aurobindo Unit III, India",Lamivudine/Zidovudine,8.76,N/A - From RDC,SO-30170,Pre-PQ Process,Pre-PQ Process,ARV,106-HT-T01,24-Jun-09,Air,Adult,60,0.15,SCMS from RDC,N/A - From RDC,2359
85205,DN-2388,Generic,Swaziland,18-Oct-11,18-Oct-11,200mg,Tablet,No,See DN-2388 (ID#:83539),From RDC,"Nevirapine 200mg, tablets, 60 Tabs",35.24,8277,21354.66,PMO - US,Hetero Unit III Hyderabad IN,Nevirapine,2.58,N/A - From RDC,SO-40690,FPQ-8417,9/14/11,ARV,900-SZ-T30,12-Dec-11,Air,Adult,60,0.04,SCMS from RDC,N/A - From RDC,See DN-2388 (ID#:83539)
83776,DN-3587,Generic,Haiti,24-Mar-14,06-May-14,10mg/ml,Oral solution,Yes,29216.84,From RDC,"Lamivudine 10mg/ml, oral solution w/syringe, Bottle, 240 ml",5.88,4000,5720.0,PMO - US,"Aurobindo Unit III, India",Lamivudine,1.43,N/A - From RDC,SO-47800,FPQ-13648,02-03-14,ARV,106-HT-T30,05-May-14,Air,Pediatric,240,0.01,SCMS from RDC,N/A - From RDC,2769
11628,DN-933,Generic,Mozambique,14-Nov-08,14-Nov-08,150/200/30mg,Tablet - FDC,No,See DN-933 (ID#:10755),From RDC,"Lamivudine/Nevirapine/Stavudine 150/200/30mg, tablets, 60 Tabs",311.96,27080,194976.0,PMO - US,"Strides, Bangalore, India.",Lamivudine/Nevirapine/Stavudine,7.2,N/A - From RDC,SO-15090,Pre-PQ Process,Pre-PQ Process,ARV,111-MZ-T01,14-Nov-08,Air,Adult,60,0.12,SCMS from RDC,N/A - From RDC,See DN-933 (ID#:10755)
10732,DN-1034,Generic,Mozambique,21-Feb-09,21-Feb-09,150/300/200mg,Tablet - FDC,Yes,3671.92,From RDC,"Lamivudine/Nevirapine/Zidovudine 150/200/300mg, tablets, 60 Tabs",302.98,13100,154580.0,PMO - US,"Aurobindo Unit III, India",Lamivudine/Nevirapine/Zidovudine,11.8,N/A - From RDC,SO-15080,Pre-PQ Process,Pre-PQ Process,ARV,111-MZ-T01,21-Feb-09,Air,Adult,60,0.2,SCMS from RDC,N/A - From RDC,6036
61111,ASN-26847,Intelence,Uganda,16-Jul-14,18-Jul-14,100mg,Tablet,Yes,923.18,Direct Drop,"Etravirine 100mg [Intelence], tablets, 120 Tabs",18.58,502,18072.0,PMO - US,"Janssen-Cilag, Latina, IT",Etravirine,36.0,02-04-14,SCMS-225770,FPQ-13600,1/28/14,ARV,114-UG-T30,16-Jul-14,Air,Adult,120,0.3,B&C GROUP S.A.,EXW,119
17348,ASN-7373,Generic,South Africa,31-May-10,31-May-10,50mg,Capsule,Yes,Freight Included in Commodity Cost,Direct Drop,"Efavirenz 50mg, capsule, 30 Caps",2.26,300,1046.28,PMO - US,"Aurobindo Unit III, India",Efavirenz,3.49,4/21/10,SCMS-71370,FPQ-5535,4/19/10,ARV,116-ZA-T30,31-May-10,Truck,Pediatric,30,0.12,S. BUYS WHOLESALER,DDP,Weight Captured Separately
11867,DN-761,Generic,CÃte dIvoire,02-Jun-08,02-Jun-08,10mg/ml,Oral solution,No,See DN-761 (ID#:10951),From RDC,"Lamivudine 10mg/ml, oral solution, Bottle, 240 ml",24.27,7700,15169.0,PMO - US,"Aurobindo Unit III, India",Lamivudine,1.97,N/A - From RDC,SO-2045,Pre-PQ Process,Pre-PQ Process,ARV,104-CI-T01,02-Jun-08,Air,Pediatric,240,0.01,SCMS from RDC,N/A - From RDC,See DN-761 (ID#:10951)
30561,ASN-22882,Determine,Nigeria,16-Dec-13,16-Dec-13,MIssing,Test kit,Yes,60185.33,Direct Drop,"HIV 1/2, Determine Complete HIV Kit, 100 Tests",1029.04,9347,831883.0,PMO - US,"Alere Medical Co., Ltd.","HIV 1/2, Determine Complete HIV Kit",89.0,11-01-13,SCMS-210350,FPQ-12812,8/13/13,HRDT,133-NG-T30,23-Dec-13,Air,HIV test,100,0.89,"Orgenics, Ltd",EXW,3090
70309,ASN-29870,Determine,Burundi,02-Feb-15,02-Feb-15,MIssing,Test kit,Yes,15012.16,Direct Drop,"HIV 1/2, Determine Complete HIV Kit, 100 Tests",132.24,1608,128640.0,PMO - US,"Alere Medical Co., Ltd.","HIV 1/2, Determine Complete HIV Kit",80.0,8/28/14,SCMS-251520,FPQ-14713,7/29/14,HRDT,102-BI-T30,02-Feb-15,Air,HIV test,100,0.8,"Orgenics, Ltd",EXW,958
71516,ASN-30377,Generic,South Africa,26-Jan-15,26-Jan-15,150/300mg,Tablet - FDC,No,Freight Included in Commodity Cost,Direct Drop,"Lamivudine/Zidovudine 150/300mg, tablets, 60 Tabs",0.44,19,428.24,PMO - US,"Aurobindo Unit III, India",Lamivudine/Zidovudine,22.54,1/26/15,SCMS-259072,FPQ-14942,09-11-14,ARV,116-ZA-T30,26-Jan-15,Truck,Adult,60,0.38,PHARMACY DIRECT,DDP,Weight Captured Separately
61354,ASN-33470,Generic,South Africa,24-Jul-15,24-Jul-15,300mg,Tablet,No,Freight Included in Commodity Cost,Direct Drop,"Tenofovir Disoproxil Fumarate 300mg, tablets, 30 Tabs",0.58,38,564.39,PMO - US,Mylan (formerly Matrix) Nashik,Tenofovir Disoproxil Fumarate,14.85,10-09-14,SCMS-259078,FPQ-14942,09-11-14,ARV,116-ZA-T30,24-Jul-15,Truck,Adult,30,0.5,PHARMACY DIRECT,DDP,Weight Captured Separately
11358,DN-1473,Kaletra,Ghana,12-Aug-09,12-Aug-09,80/20mg/ml,Oral solution,Yes,Invoiced Separately,From RDC,"Lopinavir/Ritonavir 80/20mg/ml [Kaletra], oral solution, cool, Bottle 5 x 60 ml",0,129,1.29,PMO - US,ABBVIE (Abbott) Logis. UK,Lopinavir/Ritonavir,0.01,N/A - From RDC,SO-33650,Pre-PQ Process,Date Not Captured,ARV,100-GH-T01,30-Sep-09,Truck,Pediatric,300,0.0,SCMS from RDC,N/A - From RDC,Weight Captured Separately
84084,DN-2154,Generic,Zambia,20-May-11,20-May-11,200mg,Tablet,Yes,3402.23,From RDC,"Nevirapine 200mg, tablets, 60 Tabs",43,7946,19944.46,PMO - US,Hetero Unit III Hyderabad IN,Nevirapine,2.51,N/A - From RDC,SO-38970,FPQ-6482,10/15/10,ARV,110-ZM-T30,11-Apr-11,Truck,Adult,60,0.04,SCMS from RDC,N/A - From RDC,1168
40851,ASN-21572,Generic,Cameroon,26-Sep-13,26-Sep-13,300mg,Tablet,Yes,4339.64,Direct Drop,"Zidovudine 300mg, tablets, 60 Tabs",40.2,5000,32500.0,PMO - US,Mylan (formerly Matrix) Nashik,Zidovudine,6.5,8/23/13,SCMS-204330,FPQ-12837,8/19/13,ARV,901-CM-T30,26-Sep-13,Air,Adult,60,0.11,MYLAN LABORATORIES LTD (FORMERLY MATRIX LABORATORIES),EXW,294
20666,ASN-4829,Aluvia,Nigeria,16-Oct-09,16-Oct-09,200/50mg,Tablet,Yes,1599.22,Direct Drop,"Lopinavir/Ritonavir 200/50mg [Aluvia], tablets, 120 Tabs",35.44,500,18080.0,PMO - US,ABBVIE Ludwigshafen Germany,Lopinavir/Ritonavir,36.16,08-12-09,SCMS-51240,FPQ-4044,08-04-09,ARV,112-NG-T30,16-Oct-09,Air,Adult,120,0.3,ABBVIE LOGISTICS (FORMERLY ABBOTT LOGISTICS BV),FCA,130
84097,DN-2258,Generic,Ghana,20-Jul-11,20-Jul-11,200mg,Tablet,Yes,226.25,From RDC,"Nevirapine 200mg, tablets, 60 Tabs",157.54,38040,95480.4,PMO - US,"Strides, Bangalore, India.",Nevirapine,2.51,N/A - From RDC,SO-39960,FPQ-7799,06-06-11,ARV,100-GH-T30,04-Jul-11,Air,Adult,60,0.04,SCMS from RDC,N/A - From RDC,2269
86266,DN-1645,Generic,Uganda,26-Feb-10,26-Feb-10,300mg,Tablet,Yes,1152.14,From RDC,"Zidovudine 300mg, tablets, 60 Tabs",10.98,744,5602.32,PMO - US,"Aurobindo Unit III, India",Zidovudine,7.53,N/A - From RDC,SO-35650,FPQ-4325,9/23/09,ARV,114-UG-T30,19-Mar-10,Air,Adult,60,0.13,SCMS from RDC,N/A - From RDC,41
65,ASN-162,Determine,Haiti,18-Jan-07,18-Jan-07,MIssing,Test kit,Yes,1760.32,Direct Drop,"HIV 1/2, Determine Complete HIV Kit, 100 Tests",MIssing,750,60000.0,PMO - US,ABBVIE GmbH & Co.KG Wiesbaden,"HIV 1/2, Determine Complete HIV Kit",80.0,Date Not Captured,SCMS-274,Pre-PQ Process,Pre-PQ Process,HRDT,106-HT-T01,18-Jan-07,Air,HIV test,100,0.8,Abbott GmbH & Co. KG,EXW,256
54562,ASN-7826,Uni-Gold,Kenya,20-Sep-10,20-Sep-10,MIssing,Test kit,Yes,4851,Direct Drop,"HIV 1/2, Uni-Gold HIV Kit, 20 Tests",104.52,1515,48480.0,PMO - US,"Trinity Biotech, Plc","HIV 1/2, Uni-Gold HIV Kit",32.0,08-04-10,SCMS-80830,FPQ-6116,7/23/10,HRDT,102-KE-T30,20-Sep-10,Air,HIV test,20,1.6,"Trinity Biotech, Plc",EXW,518
33882,ASN-10110,Generic,South Africa,05-May-11,05-May-11,300mg,Tablet,Yes,19569.93,Direct Drop,"Tenofovir Disoproxil Fumarate 300mg, tablets, 30 Tabs",1697.85,150000,1029000.0,PMO - US,"Cipla, Goa, India",Tenofovir Disoproxil Fumarate,6.86,12/14/10,SCMS-93620,FPQ-6708,11/26/10,ARV,161-ZA-T30,05-May-11,Ocean,Adult,30,0.23,CIPLA LIMITED,DDP,10151
78140,ASN-16124,Generic,Vietnam,02-Oct-12,02-Oct-12,150/300/200mg,Tablet - FDC,No,See ASN-16124 (ID#:20321),Direct Drop,"Lamivudine/Nevirapine/Zidovudine 150/200/300mg, tablets, 60 Tabs",30.61,2335,21832.25,PMO - US,Mylan (formerly Matrix) Nashik,Lamivudine/Nevirapine/Zidovudine,9.35,06-11-12,SCMS-145310,FPQ-9576,04-11-12,ARV,108-VN-T30,02-Oct-12,Air,Adult,60,0.16,MYLAN LABORATORIES LTD (FORMERLY MATRIX LABORATORIES),EXW,See ASN-16124 (ID#:20321)
10743,DN-904,Generic,Mozambique,10-Oct-08,10-Oct-08,200mg,Tablet,Yes,1522.92,From RDC,"Nevirapine 200mg, tablets, 60 Tabs",61.64,12040,38528.0,PMO - US,Hetero Unit III Hyderabad IN,Nevirapine,3.2,N/A - From RDC,SO-13990,Pre-PQ Process,Pre-PQ Process,ARV,111-MZ-T01,10-Oct-08,Truck,Adult,60,0.05,SCMS from RDC,N/A - From RDC,677
26117,ASN-33865,Generic,South Africa,24-Aug-15,24-Aug-15,150/300mg,Tablet - FDC,No,Freight Included in Commodity Cost,Direct Drop,"Lamivudine/Zidovudine 150/300mg, tablets, 60 Tabs",0.57,24,551.92,PMO - US,"Aurobindo Unit III, India",Lamivudine/Zidovudine,23.0,8/24/15,SCMS-295800,FPQ-14942,09-11-14,ARV,116-ZA-T30,24-Aug-15,Truck,Adult,60,0.38,PHARMACY DIRECT,DDP,Weight Captured Separately
83439,DN-1896,Generic,Nigeria,28-Jun-10,28-Jun-10,200mg,Tablet,Yes,Freight Included in Commodity Cost,From RDC,"Nevirapine 200mg, tablets, 60 Tabs",17.66,3000,8190.0,PMO - US,"Strides, Bangalore, India.",Nevirapine,2.73,N/A - From RDC,SO-36465,FPQ-5023,02-10-10,ARV,151-NG-T30,15-Jul-10,Air,Adult,60,0.05,SCMS from RDC,N/A - From RDC,206
34351,ASN-5618,Determine,Zimbabwe,08-Jan-10,08-Jan-10,MIssing,Test kit,Yes,11835.69,Direct Drop,"HIV 1/2, Determine Complete HIV Kit, 100 Tests",197.14,1270,91440.0,PMO - US,Inverness Japan,"HIV 1/2, Determine Complete HIV Kit",72.0,10/29/09,SCMS-56180,FPQ-4476,10/27/09,HRDT,113-ZW-T30,08-Jan-10,Air,HIV test,100,0.72,"Orgenics, Ltd",EXW,635
19250,ASN-7107,Videx,CÃte dIvoire,10-Jun-10,10-Jun-10,50mg,Chewable/dispersible tablet,Yes,1134.5,Direct Drop,"Didanosine 50mg [Videx], chewable tablets, 60 Tabs",86.95,4245,40327.5,PMO - US,"BMS Meymac, France",Didanosine,9.5,12/14/09,SCMS-59690,FPQ-4717,12-08-09,ARV,104-CI-T30,10-Jun-10,Air,Pediatric,60,0.16,BRISTOL-MYERS SQUIBB,CIP,833
45505,ASN-16323,Uni-Gold,South Sudan,18-Oct-12,18-Oct-12,MIssing,Test kit,Yes,870.22,Direct Drop,"HIV 1/2, Uni-Gold HIV Kit, 20 Tests",2.11,47,1504.0,PMO - US,"Trinity Biotech, Plc","HIV 1/2, Uni-Gold HIV Kit",32.0,8/21/12,SCMS-157870,FPQ-10504,8/15/12,HRDT,900-SS-T30,18-Oct-12,Air,HIV test,20,1.6,"Trinity Biotech, Plc",EXW,15
86272,DN-1664,Generic,Haiti,03-Mar-10,03-Mar-10,30mg,Capsule,Yes,6036.96,From RDC,"Stavudine 30mg, capsules, 60 Caps",11.62,3690,5387.4,PMO - US,"Strides, Bangalore, India.",Stavudine,1.46,N/A - From RDC,SO-35670,FPQ-4384,10/23/09,ARV,106-HT-T30,10-Mar-10,Air,Adult,60,0.02,SCMS from RDC,N/A - From RDC,177
86427,DN-2449,Generic,CÃte dIvoire,05-Dec-11,05-Dec-11,600mg,Tablet,Yes,3526.27,From RDC,"Efavirenz 600mg, tablets, 30 Tabs",49.66,7132,30097.04,PMO - US,"Strides, Bangalore, India.",Efavirenz,4.22,N/A - From RDC,SO-40120,FPQ-7659,05-03-11,ARV,104-CI-T30,30-Dec-11,Air,Adult,30,0.14,SCMS from RDC,N/A - From RDC,434
85293,DN-2810,Generic,Guyana,29-Aug-12,29-Aug-12,15mg,Capsule,Yes,931.34,From RDC,"Stavudine 15mg, capsules, 60 Caps",0.05,25,33.0,PMO - US,"Aurobindo Unit III, India",Stavudine,1.32,N/A - From RDC,SO-42790,FPQ-10252,07-05-12,ARV,105-GY-T30,30-Sep-12,Air,Adult,60,0.02,SCMS from RDC,N/A - From RDC,5
46106,ASN-16786,Uni-Gold,South Sudan,08-Feb-13,08-Feb-13,MIssing,Test kit,Yes,3088.04,Direct Drop,"HIV 1/2, Uni-Gold HIV Kit, 20 Tests",26.78,597,19104.0,PMO - US,"Trinity Biotech, Plc","HIV 1/2, Uni-Gold HIV Kit",32.0,6/20/12,SCMS-147621,FPQ-9807,5/18/12,HRDT,105-SS-T30,08-Feb-13,Air,HIV test,20,1.6,"Trinity Biotech, Plc",EXW,209
9815,ASN-2997,Generic,Zimbabwe,22-Jan-09,22-Jan-09,MIssing,Test kit - Ancillary,No,See ASN-2997 (ID#:5860),Direct Drop,"HIV, Lancet, Safety, for HIV Test kits, 100 Pcs",0.03,1396,13.96,PMO - US,Inverness Japan,"HIV, Lancet, Safety, for HIV Test kits, 100 Pcs",0.01,06-12-08,SCMS-25300,Pre-PQ Process,Pre-PQ Process,HRDT,113-ZW-T01,22-Jan-09,Air,HIV test - Ancillary,100,0.0,"Orgenics, Ltd",EXW,See ASN-2997 (ID#:5860)
85917,DN-2923,Generic,Nigeria,06-Nov-12,06-Nov-12,600/300/300mg,Tablet - FDC,Yes,15459.09,From RDC,"Efavirenz/Lamivudine/Tenofovir Disoproxil Fumarate 600/300/300mg, tablets, 30 Tabs",1049.37,56404,748481.08,PMO - US,Mylan (formerly Matrix) Nashik,Efavirenz/Lamivudine/Tenofovir Disoproxil Fumarate,13.27,N/A - From RDC,SO-43431,FPQ-9968,5/23/12,ARV,151-NG-T30,15-Nov-12,Air,Adult,30,0.44,SCMS from RDC,N/A - From RDC,6886
52068,ASN-29764,Epivir,South Africa,10-Dec-14,10-Dec-14,150mg,Tablet,No,Freight Included in Commodity Cost,Direct Drop,"Lamivudine 150mg [Epivir], tablets, 60 Tabs",11.9,983,10106.64,PMO - US,GSK Cape Town Factory (South Africa),Lamivudine,10.28,12-10-14,SCMS-267020,FPQ-15269,10/29/14,ARV,116-ZA-T30,10-Dec-14,Truck,Adult,60,0.17,S. BUYS WHOLESALER,DDP,Weight Captured Separately
82558,DN-3039,Generic,Nigeria,21-Feb-13,21-Feb-13,600/200/300mg,Tablet - FDC,Yes,37242.5,From RDC,"Efavirenz/Emtricitabine/Tenofovir Disoproxil Fumarate 600/200/300mg, tablets, 30 Tabs",2015.57,105014,1437641.66,PMO - US,Mylan (formerly Matrix) Nashik,Efavirenz/Emtricitabine/Tenofovir Disoproxil Fumarate,13.69,N/A - From RDC,SO-43048,FPQ-10477,08-09-12,ARV,151-NG-T30,15-Mar-13,Air Charter,Adult,30,0.46,SCMS from RDC,N/A - From RDC,13392
84532,DN-1662,Generic,CÃte dIvoire,01-Mar-10,01-Mar-10,10mg/ml,Oral suspension,No,See DN-1662 (ID#:83981),From RDC,"Nevirapine 10mg/ml, oral suspension, Bottle, 240 ml",5.39,1431,2747.52,PMO - US,"Aurobindo Unit III, India",Nevirapine,1.92,N/A - From RDC,SO-34410,FPQ-4378,10/15/09,ARV,104-CI-T30,09-Mar-10,Air,Pediatric,240,0.01,SCMS from RDC,N/A - From RDC,See DN-1662 (ID#:83981)
30724,ASN-28037,Generic,South Africa,29-Aug-14,29-Aug-14,150mg,Tablet,No,Freight Included in Commodity Cost,Direct Drop,"Lamivudine 150mg, tablets, 60 Tabs",6.81,564,5502.98,PMO - US,Hetero Unit III Hyderabad IN,Lamivudine,9.76,8/29/14,SCMS-199289,FPQ-12522,07-11-13,ARV,116-ZA-T30,29-Aug-14,Truck,Adult,60,0.16,S. BUYS WHOLESALER,DDP,Weight Captured Separately
39441,ASN-15274,Generic,Zambia,26-Jun-12,26-Jun-12,60/100/12mg,Chewable/dispersible tablet - FDC,Yes,25383.34,Direct Drop,"Lamivudine/Nevirapine/Stavudine 60/100/12mg, dispersible tablets, 60 Tabs",422,70000,301000.0,PMO - US,"Cipla, Goa, India",Lamivudine/Nevirapine/Stavudine,4.3,1/27/12,SCMS-134320,FPQ-9074,12/22/11,ARV,110-ZM-T30,26-Jun-12,Air,Pediatric,60,0.07,CIPLA LIMITED,EXW,5999
12729,DN-426,Generic,Mozambique,29-Nov-07,29-Nov-07,600mg,Tablet,No,See DN-426 (ID#:10633),From RDC,"Efavirenz 600mg, tablets, 30 Tabs",741.23,37300,463266.0,PMO - US,"Cipla, Goa, India",Efavirenz,12.42,N/A - From RDC,SO-1038,Pre-PQ Process,Pre-PQ Process,ARV,111-MZ-T01,29-Nov-07,Air,Adult,30,0.41,SCMS from RDC,N/A - From RDC,See DN-426 (ID#:10633)
12500,DN-682,Generic,Haiti,21-Mar-08,21-Mar-08,30mg,Capsule,No,See DN-682 (ID#:10963),From RDC,"Stavudine 30mg, capsules, 60 Caps",18.9,7770,11810.4,PMO - US,"Aurobindo Unit III, India",Stavudine,1.52,N/A - From RDC,SO-2042,Pre-PQ Process,Pre-PQ Process,ARV,106-HT-T01,21-Mar-08,Air,Adult,60,0.03,SCMS from RDC,N/A - From RDC,See DN-682 (ID#:10963)
1618,ASN-1368,Uni-Gold,Mozambique,27-Mar-08,27-Mar-08,MIssing,Test kit,Yes,55746.59,Direct Drop,"HIV 1/2, Uni-Gold HIV Kit, 20 Tests",460.8,9000,288000.0,PMO - US,"Trinity Biotech, Plc","HIV 1/2, Uni-Gold HIV Kit",32.0,2/19/08,SCMS-17800,Pre-PQ Process,Pre-PQ Process,HRDT,111-MZ-T01,27-Mar-08,Air,HIV test,20,1.6,"Trinity Biotech, Plc",EXW,9000
4190,ASN-1252,Zerit,South Africa,24-Jan-07,24-Jan-08,30mg,Capsule,Yes,Freight Included in Commodity Cost,Direct Drop,"Stavudine 30mg [Zerit], capsules, 60 Caps",7.67,800,4792.0,PMO - US,"BMS Meymac, France",Stavudine,5.99,11-12-07,SCMS-14050,Pre-PQ Process,Pre-PQ Process,ARV,116-ZA-T01,29-Jan-08,MIssing,Adult,60,0.1,"JSI R&T INSTITUTE, INC.",DDP,Weight Captured Separately
12873,DN-1166,Generic,Nigeria,08-May-09,08-May-09,200mg,Capsule,No,See DN-1166 (ID#:12271),From RDC,"Efavirenz 200mg, capsule, 90 Caps",33.86,1132,17274.32,PMO - US,"Aurobindo Unit III, India",Efavirenz,15.26,N/A - From RDC,SO-22830,Pre-PQ Process,Pre-PQ Process,ARV,123-NG-T01,08-May-09,Air Charter,Pediatric,90,0.17,SCMS from RDC,N/A - From RDC,See DN-1166 (ID#:12271)
5894,ASN-2339,Generic,Vietnam,03-Sep-08,03-Sep-08,150mg,Tablet,Yes,6609.02,Direct Drop,"Lamivudine 150mg, tablets, 60 Tabs",61.29,15960,38304.0,PMO - US,"Aurobindo Unit III, India",Lamivudine,2.4,07-01-08,SCMS-26170,Pre-PQ Process,Pre-PQ Process,ARV,108-VN-T01,03-Sep-08,Air,Adult,60,0.04,Aurobindo Pharma Limited,EXW,755
85492,DN-3873,Generic,Mozambique,13-Jan-15,21-Jan-15,150/300mg,Tablet - FDC,Yes,5073.25,From RDC,"Lamivudine/Zidovudine 150/300mg, tablets, 60 Tabs",177.7,26512,172858.24,PMO - US,"Aurobindo Unit III, India",Lamivudine/Zidovudine,6.52,N/A - From RDC,SO-47055,FPQ-13124,10/21/13,ARV,111-MZ-T30,01-Feb-15,Truck,Adult,60,0.11,SCMS from RDC,N/A - From RDC,2381
84443,DN-4098,Generic,Nigeria,14-Jan-15,20-Jan-15,150/300/200mg,Tablet - FDC,Yes,116593,From RDC,"Lamivudine/Nevirapine/Zidovudine 150/200/300mg, tablets, 60 Tabs",2666.54,335999,2593912.28,PMO - US,Mylan (formerly Matrix) Nashik,Lamivudine/Nevirapine/Zidovudine,7.72,N/A - From RDC,SO-48893,FPQ-14156,4/25/14,ARV,151-NG-T30,30-Jan-15,Air Charter,Adult,60,0.13,SCMS from RDC,N/A - From RDC,47693
51063,ASN-9113,Generic,South Africa,01-Feb-11,01-Feb-11,600mg,Tablet,Yes,Freight Included in Commodity Cost,Direct Drop,"Efavirenz 600mg, tablets, 30 Tabs",93.07,9572,43169.72,PMO - US,"Aurobindo Unit III, India",Efavirenz,4.51,6/17/10,SCMS-75660,FPQ-5648,06-02-10,ARV,161-ZA-T30,12-Oct-10,Ocean,Adult,30,0.15,Aurobindo Pharma Limited,DDP,Weight Captured Separately
85796,DN-2381,Generic,Guyana,05-Oct-11,05-Oct-11,150mg,Tablet,Yes,1002.59,From RDC,"Lamivudine 150mg, tablets, 60 Tabs",2.68,696,1621.68,PMO - US,"Aurobindo Unit III, India",Lamivudine,2.33,N/A - From RDC,SO-40450,FPQ-8024,8/19/11,ARV,105-GY-T30,15-Dec-11,Air,Adult,60,0.04,SCMS from RDC,N/A - From RDC,33
46156,ASN-14645,Determine,Tanzania,25-May-12,25-May-12,MIssing,Test kit,Yes,24596.33,Direct Drop,"HIV 1/2, Determine Complete HIV Kit, 100 Tests",328.18,2926,234080.0,PMO - US,"Alere Medical Co., Ltd.","HIV 1/2, Determine Complete HIV Kit",80.0,2/17/12,SCMS-136930,FPQ-9211,1/25/12,HRDT,109-TZ-T30,25-May-12,Air,HIV test,100,0.8,"Orgenics, Ltd",EXW,1394
86334,DN-2008,Generic,Tanzania,10-Sep-10,10-Sep-10,600mg,Tablet,No,See DN-2008 (ID#:84038),From RDC,"Efavirenz 600mg, tablets, 30 Tabs",428.56,44669,198777.05,PMO - US,Mylan (formerly Matrix) Nashik,Efavirenz,4.45,N/A - From RDC,SO-37300,FPQ-6226,8/16/10,ARV,109-TZ-T30,30-Sep-10,Air,Adult,30,0.15,SCMS from RDC,N/A - From RDC,See DN-2008 (ID#:84038)
58652,ASN-10063,Determine,Haiti,06-Apr-11,06-Apr-11,MIssing,Test kit,Yes,1011.6,Direct Drop,"HIV 1/2, Determine HIV Kit, without Lancets, 100 Tests",5.32,33,3223.44,PMO - US,Inverness Japan,"HIV 1/2, Determine HIV Kit, without Lancets",97.68,02-02-11,SCMS-98550,FPQ-6823,12/14/10,HRDT,152-HT-T30,06-Apr-11,Air,HIV test,100,0.98,"Orgenics, Ltd",EXW,8
12913,DN-1427,Generic,CÃte dIvoire,25-Sep-09,25-Sep-09,150mg,Tablet,No,See DN-1427 (ID#:11683),From RDC,"Lamivudine 150mg, tablets, 60 Tabs",27.88,5830,14225.2,PMO - US,"Aurobindo Unit III, India",Lamivudine,2.44,N/A - From RDC,SO-33230,Pre-PQ Process,Date Not Captured,ARV,104-CI-T01,25-Sep-09,Air,Adult,60,0.04,SCMS from RDC,N/A - From RDC,See DN-1427 (ID#:11683)
83571,DN-2557,Generic,CÃte dIvoire,24-Feb-12,24-Feb-12,600/200/300mg,Tablet - FDC,Yes,4646.13,From RDC,"Efavirenz/Emtricitabine/Tenofovir Disoproxil Fumarate 600/200/300mg, tablets, 30 Tabs",167.47,7140,119452.2,PMO - US,Mylan (formerly Matrix) Nashik,Efavirenz/Emtricitabine/Tenofovir Disoproxil Fumarate,16.73,N/A - From RDC,SO-41151,FPQ-8787,11-11-11,ARV,104-CI-T30,16-Apr-12,Air,Adult,30,0.56,SCMS from RDC,N/A - From RDC,779
83604,DN-2754,Generic,CÃte dIvoire,31-Jul-12,31-Jul-12,150/300/200mg,Tablet - FDC,No,See DN-2754 (ID#:82491),From RDC,"Lamivudine/Nevirapine/Zidovudine 150/200/300mg, tablets, 60 Tabs",275.07,20000,196200.0,PMO - US,"Strides, Bangalore, India.",Lamivudine/Nevirapine/Zidovudine,9.81,N/A - From RDC,SO-41191,FPQ-8790,11-11-11,ARV,104-CI-T30,31-Jul-12,Air,Adult,60,0.16,SCMS from RDC,N/A - From RDC,See DN-2754 (ID#:82491)
5044,ASN-3637,Generic,South Africa,22-Jan-09,22-Jan-09,50mg,Capsule,No,Freight Included in Commodity Cost,Direct Drop,"Efavirenz 50mg, capsule, 30 Caps",3,500,1530.0,PMO - US,"Aurobindo Unit III, India",Efavirenz,3.06,Date Not Captured,SCMS-41080,Pre-PQ Process,Pre-PQ Process,ARV,116-ZA-T01,26-May-09,Air,Pediatric,30,0.1,S. BUYS WHOLESALER,DDP,Weight Captured Separately
85282,DN-2755,Generic,CÃte dIvoire,31-Jul-12,31-Jul-12,20mg/ml,Oral solution,Yes,2641.45,From RDC,"Abacavir 20mg/ml, oral solution w/syringe, Bottle, 240 ml",10.66,608,7600.0,PMO - US,"Aurobindo Unit III, India",Abacavir,12.5,N/A - From RDC,SO-41351,FPQ-9063,12/21/11,ARV,104-CI-T30,31-Jul-12,Truck,Pediatric,240,0.05,SCMS from RDC,N/A - From RDC,223
33360,ASN-18767,Prezista,Haiti,02-Apr-13,02-Apr-13,300mg,Tablet,Yes,240,Direct Drop,"Darunavir 300mg [Prezista], tablets, 120 Tabs",9.89,120,7992.0,PMO - US,"Janssen Ortho LLC, Puerto Rico",Darunavir,66.6,2/27/13,SCMS-178730,FPQ-11433,1/31/13,ARV,106-HT-T30,02-Apr-13,Air,Adult,120,0.55,ETHNOR DEL ISTMO S.A.,CIP,26
12711,DN-332,Generic,Ethiopia,04-Sep-07,04-Sep-07,10mg/ml,Oral suspension,No,See DN-332 (ID#:10613),From RDC,"Nevirapine 10mg/ml, oral suspension, Bottle, 240 ml",102.53,10336,64083.2,PMO - US,"Aurobindo Unit III, India",Nevirapine,6.2,N/A - From RDC,SO-914,Pre-PQ Process,Pre-PQ Process,ARV,117-ET-T01,04-Sep-07,MIssing,Pediatric,240,0.03,SCMS from RDC,N/A - From RDC,See DN-332 (ID#:10613)
30363,ASN-31321,Determine,South Sudan,03-Jun-15,05-Jun-15,MIssing,Test kit,Yes,Invoiced Separately,Direct Drop,"HIV 1/2, Determine Complete HIV Kit, 100 Tests",9.43,90,8010.0,PMO - US,"Alere Medical Co., Ltd.","HIV 1/2, Determine Complete HIV Kit",89.0,2/20/15,SCMS-272160,FPQ-15569,12/29/14,HRDT,105-SS-T30,03-Jun-15,Air,HIV test,100,0.89,"Orgenics, Ltd",EXW,Weight Captured Separately
48690,ASN-18922,Generic,Haiti,25-Apr-13,25-Apr-13,10mg/ml,Oral solution,Yes,5754.16,Direct Drop,"Lamivudine 10mg/ml, oral solution w/syringe, Bottle, 240 ml",3.65,2064,2951.52,PMO - US,"Aurobindo Unit III, India",Lamivudine,1.43,03-11-13,SCMS-177181,FPQ-11442,1/30/13,ARV,106-HT-T30,25-Apr-13,Air,Pediatric,240,0.01,Aurobindo Pharma Limited,EXW,751
84004,DN-1834,Generic,Uganda,19-May-10,19-May-10,150/200/30mg,Tablet - FDC,Yes,6637.05,From RDC,"Lamivudine/Nevirapine/Stavudine 150/200/30mg, tablets, 60 Tabs",102.75,7800,47658.0,PMO - US,"Strides, Bangalore, India.",Lamivudine/Nevirapine/Stavudine,6.11,N/A - From RDC,SO-36270,FPQ-5275,03-04-10,ARV,114-UG-T30,31-May-10,Air,Adult,60,0.1,SCMS from RDC,N/A - From RDC,580
9565,ASN-1526,Zerit,South Africa,21-Jan-08,21-Jan-08,30mg,Capsule,Yes,Freight Included in Commodity Cost,Direct Drop,"Stavudine 30mg [Zerit], capsules, 60 Caps",22.92,2500,14325.0,PMO - US,"BMS Meymac, France",Stavudine,5.73,01-04-08,SCMS-16600,Pre-PQ Process,Pre-PQ Process,ARV,116-ZA-T01,21-Jan-08,MIssing,Adult,60,0.1,"JSI R&T INSTITUTE, INC.",DDP,Weight Captured Separately
21590,ASN-8019,Videx,CÃte dIvoire,08-Sep-10,08-Sep-10,25mg,Chewable/dispersible tablet,No,See ASN-8019 (ID#:14694),Direct Drop,"Didanosine 25mg [Videx], chewable tablets, 60 Tabs",6.26,415,2905.0,PMO - US,"BMS Meymac, France",Didanosine,7.0,08-02-10,SCMS-80900,FPQ-6024,7/19/10,ARV,104-CI-T30,08-Sep-10,Air,Pediatric,60,0.12,BRISTOL-MYERS SQUIBB,CIP,See ASN-8019 (ID#:14694)
12375,DN-224,Generic,Zambia,09-Jul-07,09-Jul-07,20mg/ml,Oral solution,Yes,874.57,From RDC,"Abacavir 20mg/ml, oral solution, Bottle, 240 ml",12.04,350,7525.0,PMO - US,"Aurobindo Unit III, India",Abacavir,21.5,N/A - From RDC,SO-621,Pre-PQ Process,Pre-PQ Process,ARV,110-ZM-T01,09-Jul-07,MIssing,Pediatric,240,0.09,SCMS from RDC,N/A - From RDC,124
84777,DN-2973,Generic,Zambia,07-Jan-13,07-Jan-13,150mg,Tablet,Yes,14050.13,From RDC,"Lamivudine 150mg, tablets, 60 Tabs",219.88,70647,156836.34,PMO - US,Hetero Unit III Hyderabad IN,Lamivudine,2.22,N/A - From RDC,SO-43150,FPQ-10530,8/21/12,ARV,110-ZM-T30,09-Jan-13,Truck,Adult,60,0.04,SCMS from RDC,N/A - From RDC,4067
10534,DN-4,Viracept,Zambia,02-Feb-07,02-Feb-07,250mg,Tablet,Yes,1218.91,From RDC,"Nelfinavir (as mesilate) 250mg [Viracept], tablets, 270 Tabs",MIssing,228,17948.16,PMO - US,Roche Madrid,Nelfinavir (as mesilate),78.72,N/A - From RDC,SO-220,Pre-PQ Process,Pre-PQ Process,ARV,110-ZM-T01,02-Feb-07,MIssing,Adult,270,0.29,SCMS from RDC,N/A - From RDC,60
83433,DN-1851,Generic,CÃte dIvoire,07-Jun-10,07-Jun-10,300mg,Tablet,Yes,3250.13,From RDC,"Tenofovir Disoproxil Fumarate 300mg, tablets, 30 Tabs",42.04,2552,19497.28,PMO - US,"Cipla, Goa, India",Tenofovir Disoproxil Fumarate,7.64,N/A - From RDC,SO-36820,FPQ-5619,05-02-10,ARV,104-CI-T30,03-Jun-10,Air,Adult,30,0.25,SCMS from RDC,N/A - From RDC,182
11679,DN-1398,Generic,CÃte dIvoire,08-Sep-09,08-Sep-09,600mg,Tablet,Yes,6037.19,From RDC,"Efavirenz 600mg, tablets, 30 Tabs",201.39,15000,102750.0,PMO - US,"Aurobindo Unit III, India",Efavirenz,6.85,N/A - From RDC,SO-32240,Pre-PQ Process,Date Not Captured,ARV,104-CI-T01,08-Sep-09,Air,Adult,30,0.23,SCMS from RDC,N/A - From RDC,1582
10665,DN-539,Generic,CÃte dIvoire,28-Dec-07,28-Dec-07,10mg/ml,Oral suspension,Yes,1301,From RDC,"Nevirapine 10mg/ml, oral suspension, Bottle, 240 ml",1.46,475,912.0,PMO - US,"Aurobindo Unit III, India",Nevirapine,1.92,N/A - From RDC,SO-1144,Pre-PQ Process,Pre-PQ Process,ARV,104-CI-T01,28-Dec-07,Air,Pediatric,240,0.01,SCMS from RDC,N/A - From RDC,170
12628,DN-39,Generic,Zambia,28-Mar-07,28-Mar-07,600mg,Tablet,Yes,3807.29,From RDC,"Efavirenz 600mg, tablets, 30 Tabs",MIssing,16033,260536.25,PMO - US,"Aurobindo Unit III, India",Efavirenz,16.25,N/A - From RDC,SO-203,Pre-PQ Process,Pre-PQ Process,ARV,110-ZM-T01,28-Mar-07,MIssing,Adult,30,0.54,SCMS from RDC,N/A - From RDC,536
83382,DN-1550,Generic,Uganda,25-Nov-09,25-Nov-09,300/300mg,Tablet - FDC,Yes,5254.17,From RDC,"Lamivudine/Tenofovir Disoproxil Fumarate 300/300mg, tablets, 30 Tabs",73.7,3760,37600.0,PMO - US,Mylan (formerly Matrix) Nashik,Lamivudine/Tenofovir Disoproxil Fumarate,10.0,N/A - From RDC,SO-34610,FPQ-4470,8/17/09,ARV,114-UG-T30,30-Nov-09,Air,Adult,30,0.33,SCMS from RDC,N/A - From RDC,315
84686,DN-2451,Generic,Nigeria,18-Dec-11,18-Dec-11,600mg,Tablet,Yes,15322.73,From RDC,"Efavirenz 600mg, tablets, 30 Tabs",110.03,15802,66684.44,PMO - US,"Strides, Bangalore, India.",Efavirenz,4.22,N/A - From RDC,SO-40728,FPQ-7812,06-06-11,ARV,151-NG-T30,20-Dec-11,Air Charter,Adult,30,0.14,SCMS from RDC,N/A - From RDC,1086
82536,DN-2975,Generic,Zimbabwe,13-Dec-12,13-Dec-12,150/300/200mg,Tablet - FDC,Yes,10075.8,From RDC,"Lamivudine/Nevirapine/Zidovudine 150/200/300mg, tablets, 60 Tabs",190.15,15120,135626.4,PMO - US,"Cipla, Goa, India",Lamivudine/Nevirapine/Zidovudine,8.97,N/A - From RDC,SO-43221,FPQ-10632,09-11-12,ARV,113-ZW-T30,21-Dec-12,Truck,Adult,60,0.15,SCMS from RDC,N/A - From RDC,5754
60084,ASN-26148,Generic,Zimbabwe,14-Jun-14,16-Jun-14,200mg,Tablet,Yes,84791.1,Direct Drop,"Nevirapine 200mg, tablets, 60 Tabs",193.98,85000,188700.0,PMO - US,"Cipla, Goa, India",Nevirapine,2.22,05-12-14,SCMS-234730,FPQ-13939,04-01-14,ARV,113-ZW-T30,14-Jun-14,Air Charter,Adult,60,0.04,CIPLA LIMITED,EXW,11125
12005,DN-1405,Generic,Zambia,22-Sep-09,22-Sep-09,150/200/30mg,Tablet - FDC,Yes,6759.28,From RDC,"Lamivudine/Nevirapine/Stavudine 150/200/30mg, tablets, 60 Tabs",732.38,52481,373664.72,PMO - US,"Cipla, Goa, India",Lamivudine/Nevirapine/Stavudine,7.12,N/A - From RDC,SO-32480,Pre-PQ Process,Date Not Captured,ARV,110-ZM-T01,22-Sep-09,Truck,Adult,60,0.12,SCMS from RDC,N/A - From RDC,5586
83876,DN-4089,Generic,Tanzania,27-Jan-15,03-Feb-15,30/60mg,Chewable/dispersible tablet - FDC,Yes,7061.2,From RDC,"Lamivudine/Zidovudine 30/60mg, dispersible tablets, 60 Tabs",41.12,20000,40000.0,PMO - US,"Cipla, Goa, India",Lamivudine/Zidovudine,2.0,N/A - From RDC,SO-48921,FPQ-14135,4/24/14,ARV,109-TZ-T30,25-Feb-15,Truck,Pediatric,60,0.03,SCMS from RDC,N/A - From RDC,1386
84480,DN-4316,Generic,Zambia,25-Aug-15,03-Sep-15,600/300/300mg,Tablet - FDC,Yes,Freight Included in Commodity Cost,From RDC,"Efavirenz/Lamivudine/Tenofovir Disoproxil Fumarate 600/300/300mg, tablets, 30 Tabs",527.2,51335,512836.65,PMO - US,"Aurobindo Unit VII, IN",Efavirenz/Lamivudine/Tenofovir Disoproxil Fumarate,9.99,N/A - From RDC,SO-49600,FPQ-14784,08-12-14,ARV,110-ZM-T30,31-Aug-15,Truck,Adult,30,0.33,SCMS from RDC,N/A - From RDC,85128
83432,DN-1849,Generic,Haiti,09-Jun-10,09-Jun-10,300mg,Tablet,Yes,6438.37,From RDC,"Zidovudine 300mg, tablets, 60 Tabs",39.17,2520,18169.2,PMO - US,"Aurobindo Unit III, India",Zidovudine,7.21,N/A - From RDC,SO-36750,FPQ-5523,4/19/10,ARV,106-HT-T30,30-Jun-10,Air,Adult,60,0.12,SCMS from RDC,N/A - From RDC,145
85880,DN-2766,Generic,Nigeria,24-Jul-12,24-Jul-12,300mg,Tablet,Yes,16532.5,From RDC,"Abacavir 300mg, tablets, 60 Tabs",110.84,6100,79056.0,PMO - US,Mylan (formerly Matrix) Nashik,Abacavir,12.96,N/A - From RDC,SO-42801,FPQ-9432,03-01-12,ARV,151-NG-T30,02-Aug-12,Air Charter,Adult,60,0.22,SCMS from RDC,N/A - From RDC,681
5046,ASN-3752,Viread,South Africa,21-Nov-08,21-Nov-08,300mg,Tablet,No,Freight Included in Commodity Cost,Direct Drop,"Tenofovir Disoproxil Fumarate 300mg [Viread], tablets, 30 Tabs",17.29,500,8820.0,PMO - US,"Aspen-OSD, Port Elizabeth, SA",Tenofovir Disoproxil Fumarate,17.64,Date Not Captured,SCMS-41140,Pre-PQ Process,Pre-PQ Process,ARV,116-ZA-T01,31-Mar-09,Air,Adult,30,0.59,S. BUYS WHOLESALER,DDP,Weight Captured Separately
12670,DN-242,Generic,CÃte dIvoire,21-Aug-07,21-Aug-07,300mg,Tablet,No,See DN-242 (ID#:12077),From RDC,"Abacavir 300mg, tablets, 60 Tabs",183.3,3200,114560.0,PMO - US,"Aurobindo Unit III, India",Abacavir,35.8,N/A - From RDC,SO-774,Pre-PQ Process,Pre-PQ Process,ARV,104-CI-T01,21-Aug-07,Air,Adult,60,0.6,SCMS from RDC,N/A - From RDC,See DN-242 (ID#:12077)
82837,DN-1311,Generic,Nigeria,04-Aug-09,04-Aug-09,150mg,Tablet,Yes,7445.8,From RDC,"Lamivudine 150mg, tablets, 60 Tabs",0.24,50,122.0,PMO - US,"Aurobindo Unit III, India",Lamivudine,2.44,N/A - From RDC,SO-32270,FPQ-3815,5/26/09,ARV,154-NG-T30,30-Jul-09,Air Charter,Adult,60,0.04,SCMS from RDC,N/A - From RDC,112
86445,DN-2504,Generic,"Congo, DRC",03-Apr-12,03-Apr-12,300mg,Tablet,No,See DN-2504 (ID#:83559),From RDC,"Zidovudine 300mg, tablets, 60 Tabs",1.63,166,1165.32,PMO - US,Hetero Unit III Hyderabad IN,Zidovudine,7.02,N/A - From RDC,SO-41140,FPQ-8840,11/21/11,ARV,101-CD-T30,16-Mar-12,Air,Adult,60,0.12,SCMS from RDC,N/A - From RDC,See DN-2504 (ID#:83559)
63073,ASN-24393,Videx,Zimbabwe,13-Mar-14,13-Mar-14,25mg,Chewable/dispersible tablet,Yes,3584.08,Direct Drop,"Didanosine 25mg [Videx], chewable tablets, 60 Tabs",8.78,1014,7098.0,PMO - US,Bristol-Myers Squibb Anagni IT,Didanosine,7.0,4/25/13,SCMS-186840,FPQ-12094,4/19/13,ARV,103-ZW-T30,13-Mar-14,Air,Pediatric,60,0.12,LAWRENCE LABORATORIES (SUBSIDIARY OF BRISTOL MYERS SQUIBB),FCA,247
86615,DN-3373,Generic,"Congo, DRC",27-Jan-14,04-Mar-14,300/300mg,Tablet - FDC,No,See DN-3373 (ID#:82613),From RDC,"Lamivudine/Tenofovir Disoproxil Fumarate 300/300mg, tablets, 30 Tabs",2.97,510,2397.0,PMO - US,"Aurobindo Unit VII, IN",Lamivudine/Tenofovir Disoproxil Fumarate,4.7,N/A - From RDC,SO-45021,FPQ-12033,04-08-13,ARV,101-CD-T30,31-Oct-13,Air,Adult,30,0.16,SCMS from RDC,N/A - From RDC,See DN-3373 (ID#:82613)
5034,ASN-3575,Generic,South Africa,01-Dec-08,01-Dec-08,30mg,Capsule,No,Freight Included in Commodity Cost,Direct Drop,"Stavudine 30mg, capsules, 60 Caps",6.54,1325,3339.0,PMO - US,"Aurobindo Unit III, India",Stavudine,2.52,Date Not Captured,SCMS-40790,Pre-PQ Process,Pre-PQ Process,ARV,116-ZA-T01,24-Mar-09,Air,Adult,60,0.04,S. BUYS WHOLESALER,DDP,Weight Captured Separately
5916,ASN-2488,Truvada,South Africa,08-Jul-08,08-Jul-08,300/200mg,Tablet - FDC,No,Freight Included in Commodity Cost,Direct Drop,"Emtricitabine/Tenofovir Disoproxil Fumarate 200/300mg [Truvada], tablets, 30 Tabs",1.87,30,1171.5,PMO - US,"Aspen-OSD, Port Elizabeth, SA",Emtricitabine/Tenofovir Disoproxil Fumarate,39.05,Date Not Captured,SCMS-26820,Pre-PQ Process,Pre-PQ Process,ARV,116-ZA-T01,10-Jul-08,Truck,Adult,30,1.3,S. BUYS WHOLESALER,DDP,Weight Captured Separately
82519,DN-2886,Generic,Cameroon,17-Oct-12,17-Oct-12,150/300/200mg,Tablet - FDC,Yes,67732.54,From RDC,"Lamivudine/Nevirapine/Zidovudine 150/200/300mg, tablets, 60 Tabs",2050.06,152000,1462240.0,PMO - US,Mylan (formerly Matrix) Nashik,Lamivudine/Nevirapine/Zidovudine,9.62,N/A - From RDC,SO-43390,FPQ-10641,9/19/12,ARV,900-CM-T30,24-Oct-12,Air Charter,Adult,60,0.16,SCMS from RDC,N/A - From RDC,43571
40901,ASN-10567,Generic,South Africa,13-Jun-11,13-Jun-11,300mg,Tablet,Yes,8809.08,Direct Drop,"Tenofovir Disoproxil Fumarate 300mg, tablets, 30 Tabs",1192.46,108677,722702.05,PMO - US,"Aurobindo Unit III, India",Tenofovir Disoproxil Fumarate,6.65,12/14/10,SCMS-93540,FPQ-6708,11/26/10,ARV,161-ZA-T30,31-May-11,Ocean,Adult,30,0.22,Aurobindo Pharma Limited,DDP,10144
85848,DN-2605,Generic,Zimbabwe,10-Apr-12,10-Apr-12,200mg,Tablet,No,See DN-2605 (ID#:82467),From RDC,"Nevirapine 200mg, tablets, 60 Tabs",285.92,69037,173282.87,PMO - US,"Aurobindo Unit VII, IN",Nevirapine,2.51,N/A - From RDC,SO-40850,FPQ-8464,10-04-11,ARV,113-ZW-T30,13-Apr-12,Truck,Adult,60,0.04,SCMS from RDC,N/A - From RDC,See DN-2605 (ID#:82467)
11010,DN-1152,Generic,CÃte dIvoire,30-Apr-09,30-Apr-09,150/300mg,Tablet - FDC,Yes,9021.82,From RDC,"Lamivudine/Zidovudine 150/300mg, tablets, 60 Tabs",403.9,23524,206070.24,PMO - US,"Aurobindo Unit III, India",Lamivudine/Zidovudine,8.76,N/A - From RDC,SO-21880,Pre-PQ Process,Pre-PQ Process,ARV,104-CI-T01,30-Apr-09,Air,Adult,60,0.15,SCMS from RDC,N/A - From RDC,3155
24374,ASN-5840,Generic,Rwanda,27-Jan-10,27-Jan-10,300mg,Tablet,Yes,2355.52,Direct Drop,"Tenofovir Disoproxil Fumarate 300mg, tablets, 30 Tabs",92.61,5520,47251.2,PMO - US,"Aurobindo Unit III, India",Tenofovir Disoproxil Fumarate,8.56,7/17/09,SCMS-48920,FPQ-3859,6/30/09,ARV,107-RW-T30,27-Jan-10,Air,Adult,30,0.29,Aurobindo Pharma Limited,CIP,516
18246,ASN-29876,Stat-Pak,Burundi,26-Jan-15,27-Jan-15,MIssing,Test kit,Yes,753.35,Direct Drop,"HIV 1/2, Stat-Pak Dipstick Assay Kit, 30 Tests",11.75,414,11426.4,PMO - US,Chembio Diagnostics Sys. Inc.,"HIV 1/2, Stat-Pak Dipstick Assay Kit",27.6,8/28/14,SCMS-251510,FPQ-14713,7/29/14,HRDT,102-BI-T30,26-Jan-15,Air,HIV test,30,0.92,"CHEMBIO DIAGNOSTIC SYSTEMS, INC.",EXW,45
11436,DN-320,Aluvia,CÃte dIvoire,30-Aug-07,30-Aug-07,200/50mg,Tablet,No,See DN-320 (ID#:10593),From RDC,"Lopinavir/Ritonavir 200/50mg [Aluvia], tablets, 120 Tabs",47.74,726,29838.6,PMO - US,ABBVIE Ludwigshafen Germany,Lopinavir/Ritonavir,41.1,N/A - From RDC,SO-959,Pre-PQ Process,Pre-PQ Process,ARV,104-CI-T01,30-Aug-07,MIssing,Adult,120,0.34,SCMS from RDC,N/A - From RDC,See DN-320 (ID#:10593)
42195,ASN-19166,Generic,South Africa,16-Apr-13,16-Apr-13,300mg,Tablet,No,Freight Included in Commodity Cost,Direct Drop,"Tenofovir Disoproxil Fumarate 300mg, tablets, 30 Tabs",160.33,6304,129614.89,South Africa Field Office,"Cipla, Goa, India",Tenofovir Disoproxil Fumarate,20.56,Date Not Captured,SCMS-183950,FPQ-11828,3/18/13,ARV,116-ZA-T30,16-Apr-13,Truck,Adult,30,0.69,S. BUYS WHOLESALER,DDP,Weight Captured Separately
37052,ASN-27979,Generic,South Africa,27-Aug-14,27-Aug-14,250mg,Delayed-release capsules,No,Freight Included in Commodity Cost,Direct Drop,"Didanosine 250mg, delayed-release capsules, 30 Caps",0.15,7,119.16,PMO - US,"Aurobindo Unit III, India",Didanosine,17.02,8/27/14,SCMS-199283,FPQ-12522,07-11-13,ARV,116-ZA-T30,27-Aug-14,Truck,Adult,30,0.57,S. BUYS WHOLESALER,DDP,Weight Captured Separately
84264,DN-3180,Generic,Mozambique,10-Jul-13,10-Jul-13,600/300/300mg,Tablet - FDC,Yes,13649.6,From RDC,"Efavirenz/Lamivudine/Tenofovir Disoproxil Fumarate 600/300/300mg, tablets, 30 Tabs",987.54,66956,704377.12,PMO - US,Mylan (formerly Matrix) Nashik,Efavirenz/Lamivudine/Tenofovir Disoproxil Fumarate,10.52,N/A - From RDC,SO-42861,FPQ-10211,6/28/12,ARV,111-MZ-T30,28-Jun-13,Truck,Adult,30,0.35,SCMS from RDC,N/A - From RDC,5810
83114,DN-3037,Generic,Zimbabwe,23-Mar-13,23-Mar-13,600/300mg,Tablet - FDC,Yes,1100,From RDC,"Abacavir/Lamivudine 600/300mg, scored tablets, 30 Tabs",5.28,270,3769.2,PMO - US,Mylan (formerly Matrix) Nashik,Abacavir/Lamivudine,13.96,N/A - From RDC,SO-43240,FPQ-10674,9/18/12,ARV,102-ZW-T30,30-Mar-13,Truck,Adult,30,0.47,SCMS from RDC,N/A - From RDC,18
85642,DN-1568,Generic,CÃte dIvoire,11-Dec-09,11-Dec-09,150/200/30mg,Tablet - FDC,Yes,12369.8,From RDC,"Lamivudine/Nevirapine/Stavudine 150/200/30mg, tablets, 60 Tabs",117.8,9024,60099.84,PMO - US,"Cipla, Goa, India",Lamivudine/Nevirapine/Stavudine,6.66,N/A - From RDC,SO-34420,FPQ-4378,10/15/09,ARV,104-CI-T30,14-Dec-09,Air,Adult,60,0.11,SCMS from RDC,N/A - From RDC,976
6627,ASN-273,Generic,Vietnam,14-Mar-07,14-Mar-07,200mg,Tablet,No,See ASN-273 (ID#:1283),Direct Drop,"Nevirapine 200mg, tablets, 60 Tabs",MIssing,83000,282200.0,PMO - US,"Strides, Bangalore, India.",Nevirapine,3.4,11/15/06,SCMS-170,Pre-PQ Process,Pre-PQ Process,ARV,108-VN-T01,14-Mar-07,Air,Adult,60,0.06,STRIDES ARCOLAB LIMITED,EXW,See ASN-273 (ID#:1283)
11412,DN-282,Norvir,Mozambique,10-Oct-07,10-Oct-07,100mg,Capsule,No,See DN-282 (ID#:11144),From RDC,"Ritonavir 100mg [Norvir], capsules, cool, 4 x 84 Caps",8.59,140,5370.4,PMO - US,ABBVIE (Abbott) Logis. UK,Ritonavir,38.36,N/A - From RDC,SO-502,Pre-PQ Process,Pre-PQ Process,ARV,111-MZ-T01,10-Oct-07,Air,Adult,336,0.11,SCMS from RDC,N/A - From RDC,See DN-282 (ID#:11144)
86239,DN-1452,Generic,Nigeria,20-Oct-09,20-Oct-09,30mg,Capsule,No,See DN-1452 (ID#:82272),From RDC,"Stavudine 30mg, capsules, 60 Caps",0.18,63,91.98,PMO - US,"Aurobindo Unit III, India",Stavudine,1.46,N/A - From RDC,SO-32260,FPQ-3815,5/26/09,ARV,154-NG-T30,30-Oct-09,Air Charter,Adult,60,0.02,SCMS from RDC,N/A - From RDC,See DN-1452 (ID#:82272)
84260,DN-3155,Generic,Tanzania,14-May-13,14-May-13,30/50/6mg,Chewable/dispersible tablet - FDC,Yes,3592.8,From RDC,"Lamivudine/Nevirapine/Stavudine 30/50/6mg, dispersible tablets, 60 Tabs",36.75,12917,29709.1,PMO - US,"Cipla, Goa, India",Lamivudine/Nevirapine/Stavudine,2.3,N/A - From RDC,SO-44981,FPQ-12015,04-02-13,ARV,109-TZ-T30,23-Aug-13,Truck,Pediatric,60,0.04,SCMS from RDC,N/A - From RDC,2461
86345,DN-2025,Generic,Nigeria,10-Nov-10,10-Nov-10,300mg,Tablet,No,See DN-2025 (ID#:83460),From RDC,"Tenofovir Disoproxil Fumarate 300mg, tablets, 30 Tabs",39.35,2500,18250.0,PMO - US,Mylan (formerly Matrix) Nashik,Tenofovir Disoproxil Fumarate,7.3,N/A - From RDC,SO-37500,FPQ-5688,5/27/10,ARV,151-NG-T30,22-Oct-10,Air,Adult,30,0.24,SCMS from RDC,N/A - From RDC,See DN-2025 (ID#:83460)
82977,DN-2343,Generic,Zimbabwe,07-Oct-11,07-Oct-11,150/200/30mg,Tablet - FDC,Yes,12956.94,From RDC,"Lamivudine/Nevirapine/Stavudine 150/200/30mg, tablets, 60 Tabs",621.39,70000,376600.0,PMO - US,"Strides, Bangalore, India.",Lamivudine/Nevirapine/Stavudine,5.38,N/A - From RDC,SO-38512,FPQ-7052,1/19/11,ARV,113-ZW-T30,30-Sep-11,Truck,Adult,60,0.09,SCMS from RDC,N/A - From RDC,5154
75623,ASN-6862,Uni-Gold,Sudan,28-May-10,28-May-10,MIssing,Test kit,Yes,2849.79,Direct Drop,"HIV 1/2, Uni-Gold HIV Kit, 20 Tests",51.74,750,24000.0,PMO - US,"Trinity Biotech, Plc","HIV 1/2, Uni-Gold HIV Kit",32.0,4/22/10,SCMS-71580,FPQ-5520,4/16/10,HRDT,102-SD-T30,28-May-10,Air,HIV test,20,1.6,"Trinity Biotech, Plc",EXW,253
46177,ASN-28033,Generic,South Africa,29-Aug-14,29-Aug-14,200mg,Tablet,No,Freight Included in Commodity Cost,Direct Drop,"Nevirapine 200mg, tablets, 60 Tabs",2.52,104,2036.11,PMO - US,"Aurobindo Unit III, India",Nevirapine,19.58,8/29/14,SCMS-199289,FPQ-12522,07-11-13,ARV,116-ZA-T30,29-Aug-14,Truck,Adult,60,0.33,S. BUYS WHOLESALER,DDP,Weight Captured Separately
45648,ASN-24721,Uni-Gold,"Congo, DRC",04-Apr-14,28-Apr-14,MIssing,Test kit,No,See ASN-24721 (ID#:13708),Direct Drop,"HIV 1/2, Uni-Gold HIV Kit, 20 Tests",2.96,90,2880.0,PMO - US,"Trinity Biotech, Plc","HIV 1/2, Uni-Gold HIV Kit",32.0,1/28/14,SCMS-224840,FPQ-13548,1/22/14,HRDT,101-CD-T30,04-Apr-14,Air,HIV test,20,1.6,"Trinity Biotech, Plc",EXW,See ASN-24721 (ID#:13708)
83890,DN-4138,Generic,CÃte dIvoire,11-Mar-15,30-Mar-15,150/300mg,Tablet - FDC,Yes,33900.99,From RDC,"Lamivudine/Zidovudine 150/300mg, tablets, 60 Tabs",670.26,100000,652000.0,PMO - US,Hetero Unit III Hyderabad IN,Lamivudine/Zidovudine,6.52,N/A - From RDC,SO-49050,FPQ-14370,5/23/14,ARV,104-CI-T30,27-Feb-15,Truck,Adult,60,0.11,SCMS from RDC,N/A - From RDC,8855
46587,ASN-7102,Generic,South Africa,11-Jun-10,11-Jun-10,150mg,Tablet,Yes,4116.82,Direct Drop,"Lamivudine 150mg, tablets, 60 Tabs",285.71,52379,132518.87,PMO - US,"Aurobindo Unit III, India",Lamivudine,2.53,3/19/10,SCMS-68950,FPQ-5303,3/18/10,ARV,161-ZA-T30,11-Jun-10,Air,Adult,60,0.04,Aurobindo Pharma Limited,DDP,2512
84130,DN-2492,Generic,"Congo, DRC",14-Feb-12,14-Feb-12,200mg,Tablet,No,See DN-2492 (ID#:82999),From RDC,"Nevirapine 200mg, tablets, 60 Tabs",0.09,26,67.08,PMO - US,"Strides, Bangalore, India.",Nevirapine,2.58,N/A - From RDC,SO-41130,FPQ-8840,11/21/11,ARV,101-CD-T30,16-Mar-12,Air,Adult,60,0.04,SCMS from RDC,N/A - From RDC,See DN-2492 (ID#:82999)
23524,ASN-13752,Stocrin/Sustiva,CÃte dIvoire,20-Feb-12,20-Feb-12,30mg/ml,Oral solution,Yes,783.22,Direct Drop,"Efavirenz 30mg/ml [Stocrin/Sustiva], oral solution, Bottle, 180 ml",33.13,1184,20080.64,PMO - US,"MSD, Haarlem, NL",Efavirenz,16.96,07-08-11,SCMS-113780,FPQ-7654,05-03-11,ARV,104-CI-T30,20-Feb-12,Air,Pediatric,180,0.09,MERCK SHARP & DOHME IDEA GMBH (FORMALLY MERCK SHARP & DOHME B.V.),CIP,361
74419,ASN-14078,Determine,"Congo, DRC",18-Jun-12,18-Jun-12,MIssing,Test kit,Yes,15722.05,Direct Drop,"HIV 1/2, Determine Complete HIV Kit, 100 Tests",141.88,1265,101200.0,PMO - US,"Alere Medical Co., Ltd.","HIV 1/2, Determine Complete HIV Kit",80.0,01-09-12,SCMS-131070,FPQ-8792,12/14/11,HRDT,101-CD-T30,18-Jun-12,Air,HIV test,100,0.8,"Orgenics, Ltd",EXW,657
5047,ASN-3752,Truvada,South Africa,21-Nov-08,21-Nov-08,300/200mg,Tablet - FDC,No,Freight Included in Commodity Cost,Direct Drop,"Emtricitabine/Tenofovir Disoproxil Fumarate 200/300mg [Truvada], tablets, 30 Tabs",4.58,80,2336.0,PMO - US,"Aspen-OSD, Port Elizabeth, SA",Emtricitabine/Tenofovir Disoproxil Fumarate,29.2,Date Not Captured,SCMS-41140,Pre-PQ Process,Pre-PQ Process,ARV,116-ZA-T01,31-Mar-09,Air,Adult,30,0.97,S. BUYS WHOLESALER,DDP,Weight Captured Separately
62400,ASN-7668,Generic,Rwanda,04-Aug-10,04-Aug-10,400mg,Delayed-release capsules,Yes,1127.95,Direct Drop,"Didanosine 400mg, delayed-release capsules, 30 Caps",24.56,559,12532.78,PMO - US,"Aurobindo Unit III, India",Didanosine,22.42,7/16/09,SCMS-48860,FPQ-3859,6/30/09,ARV,107-RW-T30,04-Aug-10,Air,Adult,30,0.75,Aurobindo Pharma Limited,CIP,46
83371,DN-1360,Generic,Nigeria,04-Aug-09,04-Aug-09,600mg,Tablet,Yes,7445.8,From RDC,"Efavirenz 600mg, tablets, 30 Tabs",3.72,277,1897.45,PMO - US,"Aurobindo Unit III, India",Efavirenz,6.85,N/A - From RDC,SO-32272,FPQ-3815,5/26/09,ARV,154-NG-T30,31-Aug-09,Air Charter,Adult,30,0.23,SCMS from RDC,N/A - From RDC,54
43537,ASN-32137,Invirase,South Africa,12-May-15,12-May-15,200mg,Capsule,No,Freight Included in Commodity Cost,Direct Drop,"Saquinavir 200mg [Invirase], capsules, 270 Caps",1.54,27,1498.82,PMO - US,Roche Madrid,Saquinavir,55.51,05-11-15,SCMS-259075,FPQ-14942,09-11-14,ARV,116-ZA-T30,12-May-15,Truck,Adult,270,0.21,PHARMACY DIRECT,DDP,Weight Captured Separately
22160,ASN-27545,Generic,Haiti,20-Oct-14,06-Nov-14,600/300/300mg,Tablet - FDC,Yes,9195.61,Direct Drop,"Efavirenz/Lamivudine/Tenofovir Disoproxil Fumarate 600/300/300mg, tablets, 30 Tabs",513.39,46500,499410.0,PMO - US,Mylan (formerly Matrix) Nashik,Efavirenz/Lamivudine/Tenofovir Disoproxil Fumarate,10.74,06-02-14,SCMS-240201,FPQ-14083,05-11-14,ARV,106-HT-T30,20-Oct-14,Ocean,Adult,30,0.36,MYLAN LABORATORIES LTD (FORMERLY MATRIX LABORATORIES),EXW,5342
85255,DN-2629,Generic,Zambia,30-Apr-12,30-Apr-12,600mg,Tablet,Yes,10598.2,From RDC,"Efavirenz 600mg, tablets, 30 Tabs",630.92,109226,450011.12,PMO - US,"Strides, Bangalore, India.",Efavirenz,4.12,N/A - From RDC,SO-41410,FPQ-9186,1/16/12,ARV,110-ZM-T30,08-May-12,Truck,Adult,30,0.14,SCMS from RDC,N/A - From RDC,6636
82310,DN-1747,Generic,Nigeria,30-Mar-10,30-Mar-10,300mg,Tablet,Yes,Freight Included in Commodity Cost,From RDC,"Zidovudine 300mg, tablets, 60 Tabs",9.48,586,4395.0,PMO - US,Mylan (formerly Matrix) Nashik,Zidovudine,7.5,N/A - From RDC,SO-35097,FPQ-4537,11-06-09,ARV,151-NG-T30,19-Apr-10,Air Charter,Adult,60,0.12,SCMS from RDC,N/A - From RDC,30
85773,DN-2263,Generic,Haiti,28-Jun-11,28-Jun-11,100mg,Capsule,No,See DN-2263 (ID#:82959),From RDC,"Zidovudine 100mg, capsules, 100 Caps",11.78,1500,7140.0,PMO - US,"Aurobindo Unit III, India",Zidovudine,4.76,N/A - From RDC,SO-39910,FPQ-6801,12/14/10,ARV,106-HT-T30,19-Jul-11,Air,Pediatric,100,0.05,SCMS from RDC,N/A - From RDC,See DN-2263 (ID#:82959)
85243,DN-2587,Generic,Zambia,27-Feb-12,27-Feb-12,200/300mg,Tablet - FDC,Yes,5447.21,From RDC,"Emtricitabine/Tenofovir Disoproxil Fumarate 200/300mg, tablets, 30 Tabs",811.81,54850,492004.5,PMO - US,Mylan (formerly Matrix) Nashik,Emtricitabine/Tenofovir Disoproxil Fumarate,8.97,N/A - From RDC,SO-40952,FPQ-8476,9/27/11,ARV,110-ZM-T30,15-May-12,Truck,Adult,30,0.3,SCMS from RDC,N/A - From RDC,2236
30130,ASN-27718,Generic,Tanzania,02-Oct-14,03-Oct-14,100/25mg,Tablet,No,See ASN-27718 (ID#:24358),Direct Drop,"Lopinavir/Ritonavir 100/25mg [Aluvia], tablets, 60 Tabs",3.33,546,3243.24,PMO - US,ABBVIE Ludwigshafen Germany,Lopinavir/Ritonavir,5.94,5/16/14,SCMS-239380,FPQ-14049,04-11-14,ARV,109-TZ-T30,02-Oct-14,Air,Pediatric,60,0.1,ABBVIE LOGISTICS (FORMERLY ABBOTT LOGISTICS BV),FCA,See ASN-27718 (ID#:24358)
4021,ASN-634,Aluvia,Vietnam,10-Sep-07,10-Sep-07,200/50mg,Tablet,Yes,2923.46,Direct Drop,"Lopinavir/Ritonavir 200/50mg [Aluvia], tablets, 120 Tabs",131.5,1000,82190.0,PMO - US,ABBVIE Ludwigshafen Germany,Lopinavir/Ritonavir,82.19,07-04-07,SCMS-762,Pre-PQ Process,Pre-PQ Process,ARV,108-VN-T01,10-Sep-07,Air,Adult,120,0.68,ABBVIE LOGISTICS (FORMERLY ABBOTT LOGISTICS BV),FCA,226
7475,ASN-3553,Retrovir,South Africa,09-Oct-08,09-Oct-08,300mg,Tablet,No,Freight Included in Commodity Cost,Direct Drop,"Zidovudine 300mg [Retrovir], tablets, 60 Tabs",8.66,350,4417.0,PMO - US,GSK Aranda,Zidovudine,12.62,Date Not Captured,SCMS-33320,Pre-PQ Process,Pre-PQ Process,ARV,116-ZA-T01,17-May-09,Truck,Adult,60,0.21,S. BUYS WHOLESALER,DDP,Weight Captured Separately
84785,DN-3001,Generic,Uganda,20-Feb-13,20-Feb-13,200/50mg,Tablet,No,See DN-3001 (ID#:83651),From RDC,"Lopinavir/Ritonavir 200/50mg, tablets, 120 Tabs",381.01,12440,308014.4,PMO - US,"Aurobindo Unit III, India",Lopinavir/Ritonavir,24.76,N/A - From RDC,SO-43961,FPQ-11143,12/13/12,ARV,114-UG-T30,22-Feb-13,Air,Adult,120,0.21,SCMS from RDC,N/A - From RDC,See DN-3001 (ID#:83651)
83370,DN-1364,Generic,Nigeria,17-Aug-09,17-Aug-09,300mg,Tablet,Yes,675.47,From RDC,"Zidovudine 300mg, tablets, 60 Tabs",0.41,28,210.84,PMO - US,Hetero Unit III Hyderabad IN,Zidovudine,7.53,N/A - From RDC,SO-32274,FPQ-3815,5/26/09,ARV,154-NG-T30,31-Aug-09,Air,Adult,60,0.13,SCMS from RDC,N/A - From RDC,2
53234,ASN-19636,Determine,CÃte dIvoire,04-Jun-13,04-Jun-13,MIssing,Test kit,Yes,125.42,Direct Drop,"HIV 1/2, Determine Complete HIV Kit, 100 Tests",291.44,2945,235600.0,PMO - US,"Alere Medical Co., Ltd.","HIV 1/2, Determine Complete HIV Kit",80.0,1/15/13,SCMS-173131,FPQ-11294,12/14/12,HRDT,104-CI-T30,04-Jun-13,Air,HIV test,100,0.8,"Orgenics, Ltd",EXW,1280
82318,DN-1817,Generic,Uganda,03-May-10,03-May-10,150/300/200mg,Tablet - FDC,Yes,15254.43,From RDC,"Lamivudine/Nevirapine/Zidovudine 150/200/300mg, tablets, 60 Tabs",435.43,18000,201960.0,PMO - US,Mylan (formerly Matrix) Nashik,Lamivudine/Nevirapine/Zidovudine,11.22,N/A - From RDC,SO-34941,FPQ-4495,10/28/09,ARV,114-UG-T30,03-May-10,Air,Adult,60,0.19,SCMS from RDC,N/A - From RDC,2281
28777,ASN-28600,Colloidal Gold,Haiti,03-Nov-14,19-Nov-14,MIssing,Test kit,Yes,3145.85,Direct Drop,"HIV 1/2, SKB Colloidal Gold, Diagnostic Kit, Antibody, 50 Tests",10.07,400,9800.0,PMO - US,"KHB Test Kit Facility, Shanghai China","HIV 1/2, Colloidal Gold, Diagnostic Kit, Antibody",24.5,2/19/14,SCMS-225423,FPQ-13494,1/21/14,HRDT,106-HT-T30,03-Nov-14,Air,HIV test,1,24.5,"SHANGHAI KEHUA BIOENGINEERING CO.,LTD.  (KHB)",EXW,253
11373,DN-54,Generic,CÃte dIvoire,04-May-07,04-May-07,600mg,Tablet,Yes,1931,From RDC,"Efavirenz 600mg, tablets, 30 Tabs",MIssing,4500,73125.0,PMO - US,"Aurobindo Unit III, India",Efavirenz,16.25,N/A - From RDC,SO-397,Pre-PQ Process,Pre-PQ Process,ARV,100-CI-T01,04-May-07,MIssing,Adult,30,0.54,SCMS from RDC,N/A - From RDC,410
262,ASN-1251,Retrovir,South Africa,29-Jan-08,29-Jan-08,10mg/ml,Oral solution,Yes,Freight Included in Commodity Cost,Direct Drop,"Zidovudine 10mg/ml [Retrovir], oral solution, Bottle, 200 ml",0.51,40,317.6,PMO - US,GSK Mississauga (Canada),Zidovudine,7.94,11-12-07,SCMS-14050,Pre-PQ Process,Pre-PQ Process,ARV,116-ZA-T01,29-Jan-08,MIssing,Pediatric,200,0.04,"JSI R&T INSTITUTE, INC.",DDP,Weight Captured Separately
35922,ASN-24415,Generic,South Africa,06-Feb-14,06-Feb-14,400mg,Delayed-release capsules,No,Freight Included in Commodity Cost,Direct Drop,"Didanosine 400mg, delayed-release capsules, 30 Caps",0.48,20,389.71,PMO - US,"Aurobindo Unit III, India",Didanosine,19.49,12-02-13,SCMS-215370,FPQ-13035,10-08-13,ARV,116-ZA-T30,06-Feb-14,Truck,Adult,30,0.65,S. BUYS WHOLESALER,DDP,Weight Captured Separately
85245,DN-2597,Generic,Uganda,27-Feb-12,27-Feb-12,150/300mg,Tablet - FDC,No,See DN-2597 (ID#:82462),From RDC,"Lamivudine/Zidovudine 150/300mg, tablets, 60 Tabs",32.53,2900,23200.0,PMO - US,"Aurobindo Unit III, India",Lamivudine/Zidovudine,8.0,N/A - From RDC,SO-41520,FPQ-9321,02-10-12,ARV,114-UG-T30,24-Apr-12,Truck,Adult,60,0.13,SCMS from RDC,N/A - From RDC,See DN-2597 (ID#:82462)
11431,DN-306,Norvir,CÃte dIvoire,17-Aug-07,17-Aug-07,100mg,Capsule,Yes,5911.5,From RDC,"Ritonavir 100mg [Norvir], capsules, cool, 4 x 84 Caps",62.91,1025,39319.0,PMO - US,ABBVIE (Abbott) France,Ritonavir,38.36,N/A - From RDC,SO-631,Pre-PQ Process,Pre-PQ Process,ARV,104-CI-T01,17-Aug-07,MIssing,Adult,336,0.11,SCMS from RDC,N/A - From RDC,1436
11474,DN-401,Generic,Zimbabwe,25-Nov-07,25-Nov-07,600mg,Tablet,Yes,5145.86,From RDC,"Efavirenz 600mg, tablets, 30 Tabs",36.96,1860,23101.2,PMO - US,"Cipla, Goa, India",Efavirenz,12.42,N/A - From RDC,SO-706,Pre-PQ Process,Pre-PQ Process,ARV,100-ZW-T01,25-Nov-07,Air,Adult,30,0.41,SCMS from RDC,N/A - From RDC,4256
46897,ASN-23174,Generic,Vietnam,08-Jan-14,08-Jan-14,300mg,Tablet,Yes,2048.91,Direct Drop,"Tenofovir Disoproxil Fumarate 300mg, tablets, 30 Tabs",55.74,12693,45060.15,PMO - US,Hetero Unit III Hyderabad IN,Tenofovir Disoproxil Fumarate,3.55,7/25/13,SCMS-199840,FPQ-12539,07-11-13,ARV,108-VN-T30,08-Jan-14,Air,Adult,30,0.12,HETERO LABS LIMITED,EXW,975
53064,ASN-9550,Determine,Kenya,10-Feb-11,10-Feb-11,MIssing,Test kit,Yes,14515.01,Direct Drop,"HIV 1/2, Determine Complete HIV Kit, 100 Tests",0.19,1,89.0,PMO - US,Inverness Japan,"HIV 1/2, Determine Complete HIV Kit",89.0,11/22/10,SCMS-88211,FPQ-6406,9/27/10,HRDT,102-KE-T30,10-Feb-11,Air,HIV test,100,0.89,"Orgenics, Ltd",EXW,1370
10367,ASN-4610,Epivir,South Africa,25-Jun-09,25-Jun-09,150mg,Tablet,Yes,Freight Included in Commodity Cost,Direct Drop,"Lamivudine 150mg [Epivir], tablets, 60 Tabs",73.54,7000,37520.0,PMO - US,GSK Cape Town Factory (South Africa),Lamivudine,5.36,3/27/09,SCMS-49550,Pre-PQ Process,Pre-PQ Process,ARV,116-ZA-T01,25-Jun-09,Truck,Adult,60,0.09,S. BUYS WHOLESALER,DDP,Weight Captured Separately
83480,DN-2096,Generic,Mozambique,09-Mar-11,09-Mar-11,10mg/ml,Oral solution,Yes,4711.97,From RDC,"Zidovudine 10mg/ml, oral solution w/syringe, Bottle, 240 ml",13.86,4000,8400.0,PMO - US,"Aurobindo Unit III, India",Zidovudine,2.1,N/A - From RDC,SO-38360,FPQ-6981,01-06-11,ARV,111-MZ-T30,31-Mar-11,Truck,Pediatric,240,0.01,SCMS from RDC,N/A - From RDC,1137
82387,DN-2245,Generic,Nigeria,06-Jul-11,06-Jul-11,200mg,Capsule,Yes,13398.06,From RDC,"Efavirenz 200mg, capsule, 90 Caps",20.47,1280,12403.2,PMO - US,"Aurobindo Unit III, India",Efavirenz,9.69,N/A - From RDC,SO-39850,FPQ-7217,2/21/11,ARV,151-NG-T30,15-Jun-11,Air Charter,Pediatric,90,0.11,SCMS from RDC,N/A - From RDC,177
83380,DN-1544,Generic,CÃte dIvoire,02-Dec-09,02-Dec-09,300mg,Tablet,Yes,1211.49,From RDC,"Tenofovir Disoproxil Fumarate 300mg, tablets, 30 Tabs",15.88,950,8103.5,PMO - US,Mylan (formerly Matrix) Nashik,Tenofovir Disoproxil Fumarate,8.53,N/A - From RDC,SO-34371,FPQ-4378,10/15/09,ARV,104-CI-T30,04-Dec-09,Air,Adult,30,0.28,SCMS from RDC,N/A - From RDC,54
83249,DN-3759,Aluvia,Tanzania,24-Jun-14,01-Jul-14,200/50mg,Tablet,Yes,2994.63,From RDC,"Lopinavir/Ritonavir 200/50mg [Aluvia], tablets, 120 Tabs",250.72,10724,202683.6,PMO - US,ABBVIE Ludwigshafen Germany,Lopinavir/Ritonavir,18.9,N/A - From RDC,SO-46005,FPQ-12587,07-04-13,ARV,109-TZ-T30,30-Jun-14,Truck,Adult,120,0.16,SCMS from RDC,N/A - From RDC,2209
11562,DN-1029,Generic,Zambia,11-Dec-08,11-Dec-08,300mg,Tablet,Yes,1659.48,From RDC,"Zidovudine 300mg, tablets, 60 Tabs",36.84,2306,18793.9,PMO - US,"Aurobindo Unit III, India",Zidovudine,8.15,N/A - From RDC,SO-19411,Pre-PQ Process,Pre-PQ Process,ARV,110-ZM-T01,11-Dec-08,Air,Adult,60,0.14,SCMS from RDC,N/A - From RDC,132
15011,ASN-9219,Generic,Rwanda,12-Dec-10,12-Dec-10,600/300/300mg,Tablet - FDC,Yes,Freight Included in Commodity Cost,Direct Drop,"Efavirenz/Lamivudine/Tenofovir Disoproxil Fumarate 600/300/300mg, tablets, 30 Tabs",363.79,9653,168734.44,PMO - US,Mylan (formerly Matrix) Nashik,Efavirenz/Lamivudine/Tenofovir Disoproxil Fumarate,17.48,9/28/10,SCMS-83350,FPQ-6186,8/13/10,ARV,107-RW-T30,12-Dec-10,Air,Adult,30,0.58,MYLAN LABORATORIES LTD (FORMERLY MATRIX LABORATORIES),CIP,Weight Captured Separately
9042,ASN-3732,Viramune,South Africa,21-Jan-09,21-Jan-09,10mg/ml,Oral suspension,No,Freight Included in Commodity Cost,Direct Drop,"Nevirapine 10mg/ml [Viramune], oral suspension, Bottle, 240 ml",0.63,30,323.4,PMO - US,"BI, Ingelheim, Germany",Nevirapine,10.78,Date Not Captured,SCMS-41190,Pre-PQ Process,Pre-PQ Process,ARV,116-ZA-T01,30-Mar-09,Air,Pediatric,240,0.04,S. BUYS WHOLESALER,DDP,Weight Captured Separately
84197,DN-2895,Generic,CÃte dIvoire,24-Oct-12,24-Oct-12,10mg/ml,Oral solution,No,See DN-2895 (ID#:82524),From RDC,"Zidovudine 10mg/ml, oral solution w/syringe, Bottle, 240 ml",14.72,5000,10500.0,PMO - US,"Aurobindo Unit III, India",Zidovudine,2.1,N/A - From RDC,SO-43280,FPQ-10626,09-06-12,ARV,104-CI-T30,14-Dec-12,Truck,Pediatric,240,0.01,SCMS from RDC,N/A - From RDC,See DN-2895 (ID#:82524)
49540,ASN-18612,Generic,South Sudan,23-May-13,23-May-13,50mg,Chewable/dispersible tablet,Yes,1191.93,Direct Drop,"Nevirapine 50mg, dispersible tablets (tablets for oral suspension), 30 Tabs",0.97,625,781.25,PMO - US,"Aurobindo Unit III, India",Nevirapine,1.25,02-08-13,SCMS-176740,FPQ-11497,1/18/13,ARV,103-SS-T30,23-May-13,Air,Pediatric,30,0.04,Aurobindo Pharma Limited,EXW,34
54755,ASN-12598,Generic,Zimbabwe,21-Nov-11,21-Nov-11,100/25mg,Tablet,Yes,7549.41,Direct Drop,"Lopinavir/Ritonavir 100/25mg [Aluvia], tablets, 60 Tabs",93.5,5625,43368.75,PMO - US,ABBVIE Ludwigshafen Germany,Lopinavir/Ritonavir,7.71,11-10-10,SCMS-90710,FPQ-6488,10/26/10,ARV,200-ZW-T30,21-Nov-11,Air,Pediatric,60,0.13,ABBVIE LOGISTICS (FORMERLY ABBOTT LOGISTICS BV),FCA,665
85183,DN-2163,Generic,Nigeria,11-May-11,11-May-11,600/200/300mg,Tablet - FDC,Yes,12601.06,From RDC,"Efavirenz/Emtricitabine/Tenofovir Disoproxil Fumarate 600/200/300mg, tablets, 30 Tabs",851.91,19836,395133.12,PMO - US,Mylan (formerly Matrix) Nashik,Efavirenz/Emtricitabine/Tenofovir Disoproxil Fumarate,19.92,N/A - From RDC,SO-38190,FPQ-6243,8/25/10,ARV,151-NG-T30,30-Mar-11,Air Charter,Adult,30,0.66,SCMS from RDC,N/A - From RDC,2164
13862,ASN-30384,Stat-Pak,Burundi,18-Feb-15,18-Feb-15,MIssing,Test kit,Yes,865.67,Direct Drop,"HIV 1/2, Stat-Pak Dipstick Assay Kit, 30 Tests",19.33,595,16422.0,PMO - US,Chembio Diagnostics Sys. Inc.,"HIV 1/2, Stat-Pak Dipstick Assay Kit",27.6,11-12-14,SCMS-260800,FPQ-15186,10/17/14,HRDT,102-BI-T30,18-Feb-15,Air,HIV test,30,0.92,"CHEMBIO DIAGNOSTIC SYSTEMS, INC.",EXW,63
7327,ASN-2503,Epivir,South Africa,14-Aug-08,14-Aug-08,150mg,Tablet,No,Freight Included in Commodity Cost,Direct Drop,"Lamivudine 150mg [Epivir], tablets, 60 Tabs",12.74,1500,7965.0,PMO - US,GSK Cape Town Factory (South Africa),Lamivudine,5.31,Date Not Captured,SCMS-28830,Pre-PQ Process,Pre-PQ Process,ARV,116-ZA-T01,25-Aug-08,Truck,Adult,60,0.09,S. BUYS WHOLESALER,DDP,Weight Captured Separately
85829,DN-2552,Generic,CÃte dIvoire,24-Feb-12,24-Feb-12,600mg,Tablet,No,See DN-2552 (ID#:85237),From RDC,"Efavirenz 600mg, tablets, 30 Tabs",71.89,12446,51277.52,PMO - US,"Strides, Bangalore, India.",Efavirenz,4.12,N/A - From RDC,SO-41160,FPQ-8787,11-11-11,ARV,104-CI-T30,19-Mar-12,Air,Adult,30,0.14,SCMS from RDC,N/A - From RDC,See DN-2552 (ID#:85237)
84565,DN-1833,Generic,Haiti,19-May-10,19-May-10,600mg,Tablet,Yes,23890.83,From RDC,"Efavirenz 600mg, tablets, 30 Tabs",349.01,34080,161880.0,PMO - US,"Aurobindo Unit III, India",Efavirenz,4.75,N/A - From RDC,SO-34650,FPQ-4384,10/23/09,ARV,106-HT-T30,19-May-10,Air,Adult,30,0.16,SCMS from RDC,N/A - From RDC,3318
5769,ASN-2235,Generic,Botswana,20-Jan-09,20-Jan-09,MIssing,Test kit - Ancillary,Yes,Invoiced Separately,Direct Drop,"HIV, Lancet, Safety, for HIV Test kits, 100 Pcs",0,100,1.0,PMO - US,Inverness Japan,"HIV, Lancet, Safety, for HIV Test kits, 100 Pcs",0.01,4/28/08,SCMS-22770,Pre-PQ Process,Pre-PQ Process,HRDT,102-BW-T01,20-Jan-09,Air,HIV test - Ancillary,100,0.0,"Orgenics, Ltd",EXW,Weight Captured Separately
82483,DN-2694,Generic,Zimbabwe,27-Jun-12,27-Jun-12,150/300mg,Tablet - FDC,Yes,5530.11,From RDC,"Lamivudine/Zidovudine 150/300mg, tablets, 60 Tabs",42.94,3345,26024.1,PMO - US,Mylan (formerly Matrix) Nashik,Lamivudine/Zidovudine,7.78,N/A - From RDC,SO-40891,FPQ-8464,10-04-11,ARV,113-ZW-T30,16-Oct-12,Truck,Adult,60,0.13,SCMS from RDC,N/A - From RDC,7114
85930,DN-2997,Generic,Nigeria,11-Feb-13,11-Feb-13,150/300mg,Tablet - FDC,No,See DN-2997 (ID#:85328),From RDC,"Lamivudine/Zidovudine 150/300mg, tablets, 60 Tabs",1659.62,162827,1183752.29,PMO - US,"Aurobindo Unit III, India",Lamivudine/Zidovudine,7.27,N/A - From RDC,SO-43045,FPQ-10477,08-09-12,ARV,151-NG-T30,11-Feb-13,Air Charter,Adult,60,0.12,SCMS from RDC,N/A - From RDC,See DN-2997 (ID#:85328)
21868,ASN-11407,Generic,Vietnam,27-Jul-11,27-Jul-11,300mg,Tablet,Yes,6247.82,Direct Drop,"Zidovudine 300mg, tablets, 60 Tabs",143.55,12000,87000.0,PMO - US,Mylan (formerly Matrix) Nashik,Zidovudine,7.25,05-02-11,SCMS-107650,FPQ-7565,4/21/11,ARV,108-VN-T30,27-Jul-11,Air,Adult,60,0.12,MYLAN LABORATORIES LTD (FORMERLY MATRIX LABORATORIES),EXW,664
83536,DN-2363,Generic,Tanzania,23-Sep-11,23-Sep-11,600/200/300mg,Tablet - FDC,Yes,1047.17,From RDC,"Efavirenz/Emtricitabine/Tenofovir Disoproxil Fumarate 600/200/300mg, tablets, 30 Tabs",1325.8,40337,803513.04,PMO - US,Mylan (formerly Matrix) Nashik,Efavirenz/Emtricitabine/Tenofovir Disoproxil Fumarate,19.92,N/A - From RDC,SO-38170,FPQ-6713,12-02-10,ARV,109-TZ-T30,03-Oct-11,Truck,Adult,30,0.66,SCMS from RDC,N/A - From RDC,4560
83223,DN-3585,Generic,Guyana,03-Apr-14,06-Jun-14,10mg/ml,Oral solution,Yes,7317.96,From RDC,"Lamivudine 10mg/ml, oral solution w/syringe, Bottle, 240 ml",0.18,118,171.1,PMO - US,"Aurobindo Unit III, India",Lamivudine,1.45,N/A - From RDC,SO-46800,FPQ-13071,10-09-13,ARV,105-GY-T30,31-Mar-14,Air,Pediatric,240,0.01,SCMS from RDC,N/A - From RDC,552
84335,DN-3541,Generic,Nigeria,10-Feb-14,19-Feb-14,600/300/300mg,Tablet - FDC,Yes,30936.1,From RDC,"Efavirenz/Lamivudine/Tenofovir Disoproxil Fumarate 600/300/300mg, tablets, 30 Tabs",1203.3,89490,972756.3,PMO - US,Mylan (formerly Matrix) Nashik,Efavirenz/Lamivudine/Tenofovir Disoproxil Fumarate,10.87,N/A - From RDC,SO-45664,FPQ-12248,05-06-13,ARV,151-NG-T30,28-Feb-14,Air Charter,Adult,30,0.36,SCMS from RDC,N/A - From RDC,11280
12395,DN-304,Generic,Mozambique,21-Sep-07,21-Sep-07,10mg/ml,Oral solution,No,See DN-304 (ID#:10589),From RDC,"Lamivudine 10mg/ml, oral solution, Bottle, 240 ml",10.71,2744,6695.36,PMO - US,"Cipla, Goa, India",Lamivudine,2.44,N/A - From RDC,SO-298,Pre-PQ Process,Pre-PQ Process,ARV,111-MZ-T01,21-Sep-07,Air,Pediatric,240,0.01,SCMS from RDC,N/A - From RDC,See DN-304 (ID#:10589)
83602,DN-2736,Generic,Rwanda,12-Jul-12,12-Jul-12,300/300mg,Tablet - FDC,Yes,14332,From RDC,"Lamivudine/Tenofovir Disoproxil Fumarate 300/300mg, tablets, 30 Tabs",271.85,35000,193900.0,PMO - US,Mylan (formerly Matrix) Nashik,Lamivudine/Tenofovir Disoproxil Fumarate,5.54,N/A - From RDC,SO-42101,FPQ-9888,05-11-12,ARV,107-RW-T30,03-Sep-12,Air,Adult,30,0.18,SCMS from RDC,N/A - From RDC,2657
84835,DN-3251,Generic,Nigeria,30-Jul-13,30-Jul-13,200/50mg,Tablet,Yes,Freight Included in Commodity Cost,From RDC,"Lopinavir/Ritonavir 200/50mg, tablets, 120 Tabs",1645.72,63353,1330413.0,PMO - US,Mylan (formerly Matrix) Nashik,Lopinavir/Ritonavir,21.0,N/A - From RDC,SO-44757,FPQ-11771,2/28/13,ARV,151-NG-T30,21-Aug-13,Air Charter,Adult,120,0.18,SCMS from RDC,N/A - From RDC,32671
10933,DN-570,Generic,Rwanda,28-Jan-08,28-Jan-08,150mg,Tablet,Yes,2559.28,From RDC,"Lamivudine 150mg, tablets, 60 Tabs",15.32,3150,9576.0,PMO - US,"Ranbaxy, Paonta Shahib, India",Lamivudine,3.04,N/A - From RDC,SO-1515,Pre-PQ Process,Pre-PQ Process,ARV,107-RW-T01,28-Jan-08,Air,Adult,60,0.05,SCMS from RDC,N/A - From RDC,165
84614,DN-2089,Generic,Guatemala,24-Jan-11,24-Jan-11,200/300mg,Tablet - FDC,No,See DN-2089 (ID#:83478),From RDC,"Emtricitabine/Tenofovir Disoproxil Fumarate 200/300mg, tablets, 30 Tabs",143.91,7987,87218.04,PMO - US,Mylan (formerly Matrix) Nashik,Emtricitabine/Tenofovir Disoproxil Fumarate,10.92,N/A - From RDC,SO-38260,FPQ-6943,12/29/10,ARV,202-GT-T30,31-Jan-11,Air,Adult,30,0.36,SCMS from RDC,N/A - From RDC,See DN-2089 (ID#:83478)
45090,ASN-19166,Generic,South Africa,16-Apr-13,16-Apr-13,300mg,Tablet,No,Freight Included in Commodity Cost,Direct Drop,"Tenofovir Disoproxil Fumarate 300mg, tablets, 30 Tabs",15.79,621,12768.22,South Africa Field Office,"Aurobindo Unit III, India",Tenofovir Disoproxil Fumarate,20.56,Date Not Captured,SCMS-183950,FPQ-11828,3/18/13,ARV,116-ZA-T30,16-Apr-13,Truck,Adult,30,0.69,S. BUYS WHOLESALER,DDP,Weight Captured Separately
11301,DN-1103,Uni-Gold,Kenya,11-Feb-09,11-Feb-09,MIssing,Test kit,Yes,188,From RDC,"HIV 1/2, Uni-Gold HIV Kit, 20 Tests",47.04,750,24000.0,PMO - US,"Trinity Biotech, Plc","HIV 1/2, Uni-Gold HIV Kit",32.0,N/A - From RDC,SO-18000,Pre-PQ Process,Pre-PQ Process,HRDT,102-KE-T01,11-Feb-09,Truck,HIV test,20,1.6,SCMS from RDC,N/A - From RDC,241
85103,DN-1772,Generic,Uganda,22-Apr-10,22-Apr-10,150/300mg,Tablet - FDC,Yes,1758.6,From RDC,"Lamivudine/Zidovudine 150/300mg, tablets, 60 Tabs",30.22,1600,14016.0,PMO - US,Hetero Unit III Hyderabad IN,Lamivudine/Zidovudine,8.76,N/A - From RDC,SO-36110,FPQ-5239,03-02-10,ARV,114-UG-T30,02-Jun-10,Air,Adult,60,0.15,SCMS from RDC,N/A - From RDC,13
84552,DN-1789,Generic,Nigeria,18-May-10,18-May-10,600mg,Tablet,Yes,9736.1,From RDC,"Efavirenz 600mg, tablets, 30 Tabs",72.9,7118,33810.5,PMO - US,"Aurobindo Unit III, India",Efavirenz,4.75,N/A - From RDC,SO-36111,FPQ-4537,11-06-09,ARV,151-NG-T30,31-May-10,Air Charter,Adult,30,0.16,SCMS from RDC,N/A - From RDC,628
85221,DN-2495,Generic,"Congo, DRC",14-Feb-12,14-Feb-12,150/300/200mg,Tablet - FDC,No,See DN-2495 (ID#:83555),From RDC,"Lamivudine/Nevirapine/Zidovudine 150/200/300mg, tablets, 60 Tabs",3.92,254,2794.0,PMO - US,Mylan (formerly Matrix) Nashik,Lamivudine/Nevirapine/Zidovudine,11.0,N/A - From RDC,SO-41133,FPQ-8840,11/21/11,ARV,101-CD-T30,16-Mar-12,Air,Adult,60,0.18,SCMS from RDC,N/A - From RDC,See DN-2495 (ID#:83555)
82849,DN-1559,Generic,Haiti,01-Dec-09,01-Dec-09,300mg,Tablet,Yes,4030.02,From RDC,"Abacavir 300mg, tablets, 60 Tabs",10.39,225,4819.5,PMO - US,Mylan (formerly Matrix) Nashik,Abacavir,21.42,N/A - From RDC,SO-34670,FPQ-4384,10/23/09,ARV,106-HT-T30,09-Dec-09,Air,Adult,60,0.36,SCMS from RDC,N/A - From RDC,306
34235,ASN-7373,Epivir,South Africa,31-May-10,31-May-10,150mg,Tablet,No,Freight Included in Commodity Cost,Direct Drop,"Lamivudine 150mg [Epivir], tablets, 60 Tabs",32.21,2500,14939.06,PMO - US,GSK Ware (UK),Lamivudine,5.98,4/21/10,SCMS-71370,FPQ-5535,4/19/10,ARV,116-ZA-T30,31-May-10,Truck,Adult,60,0.1,S. BUYS WHOLESALER,DDP,Weight Captured Separately
85761,DN-2222,Generic,Uganda,31-May-11,31-May-11,10mg/ml,Oral suspension,Yes,4605.44,From RDC,"Nevirapine 10mg/ml, oral suspension w/syringe, Bottle, 240 ml",64.35,20000,39000.0,PMO - US,"Aurobindo Unit III, India",Nevirapine,1.95,N/A - From RDC,SO-39660,FPQ-7166,02-11-11,ARV,114-UG-T30,15-Jun-11,Air,Pediatric,240,0.01,SCMS from RDC,N/A - From RDC,7464
12917,DN-1445,Generic,Nigeria,20-Oct-09,20-Oct-09,150/300/200mg,Tablet - FDC,Yes,9341.49,From RDC,"Lamivudine/Nevirapine/Zidovudine 150/200/300mg, tablets, 60 Tabs",564.88,25281,288203.4,PMO - US,"Aurobindo Unit III, India",Lamivudine/Nevirapine/Zidovudine,11.4,N/A - From RDC,SO-33338,Pre-PQ Process,Date Not Captured,ARV,151-NG-T01,20-Oct-09,Air Charter,Adult,60,0.19,SCMS from RDC,N/A - From RDC,2847
20280,ASN-5524,Invirase,Nigeria,15-Dec-09,15-Dec-09,500mg,Tablet,Yes,852.02,Direct Drop,"Saquinavir 500mg [Invirase], tablets, 120 Tabs",93.43,500,47667.85,PMO - US,Roche Basel,Saquinavir,95.34,08-12-09,SCMS-51270,FPQ-4066,08-03-09,ARV,123-NG-T30,15-Dec-09,Air,Adult,120,0.79,Hoffmann-La Roche ltd Basel,FCA,83
5041,ASN-3623,Retrovir,South Africa,03-Dec-08,03-Dec-08,300mg,Tablet,No,Freight Included in Commodity Cost,Direct Drop,"Zidovudine 300mg [Retrovir], tablets, 60 Tabs",122.99,5000,62750.0,PMO - US,GSK Aranda,Zidovudine,12.55,Date Not Captured,SCMS-41040,Pre-PQ Process,Pre-PQ Process,ARV,116-ZA-T01,07-Apr-09,Air,Adult,60,0.21,S. BUYS WHOLESALER,DDP,Weight Captured Separately
12892,DN-1276,Crixivan,Nigeria,16-Jun-09,16-Jun-09,400mg,Capsule,Yes,7329.83,From RDC,"Indinavir 400mg [Crixivan], capsules, 180 Caps",39.2,400,20000.0,PMO - US,"MSD, Haarlem, NL",Indinavir,50.0,N/A - From RDC,SO-24480,Pre-PQ Process,Pre-PQ Process,ARV,123-NG-T01,16-Jun-09,Air Charter,Adult,180,0.28,SCMS from RDC,N/A - From RDC,89
37994,ASN-30806,Determine,Mali,04-Apr-15,11-May-15,MIssing,Test kit,Yes,4498.98,Direct Drop,"HIV 1/2, Determine Complete HIV Kit, 100 Tests",35.69,434,34720.0,PMO - US,"Alere Medical Co., Ltd.","HIV 1/2, Determine Complete HIV Kit",80.0,11/19/14,SCMS-260760,FPQ-15006,10-07-14,HRDT,103-ML-T30,04-Apr-15,Air,HIV test,100,0.8,"Orgenics, Ltd",EXW,169
12552,DN-987,Generic,Uganda,06-Jan-09,06-Jan-09,150/30mg,Tablet - FDC,No,See DN-987 (ID#:12252),From RDC,"Lamivudine/Stavudine 150/30mg, tablets, 30 Tabs",3.68,938,1876.0,PMO - US,"Cipla, Goa, India",Lamivudine/Stavudine,2.0,N/A - From RDC,SO-17900,Pre-PQ Process,Pre-PQ Process,ARV,114-UG-T01,06-Jan-09,Air,Adult,30,0.07,SCMS from RDC,N/A - From RDC,See DN-987 (ID#:12252)
5249,ASN-53,Kaletra,Vietnam,15-Sep-06,15-Sep-06,133.3/33.3mg,Capsule,Yes,7286.16,Direct Drop,"Lopinavir/Ritonavir 133.3/33.3mg [Kaletra], capsules, cool, 2 x 90 Caps",MIssing,198,35802.36,PMO - US,ABBVIE (Abbott) St. Pburg USA,Lopinavir/Ritonavir,180.82,Date Not Captured,SCMS-79,Pre-PQ Process,Pre-PQ Process,ARV,108-VN-T01,15-Sep-06,Air,Adult,180,1.0,ABBVIE LOGISTICS (FORMERLY ABBOTT LOGISTICS BV),CIP,389
85236,DN-2538,Generic,Tanzania,12-Mar-12,12-Mar-12,200mg,Capsule,Yes,1698.83,From RDC,"Efavirenz 200mg, capsule, 90 Caps",95.28,6510,57743.7,PMO - US,"Aurobindo Unit III, India",Efavirenz,8.87,N/A - From RDC,SO-40540,FPQ-8303,8/22/11,ARV,109-TZ-T30,30-Mar-12,Truck,Pediatric,90,0.1,SCMS from RDC,N/A - From RDC,830
85022,DN-4182,Generic,Zambia,25-May-15,22-Jun-15,600mg,Tablet,Yes,43219.06,From RDC,"Efavirenz 600mg, tablets, 30 Tabs",399.75,108856,339630.72,PMO - US,"Strides, Bangalore, India.",Efavirenz,3.12,N/A - From RDC,SO-50480,FPQ-15448,11/25/14,ARV,110-ZM-T30,15-May-15,Truck,Adult,30,0.1,SCMS from RDC,N/A - From RDC,6431
86318,DN-1885,Generic,Nigeria,17-Aug-10,17-Aug-10,150/300/200mg,Tablet - FDC,Yes,6147.18,From RDC,"Lamivudine/Nevirapine/Zidovudine 150/200/300mg, tablets, 60 Tabs",120.95,5000,56100.0,PMO - US,"Aurobindo Unit III, India",Lamivudine/Nevirapine/Zidovudine,11.22,N/A - From RDC,SO-36434,FPQ-5023,02-10-10,ARV,151-NG-T30,31-Aug-10,Air,Adult,60,0.19,SCMS from RDC,N/A - From RDC,608
82875,DN-1759,Generic,CÃte dIvoire,01-Apr-10,01-Apr-10,100mg,Capsule,Yes,1702.91,From RDC,"Zidovudine 100mg, capsules, 100 Caps",24.7,2604,12603.36,PMO - US,"Aurobindo Unit III, India",Zidovudine,4.84,N/A - From RDC,SO-34370,FPQ-4378,10/15/09,ARV,104-CI-T30,06-Apr-10,Air,Pediatric,100,0.05,SCMS from RDC,N/A - From RDC,675
10810,DN-9,Viracept,Rwanda,05-Feb-07,05-Feb-07,250mg,Tablet,Yes,23000.34,From RDC,"Nelfinavir (as mesilate) 250mg [Viracept], tablets, 270 Tabs",MIssing,400,38920.0,PMO - US,Roche Madrid,Nelfinavir (as mesilate),97.3,N/A - From RDC,SO-290,Pre-PQ Process,Pre-PQ Process,ARV,107-RW-T01,05-Feb-07,Air,Adult,270,0.36,SCMS from RDC,N/A - From RDC,108
82406,DN-2358,Generic,Nigeria,28-Sep-11,28-Sep-11,150/300mg,Tablet - FDC,No,See DN-2358 (ID#:82405),From RDC,"Lamivudine/Zidovudine 150/300mg, tablets, 60 Tabs",839.1,61567,508543.42,PMO - US,"Aurobindo Unit III, India",Lamivudine/Zidovudine,8.26,N/A - From RDC,SO-39998,FPQ-7812,06-06-11,ARV,151-NG-T30,03-Nov-11,Air Charter,Adult,60,0.14,SCMS from RDC,N/A - From RDC,See DN-2358 (ID#:82405)
65436,ASN-19166,Generic,South Africa,16-Apr-13,16-Apr-13,100/25mg,Tablet,No,Freight Included in Commodity Cost,Direct Drop,"Lopinavir/Ritonavir 100/25mg [Aluvia], tablets, 60 Tabs",0.35,45,281.2,South Africa Field Office,ABBVIE Ludwigshafen Germany,Lopinavir/Ritonavir,6.25,Date Not Captured,SCMS-183950,FPQ-11828,3/18/13,ARV,116-ZA-T30,16-Apr-13,Truck,Pediatric,60,0.1,S. BUYS WHOLESALER,DDP,Weight Captured Separately
74333,ASN-33852,Generic,South Africa,24-Aug-15,24-Aug-15,300mg,Tablet,No,Freight Included in Commodity Cost,Direct Drop,"Zidovudine 300mg, tablets, 60 Tabs",0.3,15,289.91,PMO - US,"Aurobindo Unit III, India",Zidovudine,19.33,10-09-14,SCMS-259079,FPQ-14942,09-11-14,ARV,116-ZA-T30,24-Aug-15,Truck,Adult,60,0.32,PHARMACY DIRECT,DDP,Weight Captured Separately
13978,ASN-19787,Generic,Vietnam,01-Jul-13,01-Jul-13,150/300mg,Tablet - FDC,Yes,8163.83,Direct Drop,"Lamivudine/Zidovudine 150/300mg, tablets, 60 Tabs",77.07,9095,62300.75,PMO - US,Hetero Unit III Hyderabad IN,Lamivudine/Zidovudine,6.85,02-06-13,SCMS-176300,FPQ-11418,1/29/13,ARV,108-VN-T30,01-Jul-13,Air,Adult,60,0.11,HETERO LABS LIMITED,EXW,1736
82295,DN-1654,Generic,Uganda,17-Mar-10,17-Mar-10,200mg,Tablet,Yes,3945.33,From RDC,"Nevirapine 200mg, tablets, 60 Tabs",3.53,600,1638.0,PMO - US,"Aurobindo Unit III, India",Nevirapine,2.73,N/A - From RDC,SO-35870,FPQ-5014,1/29/10,ARV,114-UG-T30,18-Mar-10,Air,Adult,60,0.05,SCMS from RDC,N/A - From RDC,306
11508,DN-538,Generic,CÃte dIvoire,28-Dec-07,28-Dec-07,10mg/ml,Oral suspension,Yes,1301,From RDC,"Nevirapine 10mg/ml, oral suspension, Bottle, 240 ml",1.46,475,912.0,PMO - US,"Aurobindo Unit III, India",Nevirapine,1.92,N/A - From RDC,SO-1144,Pre-PQ Process,Pre-PQ Process,ARV,104-CI-T01,28-Dec-07,Air,Pediatric,240,0.01,SCMS from RDC,N/A - From RDC,170
83955,DN-1495,Generic,Mozambique,18-Nov-09,18-Nov-09,300mg,Tablet,Yes,4468.51,From RDC,"Zidovudine 300mg, tablets, 60 Tabs",250.34,16566,127723.86,PMO - US,Hetero Unit III Hyderabad IN,Zidovudine,7.71,N/A - From RDC,SO-30441,FPQ-4479,2/26/09,ARV,111-MZ-T30,01-Dec-09,Truck,Adult,60,0.13,SCMS from RDC,N/A - From RDC,921
82280,DN-1579,Generic,Uganda,10-Dec-09,10-Dec-09,300mg,Tablet,Yes,1898.84,From RDC,"Zidovudine 300mg, tablets, 60 Tabs",69.81,4730,35616.9,PMO - US,"Aurobindo Unit III, India",Zidovudine,7.53,N/A - From RDC,SO-33990,FPQ-4275,9/17/09,ARV,114-UG-T30,15-Jan-10,Air,Adult,60,0.13,SCMS from RDC,N/A - From RDC,260
11626,DN-961,Generic,Rwanda,28-Oct-08,28-Oct-08,200mg,Tablet,Yes,896.26,From RDC,"Nevirapine 200mg, tablets, 60 Tabs",1.81,288,921.6,PMO - US,"Aurobindo Unit III, India",Nevirapine,3.2,N/A - From RDC,SO-17230,Pre-PQ Process,Pre-PQ Process,ARV,107-RW-T01,28-Oct-08,Truck,Adult,60,0.05,SCMS from RDC,N/A - From RDC,28
16071,ASN-18175,Determine,Nigeria,26-Feb-13,26-Feb-13,MIssing,Test kit,Yes,Freight Included in Commodity Cost,Direct Drop,"HIV 1/2, Determine Complete HIV Kit, 100 Tests",231.96,1859,165451.0,PMO - US,"Alere Medical Co., Ltd.","HIV 1/2, Determine Complete HIV Kit",89.0,10/16/12,SCMS-162440,FPQ-10765,10-05-12,HRDT,133-NG-T30,09-Jan-13,Air,HIV test,100,0.89,"Orgenics, Ltd",EXW,840
86581,DN-3220,Generic,Uganda,19-Jul-13,19-Jul-13,600/300/300mg,Tablet - FDC,Yes,2871,From RDC,"Efavirenz/Lamivudine/Tenofovir Disoproxil Fumarate 600/300/300mg, tablets, 30 Tabs",74.54,5728,60258.56,PMO - US,Hetero Unit III Hyderabad IN,Efavirenz/Lamivudine/Tenofovir Disoproxil Fumarate,10.52,N/A - From RDC,SO-43633,FPQ-10945,11-06-12,ARV,114-UG-T30,31-Jul-13,Air,Adult,30,0.35,SCMS from RDC,N/A - From RDC,770
86399,DN-2305,Generic,Nigeria,03-Aug-11,03-Aug-11,150/200/30mg,Tablet - FDC,Yes,2136.53,From RDC,"Lamivudine/Nevirapine/Stavudine 150/200/30mg, tablets, 60 Tabs",18.35,2000,11120.0,PMO - US,"Cipla, Goa, India",Lamivudine/Nevirapine/Stavudine,5.56,N/A - From RDC,SO-39161,FPQ-7217,2/21/11,ARV,151-NG-T30,31-Aug-11,Air,Adult,60,0.09,SCMS from RDC,N/A - From RDC,209
82788,DN-4184,Generic,Togo,23-Mar-15,30-Mar-15,200/50mg,Tablet,Yes,8834.07,From RDC,"Lopinavir/Ritonavir 200/50mg, tablets, 120 Tabs",145.01,6364,123207.04,PMO - US,"Aurobindo Unit III, India",Lopinavir/Ritonavir,19.36,N/A - From RDC,SO-51080,FPQ-15916,2/18/15,ARV,900-TG-T30,31-Mar-15,Air,Adult,120,0.16,SCMS from RDC,N/A - From RDC,1591
25642,ASN-8224,Determine,Guyana,27-Oct-10,27-Oct-10,MIssing,Test kit,Yes,4268.93,Direct Drop,"HIV 1/2, Determine Complete HIV Kit, 100 Tests",65.2,336,30240.0,PMO - US,Inverness Japan,"HIV 1/2, Determine Complete HIV Kit",90.0,6/21/10,SCMS-71630,FPQ-5495,4/15/10,HRDT,102-GY-T30,27-Oct-10,Air,HIV test,100,0.9,"Orgenics, Ltd",EXW,154
82664,DN-3616,Generic,Zambia,19-May-14,04-Jun-14,150mg,Tablet,Yes,886.11,From RDC,"Lamivudine 150mg, tablets, 60 Tabs",23.82,10391,23171.93,PMO - US,"Micro labs, Verna, Goa, India",Lamivudine,2.23,N/A - From RDC,SO-47190,FPQ-13221,10/31/13,ARV,110-ZM-T30,19-May-14,Truck,Adult,60,0.04,SCMS from RDC,N/A - From RDC,633
12062,DN-148,Generic,Mozambique,13-Jun-07,13-Jun-07,150/300/200mg,Tablet - FDC,No,See DN-148 (ID#:10564),From RDC,"Lamivudine/Nevirapine/Zidovudine 150/200/300mg, tablets, 60 Tabs",MIssing,29959,524282.5,PMO - US,"Aurobindo Unit III, India",Lamivudine/Nevirapine/Zidovudine,17.5,N/A - From RDC,SO-576,Pre-PQ Process,Pre-PQ Process,ARV,111-MZ-T01,13-Jun-07,Air,Adult,60,0.29,SCMS from RDC,N/A - From RDC,See DN-148 (ID#:10564)
83304,DN-4096,Generic,Mozambique,13-Mar-15,17-Mar-15,600/300/300mg,Tablet - FDC,Yes,79514.44,From RDC,"Efavirenz/Lamivudine/Tenofovir Disoproxil Fumarate 600/300/300mg, tablets, 30 Tabs",157.06,15654,152783.04,PMO - US,Hetero Unit III Hyderabad IN,Efavirenz/Lamivudine/Tenofovir Disoproxil Fumarate,9.76,N/A - From RDC,SO-49710,FPQ-14843,8/21/14,ARV,111-MZ-T30,28-Feb-15,Truck,Adult,30,0.33,SCMS from RDC,N/A - From RDC,112027
66967,ASN-8905,Generic,South Africa,06-Jan-11,06-Jan-11,300mg,Tablet,Yes,7905.94,Direct Drop,"Tenofovir Disoproxil Fumarate 300mg, tablets, 30 Tabs",1675.43,116857,777099.05,PMO - US,"Aurobindo Unit III, India",Tenofovir Disoproxil Fumarate,6.65,9/24/10,SCMS-83830,FPQ-6262,8/31/10,ARV,161-ZA-T30,06-Jan-11,Ocean,Adult,30,0.22,Aurobindo Pharma Limited,DDP,10907
17096,ASN-30244,Determine,Zambia,12-May-15,14-May-15,MIssing,Test kit,Yes,15174.53,Direct Drop,"HIV 1/2, Determine Complete HIV Kit, 100 Tests",235.45,2863,229040.0,PMO - US,"Alere Medical Co., Ltd.","HIV 1/2, Determine Complete HIV Kit",80.0,5/19/14,SCMS-239730,FPQ-14130,4/22/14,HRDT,110-ZM-T30,05-May-15,Air,HIV test,100,0.8,"Orgenics, Ltd",EXW,1159
60000,ASN-11857,Generic,Vietnam,21-Sep-11,21-Sep-11,150/300/200mg,Tablet - FDC,Yes,10657.33,Direct Drop,"Lamivudine/Nevirapine/Zidovudine 150/200/300mg, tablets, 60 Tabs",463.71,25572,281036.28,PMO - US,Mylan (formerly Matrix) Nashik,Lamivudine/Nevirapine/Zidovudine,10.99,4/14/11,SCMS-105490,FPQ-7427,3/31/11,ARV,108-VN-T30,21-Sep-11,Air,Adult,60,0.18,MYLAN LABORATORIES LTD (FORMERLY MATRIX LABORATORIES),EXW,3572
25328,ASN-5934,Aluvia,South Africa,28-Dec-09,28-Dec-09,200/50mg,Tablet,Yes,Freight Included in Commodity Cost,Direct Drop,"Lopinavir/Ritonavir 200/50mg [Aluvia], tablets, 120 Tabs",13.12,150,6083.68,PMO - US,ABBVIE Ludwigshafen Germany,Lopinavir/Ritonavir,40.56,12/23/09,SCMS-60170,FPQ-4770,12/17/09,ARV,116-ZA-T30,28-Dec-09,Truck,Adult,120,0.34,S. BUYS WHOLESALER,DDP,Weight Captured Separately
84357,DN-3640,Generic,Guyana,25-Apr-14,13-May-14,20mg/ml,Oral solution,Yes,892.96,From RDC,"Abacavir 20mg/ml, oral solution w/syringe, Bottle, 240 ml",0.31,36,301.68,PMO - US,"Aurobindo Unit III, India",Abacavir,8.38,N/A - From RDC,SO-47740,FPQ-13567,1/16/14,ARV,105-GY-T30,30-Jun-14,Air,Pediatric,240,0.03,SCMS from RDC,N/A - From RDC,22
49025,ASN-21967,OraQuick,Cameroon,22-Oct-13,25-Oct-13,MIssing,Test kit,Yes,88560.19,Direct Drop,"HIV 1/2, OraQuick Rapid Antibody Kit, 100 Tests",865.9,2000,700000.0,PMO - US,"Orasure Technologies, Inc","HIV 1/2, OraQuick Rapid Antibody Kit",350.0,08-06-13,SCMS-200890,FPQ-12570,07-10-13,HRDT,800-CM-T30,22-Oct-13,Air,HIV test,100,3.5,Orasure Technologies Inc.,EXW,5006
19512,ASN-14319,Generic,Vietnam,24-Apr-12,24-Apr-12,600/300/300mg,Tablet - FDC,Yes,3401.49,Direct Drop,"Efavirenz/Lamivudine/Tenofovir Disoproxil Fumarate 600/300/300mg, tablets, 30 Tabs",126.82,5451,76859.1,PMO - US,Mylan (formerly Matrix) Nashik,Efavirenz/Lamivudine/Tenofovir Disoproxil Fumarate,14.1,10-03-11,SCMS-123530,FPQ-8428,9/21/11,ARV,108-VN-T30,24-Apr-12,Air,Adult,30,0.47,MYLAN LABORATORIES LTD (FORMERLY MATRIX LABORATORIES),EXW,1675
24706,ASN-21190,Videx,Haiti,03-Sep-13,03-Sep-13,25mg,Chewable/dispersible tablet,Yes,1962.1,Direct Drop,"Didanosine 25mg [Videx], chewable tablets, 60 Tabs",9.01,1040,7280.0,PMO - US,Bristol-Myers Squibb Anagni IT,Didanosine,7.0,02-11-13,SCMS-177130,FPQ-11442,1/30/13,ARV,106-HT-T30,03-Sep-13,Air,Pediatric,60,0.12,BRISTOL-MYERS SQUIBB,FCA,226
84429,DN-4019,Generic,Uganda,17-Dec-14,22-Dec-14,600mg,Tablet,Yes,6852.08,From RDC,"Efavirenz 600mg, tablets, 30 Tabs",173.24,52500,168525.0,PMO - US,"Strides, Bangalore, India.",Efavirenz,3.21,N/A - From RDC,SO-48973,FPQ-14396,06-04-14,ARV,114-UG-T30,15-Jan-15,Truck,Adult,30,0.11,SCMS from RDC,N/A - From RDC,10119
82685,DN-3762,Aluvia,Tanzania,25-Sep-14,06-Oct-14,200/50mg,Tablet,Yes,97918.87,From RDC,"Lopinavir/Ritonavir 200/50mg [Aluvia], tablets, 120 Tabs",755.01,32294,610356.6,PMO - US,ABBVIE Ludwigshafen Germany,Lopinavir/Ritonavir,18.9,N/A - From RDC,SO-46701,FPQ-13042,10-01-13,ARV,109-TZ-T30,31-Jul-14,Air,Adult,120,0.16,SCMS from RDC,N/A - From RDC,20132
82617,DN-3421,Generic,Rwanda,23-Dec-13,17-Jan-14,200mg,Tablet,Yes,14088.22,From RDC,"Nevirapine 200mg, tablets, 60 Tabs",223.65,79999,180797.74,PMO - US,Hetero Unit III Hyderabad IN,Nevirapine,2.26,N/A - From RDC,SO-45390,FPQ-12190,05-06-13,ARV,107-RW-T30,31-Jan-14,Truck,Adult,60,0.04,SCMS from RDC,N/A - From RDC,9404
50662,ASN-8630,Uni-Gold,Zambia,23-Nov-10,23-Nov-10,MIssing,Test kit,Yes,33525.96,Direct Drop,"HIV 1/2, Uni-Gold HIV Kit, 20 Tests",482.94,7000,224000.0,PMO - US,"Trinity Biotech, Plc","HIV 1/2, Uni-Gold HIV Kit",32.0,10-07-10,SCMS-87280,FPQ-6263,09-08-10,HRDT,110-ZM-T30,23-Nov-10,Air,HIV test,20,1.6,"Trinity Biotech, Plc",EXW,2304
36298,ASN-6076,Norvir,Vietnam,22-Mar-10,22-Mar-10,100mg,Capsule,Yes,4256.38,Direct Drop,"Ritonavir 100mg [Norvir], capsules, cool, 4 x 84 Caps",9.92,60,4603.2,PMO - US,ABBVIE (Abbott) Logis. UK,Ritonavir,76.72,01-11-10,SCMS-62410,FPQ-4720,01-04-09,ARV,108-VN-T30,22-Mar-10,Air,Adult,336,0.23,ABBVIE LOGISTICS (FORMERLY ABBOTT LOGISTICS BV),FCA,170
83005,DN-2500,Generic,"Congo, DRC",14-Feb-12,14-Feb-12,600mg,Tablet,No,See DN-2500 (ID#:82436),From RDC,"Efavirenz 600mg, tablets, 30 Tabs",0.34,59,243.08,PMO - US,"Strides, Bangalore, India.",Efavirenz,4.12,N/A - From RDC,SO-41138,FPQ-8840,11/21/11,ARV,101-CD-T30,10-Feb-12,Air,Adult,30,0.14,SCMS from RDC,N/A - From RDC,See DN-2500 (ID#:82436)
11476,DN-411,Generic,Nigeria,01-Nov-07,01-Nov-07,150/300mg,Tablet - FDC,No,See DN-411 (ID#:10631),From RDC,"Lamivudine/Zidovudine 150/300mg, tablets, 60 Tabs",37.44,1200,23400.0,PMO - US,"Aurobindo Unit III, India",Lamivudine/Zidovudine,19.5,N/A - From RDC,SO-1225,Pre-PQ Process,Pre-PQ Process,ARV,112-NG-T01,01-Nov-07,Air,Adult,60,0.32,SCMS from RDC,N/A - From RDC,See DN-411 (ID#:10631)
83529,DN-2329,Generic,Uganda,24-Aug-11,24-Aug-11,150/300/200mg,Tablet - FDC,No,See DN-2329 (ID#:82976),From RDC,"Lamivudine/Nevirapine/Zidovudine 150/200/300mg, tablets, 60 Tabs",1943.86,105000,1178100.0,PMO - US,Mylan (formerly Matrix) Nashik,Lamivudine/Nevirapine/Zidovudine,11.22,N/A - From RDC,SO-38800,FPQ-7162,2/14/11,ARV,114-UG-T30,05-Aug-11,Truck,Adult,60,0.19,SCMS from RDC,N/A - From RDC,See DN-2329 (ID#:82976)
82434,DN-2496,Generic,"Congo, DRC",14-Feb-12,14-Feb-12,150/300/200mg,Tablet - FDC,Yes,Invoiced Separately,From RDC,"Lamivudine/Nevirapine/Zidovudine 150/200/300mg, tablets, 60 Tabs",0.83,54,594.0,PMO - US,Mylan (formerly Matrix) Nashik,Lamivudine/Nevirapine/Zidovudine,11.0,N/A - From RDC,SO-41134,FPQ-8840,11/21/11,ARV,101-CD-T30,16-Mar-12,Air,Adult,60,0.18,SCMS from RDC,N/A - From RDC,Weight Captured Separately
52973,ASN-33477,Generic,South Africa,24-Jul-15,24-Jul-15,300mg,Tablet,No,Freight Included in Commodity Cost,Direct Drop,"Zidovudine 300mg, tablets, 60 Tabs",0.13,7,126.22,PMO - US,"Aurobindo Unit III, India",Zidovudine,18.03,10-09-14,SCMS-259077,FPQ-14942,09-11-14,ARV,116-ZA-T30,24-Jul-15,Truck,Adult,60,0.3,PHARMACY DIRECT,DDP,Weight Captured Separately
12594,DN-1297,Truvada,CÃte dIvoire,30-Jun-09,30-Jun-09,300/200mg,Tablet - FDC,Yes,1660.07,From RDC,"Emtricitabine/Tenofovir Disoproxil Fumarate 200/300mg [Truvada], tablets, 30 Tabs",111.13,2160,56700.0,PMO - US,"Aspen-OSD, Port Elizabeth, SA",Emtricitabine/Tenofovir Disoproxil Fumarate,26.25,N/A - From RDC,SO-31960,Pre-PQ Process,Pre-PQ Process,ARV,104-CI-T01,30-Jun-09,Air,Adult,30,0.88,SCMS from RDC,N/A - From RDC,186
12399,DN-310,Uni-Gold,Mozambique,21-Sep-07,21-Sep-07,MIssing,Test kit,Yes,3818.4,From RDC,"HIV 1/2, Uni-Gold HIV Kit, 20 Tests",128,2500,80000.0,PMO - US,"Trinity Biotech, Plc","HIV 1/2, Uni-Gold HIV Kit",32.0,N/A - From RDC,SO-944,Pre-PQ Process,Pre-PQ Process,HRDT,111-MZ-T01,21-Sep-07,Air,HIV test,20,1.6,SCMS from RDC,N/A - From RDC,841
65219,ASN-12885,Determine,Zimbabwe,22-Dec-11,22-Dec-11,MIssing,Test kit,Yes,17806.34,Direct Drop,"HIV 1/2, Determine Complete HIV Kit, 100 Tests",237.6,1800,144000.0,PMO - US,"Alere Medical Co., Ltd.","HIV 1/2, Determine Complete HIV Kit",80.0,9/21/11,SCMS-122760,FPQ-8447,9/16/11,HRDT,113-ZW-T30,22-Dec-11,Air,HIV test,100,0.8,"Orgenics, Ltd",EXW,885
82476,DN-2660,Generic,Zambia,28-May-12,28-May-12,600/200/300mg,Tablet - FDC,Yes,6079.27,From RDC,"Efavirenz/Emtricitabine/Tenofovir Disoproxil Fumarate 600/200/300mg, tablets, 30 Tabs",234.55,10000,167300.0,PMO - US,Mylan (formerly Matrix) Nashik,Efavirenz/Emtricitabine/Tenofovir Disoproxil Fumarate,16.73,N/A - From RDC,SO-41290,FPQ-9081,12/22/11,ARV,110-ZM-T30,15-Jun-12,Truck,Adult,30,0.56,SCMS from RDC,N/A - From RDC,1133
12789,DN-669,Generic,Ethiopia,27-Mar-08,27-Mar-08,30mg,Capsule,Yes,17910,From RDC,"Stavudine 30mg, capsules, 60 Caps",190.81,78460,119259.2,PMO - US,"Aurobindo Unit III, India",Stavudine,1.52,N/A - From RDC,SO-1950,Pre-PQ Process,Pre-PQ Process,ARV,117-ET-T01,27-Mar-08,MIssing,Adult,60,0.03,SCMS from RDC,N/A - From RDC,5184
40070,ASN-32524,Generic,South Africa,02-Jun-15,02-Jun-15,300mg,Tablet,No,Freight Included in Commodity Cost,Direct Drop,"Abacavir 300mg, tablets, 60 Tabs",1.59,31,1545.41,PMO - US,"Aurobindo Unit III, India",Abacavir,49.85,06-02-15,SCMS-259076,FPQ-14942,09-11-14,ARV,116-ZA-T30,02-Jun-15,Truck,Adult,60,0.83,PHARMACY DIRECT,DDP,Weight Captured Separately
11290,DN-928,Generic,CÃte dIvoire,07-Oct-08,07-Oct-08,300mg,Tablet,Yes,1793.11,From RDC,"Tenofovir Disoproxil Fumarate 300mg, tablets, 30 Tabs",150.88,5547,94299.0,PMO - US,Mylan (formerly Matrix) Nashik,Tenofovir Disoproxil Fumarate,17.0,N/A - From RDC,SO-1690,Pre-PQ Process,Pre-PQ Process,ARV,104-CI-T01,07-Oct-08,Air,Adult,30,0.57,SCMS from RDC,N/A - From RDC,333
73961,ASN-5064,Aluvia,Uganda,20-Oct-09,20-Oct-09,200/50mg,Tablet,Yes,1360.34,Direct Drop,"Lopinavir/Ritonavir 200/50mg [Aluvia], tablets, 120 Tabs",34.02,480,17356.8,PMO - US,ABBVIE Ludwigshafen Germany,Lopinavir/Ritonavir,36.16,09-10-09,SCMS-53050,FPQ-4130,8/25/09,ARV,114-UG-T30,20-Oct-09,Air,Adult,120,0.3,ABBVIE LOGISTICS (FORMERLY ABBOTT LOGISTICS BV),FCA,126
67661,ASN-22952,Generic,Guyana,04-Dec-13,20-Dec-13,100mg,Capsule,Yes,672.49,Direct Drop,"Zidovudine 100mg, capsules, 100 Caps",0.63,114,513.0,PMO - US,"Aurobindo Unit III, India",Zidovudine,4.5,08-02-13,SCMS-201380,FPQ-12626,7/16/13,ARV,105-GY-T30,04-Dec-13,Air,Pediatric,100,0.04,Aurobindo Pharma Limited,EXW,5
12004,DN-1402,Generic,Uganda,09-Sep-09,09-Sep-09,150/300/200mg,Tablet - FDC,Yes,15250.99,From RDC,"Lamivudine/Nevirapine/Zidovudine 150/200/300mg, tablets, 60 Tabs",437.13,19650,223027.5,PMO - US,"Aurobindo Unit III, India",Lamivudine/Nevirapine/Zidovudine,11.35,N/A - From RDC,SO-32930,Pre-PQ Process,Date Not Captured,ARV,114-UG-T01,09-Sep-09,Air,Adult,60,0.19,SCMS from RDC,N/A - From RDC,2237
83908,DN-4248,Generic,Mozambique,15-Jun-15,15-Jun-15,300/300mg,Tablet - FDC,Yes,5894.11,From RDC,"Lamivudine/Tenofovir Disoproxil Fumarate 300/300mg, tablets, 30 Tabs",309.92,56994,263312.28,PMO - US,"Hetero, Jadcherla, unit 5, IN",Lamivudine/Tenofovir Disoproxil Fumarate,4.62,N/A - From RDC,SO-50122,FPQ-15195,10/17/14,ARV,111-MZ-T30,30-Jun-15,Truck,Adult,30,0.15,SCMS from RDC,N/A - From RDC,5358
14331,ASN-4871,Generic,Vietnam,28-Sep-09,28-Sep-09,600mg,Tablet,Yes,1162.52,Direct Drop,"Efavirenz 600mg, tablets, 30 Tabs",44.95,3528,22932.0,PMO - US,Mylan (formerly Matrix) Nashik,Efavirenz,6.5,6/29/09,SCMS-48280,FPQ-3896,6/25/09,ARV,108-VN-T30,28-Sep-09,Air,Adult,30,0.22,MYLAN LABORATORIES LTD (FORMERLY MATRIX LABORATORIES),EXW,383
86431,DN-2470,Generic,Haiti,17-Jan-12,17-Jan-12,600mg,Tablet,Yes,20746.03,From RDC,"Efavirenz 600mg, tablets, 30 Tabs",233.96,33600,141792.0,PMO - US,"Strides, Bangalore, India.",Efavirenz,4.22,N/A - From RDC,SO-39744,FPQ-7653,05-11-11,ARV,106-HT-T30,31-Jan-12,Air,Adult,30,0.14,SCMS from RDC,N/A - From RDC,2047
72293,ASN-27557,Generic,Zambia,01-Oct-14,01-Oct-14,200mg,Tablet,Yes,34182.97,Direct Drop,"Nevirapine 200mg, tablets, 60 Tabs",224.1,100000,218000.0,PMO - US,Hetero Unit III Hyderabad IN,Nevirapine,2.18,5/20/14,SCMS-239800,FPQ-14151,4/30/14,ARV,110-ZM-T30,01-Oct-14,Air,Adult,60,0.04,HETERO LABS LIMITED,EXW,6304
15352,ASN-17672,Generic,Vietnam,29-Jan-13,29-Jan-13,10mg/ml,Oral solution,Yes,1222.31,Direct Drop,"Lamivudine 10mg/ml, oral solution w/syringe, Bottle, 240 ml",1.06,464,858.4,PMO - US,"Aurobindo Unit III, India",Lamivudine,1.85,11-09-12,SCMS-166120,FPQ-10811,10/15/12,ARV,108-VN-T30,29-Jan-13,Air,Pediatric,240,0.01,Aurobindo Pharma Limited,EXW,437
84396,DN-3844,Generic,Guyana,30-Jul-14,05-Sep-14,200/50mg,Tablet,No,See DN-3844 (ID#:82710),From RDC,"Lopinavir/Ritonavir 200/50mg, tablets, 120 Tabs",32.48,1603,31595.13,PMO - US,Mylan (formerly Matrix) Nashik,Lopinavir/Ritonavir,19.71,N/A - From RDC,SO-48520,FPQ-14042,04-09-14,ARV,105-GY-T30,30-Sep-14,Air,Adult,120,0.16,SCMS from RDC,N/A - From RDC,See DN-3844 (ID#:82710)
85902,DN-2870,Generic,CÃte dIvoire,05-Oct-12,05-Oct-12,600/200/300mg,Tablet - FDC,Yes,8158.93,From RDC,"Efavirenz/Emtricitabine/Tenofovir Disoproxil Fumarate 600/200/300mg, tablets, 30 Tabs",203.22,10080,144950.4,PMO - US,Mylan (formerly Matrix) Nashik,Efavirenz/Emtricitabine/Tenofovir Disoproxil Fumarate,14.38,N/A - From RDC,SO-41362,FPQ-9063,12/21/11,ARV,104-CI-T30,15-Oct-12,Truck,Adult,30,0.48,SCMS from RDC,N/A - From RDC,1143
11318,DN-1231,Generic,Mozambique,28-Jun-09,28-Jun-09,600mg,Tablet,No,See DN-1231 (ID#:11044),From RDC,"Efavirenz 600mg, tablets, 30 Tabs",369.59,19400,188568.0,PMO - US,Mylan (formerly Matrix) Nashik,Efavirenz,9.72,N/A - From RDC,SO-30440,Pre-PQ Process,Pre-PQ Process,ARV,111-MZ-T01,28-Jun-09,Truck,Adult,30,0.32,SCMS from RDC,N/A - From RDC,See DN-1231 (ID#:11044)
10838,DN-196,Generic,CÃte dIvoire,28-Jun-07,28-Jun-07,150/30mg,Tablet - FDC,No,See DN-196 (ID#:10573),From RDC,"Lamivudine/Stavudine 150/30mg, tablets, 30 Tabs",173.64,54263,108526.0,PMO - US,"Cipla, Goa, India",Lamivudine/Stavudine,2.0,N/A - From RDC,SO-603,Pre-PQ Process,Pre-PQ Process,ARV,104-CI-T01,28-Jun-07,MIssing,Adult,30,0.07,SCMS from RDC,N/A - From RDC,See DN-196 (ID#:10573)
52436,ASN-26738,Uni-Gold,"Congo, DRC",05-Sep-14,16-Sep-14,MIssing,Test kit,No,See ASN-26738 (ID#:15115),Direct Drop,"HIV 1/2, Uni-Gold HIV Kit, 20 Tests",0.07,2,64.0,PMO - US,"Trinity Biotech, Plc","HIV 1/2, Uni-Gold HIV Kit",32.0,5/20/14,SCMS-239410,FPQ-14100,4/23/14,HRDT,101-CD-T30,05-Sep-14,Air,HIV test,20,1.6,"Trinity Biotech, Plc",EXW,See ASN-26738 (ID#:15115)
18811,ASN-24149,Generic,CÃte dIvoire,07-Feb-14,10-Feb-14,100/25mg,Tablet,Yes,5924.33,Direct Drop,"Lopinavir/Ritonavir 100/25mg [Aluvia], tablets, 60 Tabs",33.8,4600,27324.0,PMO - US,ABBVIE Ludwigshafen Germany,Lopinavir/Ritonavir,5.94,9/17/13,SCMS-206530,FPQ-12806,08-09-13,ARV,104-CI-T30,07-Feb-14,Air,Pediatric,60,0.1,ABBVIE LOGISTICS (FORMERLY ABBOTT LOGISTICS BV),FCA,535
83976,DN-1642,Generic,CÃte dIvoire,15-Feb-10,15-Feb-10,200mg,Tablet,Yes,1083.3,From RDC,"Nevirapine 200mg, tablets, 60 Tabs",23.11,4319,11790.87,PMO - US,"Aurobindo Unit III, India",Nevirapine,2.73,N/A - From RDC,SO-35800,FPQ-4378,10/15/09,ARV,104-CI-T30,06-Apr-10,Air,Adult,60,0.05,SCMS from RDC,N/A - From RDC,409
83504,DN-2213,Generic,Nigeria,06-Jul-11,06-Jul-11,150/300mg,Tablet - FDC,No,See DN-2213 (ID#:82952),From RDC,"Lamivudine/Zidovudine 150/300mg, tablets, 60 Tabs",410.11,30091,248551.66,PMO - US,"Aurobindo Unit III, India",Lamivudine/Zidovudine,8.26,N/A - From RDC,SO-39580,FPQ-7217,2/21/11,ARV,151-NG-T30,15-Jun-11,Air Charter,Adult,60,0.14,SCMS from RDC,N/A - From RDC,See DN-2213 (ID#:82952)
77509,ASN-11476,Ziagen,South Africa,23-Sep-11,23-Sep-11,20mg/ml,Oral solution,Yes,7175.68,Direct Drop,"Abacavir 20mg/ml [Ziagen], oral solution, Bottle, 240 ml",306.24,20000,185600.0,PMO - US,GSK Mississauga (Canada),Abacavir,9.28,3/30/11,SCMS-104230,FPQ-7400,03-11-11,ARV,161-ZA-T30,23-Sep-11,Ocean,Pediatric,240,0.04,GLAXOSMITHKLINE EXPORT LIMITED,DDP,7670
17359,ASN-32138,Invirase,South Africa,12-May-15,12-May-15,200mg,Capsule,Yes,Freight Included in Commodity Cost,Direct Drop,"Saquinavir 200mg [Invirase], capsules, 270 Caps",0.17,3,166.54,PMO - US,Roche Madrid,Saquinavir,55.51,05-11-15,SCMS-259075,FPQ-14942,09-11-14,ARV,116-ZA-T30,12-May-15,Truck,Adult,270,0.21,PHARMACY DIRECT,DDP,Weight Captured Separately
10536,DN-13,Stocrin/Sustiva,Mozambique,08-Jan-07,08-Jan-07,50mg,Capsule,No,See DN-13 (ID#:10535),From RDC,"Efavirenz 50mg [Stocrin/Sustiva], capsule, 30 Caps",MIssing,341,1166.22,PMO - US,"MSD Manati, Puerto Rico, (USA)",Efavirenz,3.42,N/A - From RDC,SO-321,Pre-PQ Process,Pre-PQ Process,ARV,111-MZ-T01,08-Jan-07,Air,Pediatric,30,0.11,SCMS from RDC,N/A - From RDC,See DN-13 (ID#:10535)
84896,DN-3550,Generic,Zimbabwe,11-Feb-14,04-Mar-14,200mg,Tablet,Yes,3481.29,From RDC,"Efavirenz 200mg, scored tablets, 90 Tabs",56.63,5923,55083.9,PMO - US,"Strides, Bangalore, India.",Efavirenz,9.3,N/A - From RDC,SO-46951,FPQ-13109,10/17/13,ARV,103-ZW-T30,03-Mar-14,Truck,Pediatric,90,0.1,SCMS from RDC,N/A - From RDC,365
10970,DN-698,Crixivan,Mozambique,23-Jun-08,23-Jun-08,400mg,Capsule,Yes,4551.52,From RDC,"Indinavir 400mg [Crixivan], capsules, 180 Caps",114.24,1428,71400.0,PMO - US,"MSD, Haarlem, NL",Indinavir,50.0,N/A - From RDC,SO-1615,Pre-PQ Process,Pre-PQ Process,ARV,111-MZ-T01,23-Jun-08,Air,Adult,180,0.28,SCMS from RDC,N/A - From RDC,2955
10640,DN-445,Generic,Haiti,22-Jan-08,22-Jan-08,10mg/ml,Oral solution,Yes,38515.8,From RDC,"Lamivudine 10mg/ml, oral solution, Bottle, 240 ml",6.3,2000,3940.0,PMO - US,"Aurobindo Unit III, India",Lamivudine,1.97,N/A - From RDC,SO-1288,Pre-PQ Process,Pre-PQ Process,ARV,106-HT-T01,22-Jan-08,Air,Pediatric,240,0.01,SCMS from RDC,N/A - From RDC,4213
21568,ASN-11773,Bioline,CÃte dIvoire,12-Sep-11,12-Sep-11,MIssing,Test kit,Yes,5639.42,Direct Drop,"HIV 1/2, Bioline 3.0 Kit, Lancets, Capillary pipets, Alcohol swabs included, 25 Tests",39.9,1209,24180.0,PMO - US,"Standard Diagnostics, Korea","HIV 1/2, Bioline 3.0 Kit, Lancets, Capillary pipets, Alcohol swabs included",20.0,05-05-11,SCMS-106580,FPQ-7325,03-09-11,HRDT,104-CI-T30,12-Sep-11,Air,HIV test,25,0.8,"Standard Diagnostics, Inc.",EXW,403
10741,DN-849,Generic,Tanzania,22-Aug-08,22-Aug-08,150/300mg,Tablet - FDC,Yes,3482.59,From RDC,"Lamivudine/Zidovudine 150/300mg, tablets, 60 Tabs",697.98,46163,436240.35,PMO - US,"Aurobindo Unit III, India",Lamivudine/Zidovudine,9.45,N/A - From RDC,SO-2562,Pre-PQ Process,Pre-PQ Process,ARV,109-TZ-T01,22-Aug-08,Truck,Adult,60,0.16,SCMS from RDC,N/A - From RDC,4237
83073,DN-2833,Generic,Zambia,07-Sep-12,07-Sep-12,600mg,Tablet,No,See DN-2833 (ID#:82506),From RDC,"Efavirenz 600mg, tablets, 30 Tabs",1002.49,182876,715045.16,PMO - US,"Strides, Bangalore, India.",Efavirenz,3.91,N/A - From RDC,SO-41991,FPQ-9773,4/27/12,ARV,110-ZM-T30,25-Sep-12,Truck,Adult,30,0.13,SCMS from RDC,N/A - From RDC,See DN-2833 (ID#:82506)
11609,DN-1052,Generic,Ethiopia,03-Mar-09,03-Mar-09,150/30mg,Tablet - FDC,No,See DN-1052 (ID#:10737),From RDC,"Lamivudine/Stavudine 150/30mg, tablets, 30 Tabs",58.07,14814,29628.0,PMO - US,"Cipla, Goa, India",Lamivudine/Stavudine,2.0,N/A - From RDC,SO-22020,Pre-PQ Process,Pre-PQ Process,ARV,117-ET-T01,03-Mar-09,Air,Adult,30,0.07,SCMS from RDC,N/A - From RDC,See DN-1052 (ID#:10737)
85359,DN-3137,Generic,Uganda,15-May-13,15-May-13,30/50/60mg,Chewable/dispersible tablet - FDC,Yes,3426.68,From RDC,"Lamivudine/Nevirapine/Zidovudine 30/50/60mg, dispersible tablets, 60 Tabs",30.09,5861,24323.15,PMO - US,Mylan (formerly Matrix) Nashik,Lamivudine/Nevirapine/Zidovudine,4.15,N/A - From RDC,SO-43872,FPQ-11133,12/13/12,ARV,114-UG-T30,28-Jun-13,Truck,Pediatric,60,0.07,SCMS from RDC,N/A - From RDC,345
84244,DN-3101,Generic,Tanzania,14-May-13,14-May-13,30/50/6mg,Chewable/dispersible tablet - FDC,No,See DN-3101 (ID#:83672),From RDC,"Lamivudine/Nevirapine/Stavudine 30/50/6mg, dispersible tablets, 60 Tabs",33.02,11606,26693.8,PMO - US,"Cipla, Goa, India",Lamivudine/Nevirapine/Stavudine,2.3,N/A - From RDC,SO-44381,FPQ-11393,12/30/12,ARV,109-TZ-T30,31-May-13,Truck,Pediatric,60,0.04,SCMS from RDC,N/A - From RDC,See DN-3101 (ID#:83672)
85775,DN-2280,Generic,Zambia,05-Aug-11,05-Aug-11,300mg,Tablet,Yes,3949.19,From RDC,"Zidovudine 300mg, tablets, 60 Tabs",309.31,26000,187460.0,PMO - US,Hetero Unit III Hyderabad IN,Zidovudine,7.21,N/A - From RDC,SO-38731,FPQ-7085,02-03-11,ARV,110-ZM-T30,18-Aug-11,Truck,Adult,60,0.12,SCMS from RDC,N/A - From RDC,1405
36717,ASN-7633,Stat-Pak,CÃte dIvoire,03-Aug-10,03-Aug-10,MIssing,Test kit,Yes,6150.75,Direct Drop,"HIV 1/2, Stat-Pak HIV, Kit, 20 Tests",144.54,2483,67041.0,PMO - US,Chembio Diagnostics Sys. Inc.,"HIV 1/2, Stat-Pak HIV, Kit",27.0,06-07-10,SCMS-75360,FPQ-5207,2/25/10,HRDT,104-CI-T30,03-Aug-10,Air,HIV test,20,1.35,"CHEMBIO DIAGNOSTIC SYSTEMS, INC.",EXW,706
85284,DN-2764,Generic,Nigeria,24-Jul-12,24-Jul-12,150/300mg,Tablet - FDC,No,See DN-2764 (ID#:82494),From RDC,"Lamivudine/Zidovudine 150/300mg, tablets, 60 Tabs",278.29,25712,198496.64,PMO - US,"Aurobindo Unit III, India",Lamivudine/Zidovudine,7.72,N/A - From RDC,SO-42644,FPQ-9432,03-01-12,ARV,151-NG-T30,02-Aug-12,Air Charter,Adult,60,0.13,SCMS from RDC,N/A - From RDC,See DN-2764 (ID#:82494)
84920,DN-3655,Generic,CÃte dIvoire,01-May-14,11-Jun-14,600/300mg,Tablet - FDC,No,See DN-3655 (ID#:83237),From RDC,"Abacavir/Lamivudine 600/300mg, tablets, 30 Tabs",45.74,3291,44494.32,PMO - US,"Aurobindo Unit III, India",Abacavir/Lamivudine,13.52,N/A - From RDC,SO-47130,FPQ-13142,10/22/13,ARV,104-CI-T30,21-Apr-14,Truck,Adult,30,0.45,SCMS from RDC,N/A - From RDC,See DN-3655 (ID#:83237)
85746,DN-2131,Aluvia,Ethiopia,11-Mar-11,11-Mar-11,200/50mg,Tablet,Yes,3600.65,From RDC,"Lopinavir/Ritonavir 200/50mg [Aluvia], tablets, 120 Tabs",159.9,2680,96908.8,PMO - US,ABBVIE Ludwigshafen Germany,Lopinavir/Ritonavir,36.16,N/A - From RDC,SO-38430,FPQ-7000,01-07-11,ARV,117-ET-T30,10-Mar-11,Air,Adult,120,0.3,SCMS from RDC,N/A - From RDC,549
21076,ASN-20150,First Response,Kenya,05-Aug-13,05-Aug-13,MIssing,Test kit,Yes,10682.41,Direct Drop,"HIV 1/2/O, First Response HIV 1-2.0, v.3.0 Cards Kit, 30 Tests",181.44,6667,146674.0,PMO - US,Premier Med. Corp Ltd. India,"HIV 1/2/O, First Response HIV 1-2.0, v.3.0 Cards Kit",22.0,5/15/13,SCMS-184970,FPQ-11883,3/25/13,HRDT,101-KE-T30,05-Aug-13,Air,HIV test,30,0.73,Premier Medical Corporation Ltd.,EXW,2020
85251,DN-2615,Generic,Mozambique,10-May-12,10-May-12,150/200/30mg,Tablet - FDC,Yes,3580.36,From RDC,"Lamivudine/Nevirapine/Stavudine 150/200/30mg, tablets, 60 Tabs",41.42,4666,25103.08,PMO - US,"Strides, Bangalore, India.",Lamivudine/Nevirapine/Stavudine,5.38,N/A - From RDC,SO-40383,FPQ-8157,08-04-11,ARV,111-MZ-T30,07-May-12,Truck,Adult,60,0.09,SCMS from RDC,N/A - From RDC,346
3748,ASN-4670,Generic,South Africa,17-Apr-09,17-Apr-09,600mg,Tablet,Yes,Freight Included in Commodity Cost,Direct Drop,"Efavirenz 600mg, tablets, 30 Tabs",8.46,282,4314.6,PMO - US,"Aurobindo Unit III, India",Efavirenz,15.3,3/13/09,SCMS-41100,Pre-PQ Process,Pre-PQ Process,ARV,116-ZA-T01,17-Jun-09,Air,Adult,30,0.51,S. BUYS WHOLESALER,DDP,Weight Captured Separately
83484,DN-2112,Generic,Zambia,15-Feb-11,15-Feb-11,300mg,Tablet,Yes,8045.76,From RDC,"Zidovudine 300mg, tablets, 60 Tabs",167.51,10776,77694.96,PMO - US,"Aurobindo Unit III, India",Zidovudine,7.21,N/A - From RDC,SO-37360,FPQ-6222,8/20/10,ARV,110-ZM-T30,26-Feb-11,Truck,Adult,60,0.12,SCMS from RDC,N/A - From RDC,586
64438,ASN-28220,Aluvia,Vietnam,29-Oct-14,04-Nov-14,200/50mg,Tablet,Yes,4881.42,Direct Drop,"Lopinavir/Ritonavir 200/50mg [Aluvia], tablets, 120 Tabs",437.66,7000,425740.0,PMO - US,ABBVIE Ludwigshafen Germany,Lopinavir/Ritonavir,60.82,4/30/14,SCMS-236090,FPQ-13976,04-08-14,ARV,108-VN-T30,29-Oct-14,Air,Adult,120,0.51,ABBVIE LOGISTICS (FORMERLY ABBOTT LOGISTICS BV),FCA,1714
86472,DN-2656,Generic,Zimbabwe,25-May-12,25-May-12,150/200/30mg,Tablet - FDC,No,See DN-2656 (ID#:83032),From RDC,"Lamivudine/Nevirapine/Stavudine 150/200/30mg, tablets, 60 Tabs",550.84,71030,333841.0,PMO - US,"Strides, Bangalore, India.",Lamivudine/Nevirapine/Stavudine,4.7,N/A - From RDC,SO-40870,FPQ-8464,10-04-11,ARV,113-ZW-T30,12-Jun-12,Truck,Adult,60,0.08,SCMS from RDC,N/A - From RDC,See DN-2656 (ID#:83032)
82304,DN-1709,Generic,Nigeria,31-Mar-10,31-Mar-10,600mg,Tablet,Yes,Freight Included in Commodity Cost,From RDC,"Efavirenz 600mg, tablets, 30 Tabs",88.48,8000,41040.0,PMO - US,"Aurobindo Unit III, India",Efavirenz,5.13,N/A - From RDC,SO-34910,FPQ-4537,11-06-09,ARV,151-NG-T30,19-Apr-10,Air Charter,Adult,30,0.17,SCMS from RDC,N/A - From RDC,687
82370,DN-2121,Generic,Uganda,22-Mar-11,22-Mar-11,150/300/200mg,Tablet - FDC,Yes,104604.06,From RDC,"Lamivudine/Nevirapine/Zidovudine 150/200/300mg, tablets, 60 Tabs",2839.15,117367,1316857.74,PMO - US,"Aurobindo Unit III, India",Lamivudine/Nevirapine/Zidovudine,11.22,N/A - From RDC,SO-37560,FPQ-6427,9/29/10,ARV,114-UG-T30,28-Feb-11,Truck,Adult,60,0.19,SCMS from RDC,N/A - From RDC,17496
36603,ASN-25803,Generic,Vietnam,07-Jun-14,07-Jun-14,200mg,Tablet,Yes,1338.19,Direct Drop,"Nevirapine 200mg, tablets, 60 Tabs",17.12,7400,16650.0,PMO - US,"Aurobindo Unit III, India",Nevirapine,2.25,03-10-14,SCMS-226240,FPQ-13524,02-06-14,ARV,108-VN-T30,07-Jun-14,Air,Adult,60,0.04,Aurobindo Pharma Limited,EXW,730
37140,ASN-10816,Invirase,Mozambique,24-May-11,24-May-11,200mg,Capsule,No,See ASN-10816 (ID#:28664),Direct Drop,"Saquinavir 200mg [Invirase], capsules, 270 Caps",76.52,448,46377.58,PMO - US,Roche Basel,Saquinavir,103.52,02-08-11,SCMS-98420,FPQ-7054,1/21/11,ARV,111-MZ-T30,24-May-11,Air,Adult,270,0.38,Hoffmann-La Roche ltd Basel,FCA,See ASN-10816 (ID#:28664)
84193,DN-2876,Generic,Uganda,08-Nov-12,08-Nov-12,600mg,Tablet,Yes,3990,From RDC,"Efavirenz 600mg, tablets, 30 Tabs",41.5,8132,29600.48,PMO - US,"Aurobindo Unit III, India",Efavirenz,3.64,N/A - From RDC,SO-41590,FPQ-9355,2/20/12,ARV,114-UG-T30,08-Nov-12,Truck,Adult,30,0.12,SCMS from RDC,N/A - From RDC,690
64989,ASN-19273,Uni-Gold,South Sudan,29-Jun-13,29-Jun-13,MIssing,Test kit,Yes,1412.9,Direct Drop,"HIV 1/2, Uni-Gold HIV Kit, 20 Tests",4.95,125,4000.0,PMO - US,"Trinity Biotech, Plc","HIV 1/2, Uni-Gold HIV Kit",32.0,2/22/13,SCMS-176921,FPQ-11538,1/24/13,HRDT,105-SS-T30,29-Jun-13,Air,HIV test,20,1.6,"Trinity Biotech, Plc",EXW,40
12899,DN-1341,Generic,Nigeria,04-Aug-09,04-Aug-09,150/300/200mg,Tablet - FDC,Yes,7445.8,From RDC,"Lamivudine/Nevirapine/Zidovudine 150/200/300mg, tablets, 60 Tabs",28.33,1268,14455.2,PMO - US,"Aurobindo Unit III, India",Lamivudine/Nevirapine/Zidovudine,11.4,N/A - From RDC,SO-32647,Pre-PQ Process,Date Not Captured,ARV,151-NG-T01,04-Aug-09,Air Charter,Adult,60,0.19,SCMS from RDC,N/A - From RDC,143
83499,DN-2189,Generic,Uganda,03-May-11,03-May-11,600/200/300mg,Tablet - FDC,Yes,2305.65,From RDC,"Efavirenz/Emtricitabine/Tenofovir Disoproxil Fumarate 600/200/300mg, tablets, 30 Tabs",23.66,720,14342.4,PMO - US,Mylan (formerly Matrix) Nashik,Efavirenz/Emtricitabine/Tenofovir Disoproxil Fumarate,19.92,N/A - From RDC,SO-38790,FPQ-7165,2/14/11,ARV,114-UG-T30,11-Mar-11,Air,Adult,30,0.66,SCMS from RDC,N/A - From RDC,79
85328,DN-2997,Generic,Nigeria,11-Feb-13,11-Feb-13,150/300mg,Tablet - FDC,Yes,29780.5,From RDC,"Lamivudine/Zidovudine 150/300mg, tablets, 60 Tabs",232.29,22790,165683.3,PMO - US,Hetero Unit III Hyderabad IN,Lamivudine/Zidovudine,7.27,N/A - From RDC,SO-43045,FPQ-10477,08-09-12,ARV,151-NG-T30,11-Feb-13,Air Charter,Adult,60,0.12,SCMS from RDC,N/A - From RDC,22259
85279,DN-2744,Generic,Uganda,26-Jul-12,26-Jul-12,150mg,Tablet,No,See DN-2744 (ID#:82490),From RDC,"Lamivudine 150mg, tablets, 60 Tabs",2.6,834,1851.48,PMO - US,Macleods Daman Plant INDIA,Lamivudine,2.22,N/A - From RDC,SO-41593,FPQ-9355,2/20/12,ARV,114-UG-T30,05-Sep-12,Truck,Adult,60,0.04,SCMS from RDC,N/A - From RDC,See DN-2744 (ID#:82490)
1068,ASN-3625,Epivir,South Africa,30-Dec-08,30-Dec-08,10mg/ml,Oral solution,Yes,Freight Included in Commodity Cost,Direct Drop,"Lamivudine 10mg/ml [Epivir], oral solution, Bottle, 240 ml",20.6,1800,10512.0,PMO - US,GSK Mississauga (Canada),Lamivudine,5.84,Date Not Captured,SCMS-41070,Pre-PQ Process,Pre-PQ Process,ARV,116-ZA-T01,12-May-09,Air,Pediatric,240,0.02,S. BUYS WHOLESALER,DDP,Weight Captured Separately
4432,ASN-1680,Determine,Haiti,03-Jan-08,03-Jan-08,MIssing,Test kit,Yes,Freight Included in Commodity Cost,Direct Drop,"HIV 1/2, Determine Complete HIV Kit, 100 Tests",4.08,30,2550.0,PMO - US,Inverness Japan,"HIV 1/2, Determine Complete HIV Kit",85.0,4/28/08,SCMS-22780,Pre-PQ Process,Pre-PQ Process,HRDT,106-HT-T01,18-Apr-08,Air,HIV test,100,0.85,REINBOLD EXPORT IMPORT,DDP,Weight Captured Separately
83023,DN-2603,Generic,Uganda,27-Mar-12,27-Mar-12,200mg,Tablet,Yes,4322.6,From RDC,"Nevirapine 200mg, tablets, 60 Tabs",20.85,5924,14869.24,PMO - US,"Strides, Bangalore, India.",Nevirapine,2.51,N/A - From RDC,SO-41630,FPQ-9354,2/20/12,ARV,114-UG-T30,03-May-12,Air,Adult,60,0.04,SCMS from RDC,N/A - From RDC,1421
85454,DN-3623,Generic,Mozambique,03-Jun-14,11-Jun-14,300/300mg,Tablet - FDC,Yes,3590,From RDC,"Lamivudine/Tenofovir Disoproxil Fumarate 300/300mg, tablets, 30 Tabs",16.7,3456,16243.2,PMO - US,Hetero Unit III Hyderabad IN,Lamivudine/Tenofovir Disoproxil Fumarate,4.7,N/A - From RDC,SO-47701,FPQ-13575,1/17/14,ARV,111-MZ-T30,31-Aug-14,Truck,Adult,30,0.16,SCMS from RDC,N/A - From RDC,358
65717,ASN-13290,Generic,South Africa,27-Jan-12,27-Jan-12,10mg/ml,Oral solution,Yes,11534.48,Direct Drop,"Lamivudine 10mg/ml, oral solution, Bottle, 240 ml",169.95,50000,103000.0,PMO - US,"Cipla, Goa, India",Lamivudine,2.06,3/28/11,SCMS-103830,FPQ-7175,03-10-11,ARV,161-ZA-T30,27-Jan-12,Ocean,Pediatric,240,0.01,CIPLA LIMITED,DDP,18417
25019,ASN-28021,Generic,South Africa,28-Aug-14,28-Aug-14,150mg,Tablet,No,Freight Included in Commodity Cost,Direct Drop,"Lamivudine 150mg, tablets, 60 Tabs",2.07,220,2011.46,PMO - US,"Aurobindo Unit III, India",Lamivudine,9.14,8/28/14,SCMS-238553,FPQ-13973,4/30/14,ARV,116-ZA-T30,28-Aug-14,Truck,Adult,60,0.15,PHARMACY DIRECT,DDP,Weight Captured Separately
83559,DN-2504,Generic,"Congo, DRC",03-Apr-12,03-Apr-12,10mg/ml,Oral suspension,Yes,1535.56,From RDC,"Nevirapine 10mg/ml, oral suspension w/syringe, Bottle, 240 ml",0.51,186,362.7,PMO - US,"Aurobindo Unit III, India",Nevirapine,1.95,N/A - From RDC,SO-41140,FPQ-8840,11/21/11,ARV,101-CD-T30,16-Mar-12,Air,Pediatric,240,0.01,SCMS from RDC,N/A - From RDC,81
84824,DN-3199,Generic,Nigeria,29-May-13,29-May-13,600mg,Tablet,No,See DN-3199 (ID#:84270),From RDC,"Efavirenz 600mg, tablets, 30 Tabs",262.02,63610,211821.3,PMO - US,"Aurobindo Unit III, India",Efavirenz,3.33,N/A - From RDC,SO-43850,FPQ-11022,11/15/12,ARV,151-NG-T30,04-Jun-13,Air Charter,Adult,30,0.11,SCMS from RDC,N/A - From RDC,See DN-3199 (ID#:84270)
2632,ASN-4600,Aluvia,Guyana,07-Aug-09,07-Aug-09,200/50mg,Tablet,Yes,314,Direct Drop,"Lopinavir/Ritonavir 200/50mg [Aluvia], tablets, 120 Tabs",440.27,2733,224625.27,PMO - US,ABBVIE Ludwigshafen Germany,Lopinavir/Ritonavir,82.19,7/15/09,SCMS-48690,Pre-PQ Process,Pre-PQ Process,ARV,105-GY-T01,07-Aug-09,Air,Adult,120,0.68,ABBOTT LABORATORIES (PUERTO RICO),CIP,589
83436,DN-1873,Generic,CÃte dIvoire,30-Jun-10,30-Jun-10,10mg/ml,Oral solution,No,See DN-1873 (ID#:82329),From RDC,"Zidovudine 10mg/ml, oral solution, Bottle, 240 ml",31.72,7284,14713.68,PMO - US,"Aurobindo Unit III, India",Zidovudine,2.02,N/A - From RDC,SO-36340,FPQ-5201,03-03-10,ARV,104-CI-T30,12-Jul-10,Air,Pediatric,240,0.01,SCMS from RDC,N/A - From RDC,See DN-1873 (ID#:82329)
84579,DN-1944,Generic,Haiti,21-Jul-10,21-Jul-10,150/300mg,Tablet - FDC,Yes,25670.1,From RDC,"Lamivudine/Zidovudine 150/300mg, tablets, 60 Tabs",601.27,31836,278883.36,PMO - US,Mylan (formerly Matrix) Nashik,Lamivudine/Zidovudine,8.76,N/A - From RDC,SO-35420,FPQ-4384,10/23/09,ARV,106-HT-T30,01-Aug-10,Air,Adult,60,0.15,SCMS from RDC,N/A - From RDC,2565
68872,ASN-16320,Generic,Uganda,21-Sep-12,21-Sep-12,300/100mg,Tablet,Yes,935.89,Direct Drop,"Atazanavir/Ritonavir 300/100mg, tablets, 30 Tabs",39.81,1262,28395.0,PMO - US,Mylan (formerly Matrix) Nashik,Atazanavir/Ritonavir,22.5,6/26/12,SCMS-149960,FPQ-9923,5/28/12,ARV,114-UG-T30,21-Sep-12,Air,Adult,30,0.75,MYLAN LABORATORIES LTD (FORMERLY MATRIX LABORATORIES),EXW,173
12446,DN-506,Generic,Zambia,19-Dec-07,19-Dec-07,200mg,Tablet,Yes,24405,From RDC,"Nevirapine 200mg, tablets, 60 Tabs",422.82,77724,264261.6,PMO - US,"Cipla, Goa, India",Nevirapine,3.4,N/A - From RDC,SO-1316,Pre-PQ Process,Pre-PQ Process,ARV,110-ZM-T01,19-Dec-07,Truck,Adult,60,0.06,SCMS from RDC,N/A - From RDC,8554
2892,ASN-1483,Videx EC,Uganda,31-Mar-08,31-Mar-08,400mg,Delayed-release capsules - blister,Yes,Freight Included in Commodity Cost,Direct Drop,"Didanosine EC 400mg [Videx EC], delayed-release capsules, Blister 3 x 10 Caps",5.3,140,3313.8,PMO - US,"BMS Meymac, France",Didanosine EC,23.67,10-03-07,SCMS-13510,Pre-PQ Process,Pre-PQ Process,ARV,114-UG-T01,31-Mar-08,Air,Adult,30,0.79,BRISTOL-MYERS SQUIBB,CIP,6
19924,ASN-31452,Determine,Haiti,05-May-15,11-May-15,MIssing,Test kit,Yes,21256.43,Direct Drop,"HIV 1/2, Determine Complete HIV Kit, 100 Tests",741.75,6302,630200.0,PMO - US,"Alere Medical Co., Ltd.","HIV 1/2, Determine Complete HIV Kit",100.0,11-05-14,SCMS-260780,FPQ-15102,10-10-14,HRDT,106-HT-T30,05-May-15,Air,HIV test,100,1.0,"Orgenics, Ltd",EXW,2557
82386,DN-2234,Generic,Ethiopia,01-Jun-11,01-Jun-11,300/300mg,Tablet - FDC,Yes,Invoiced Separately,From RDC,"Lamivudine/Tenofovir Disoproxil Fumarate 300/300mg, tablets, 30 Tabs",392.41,27558,237825.54,PMO - US,Mylan (formerly Matrix) Nashik,Lamivudine/Tenofovir Disoproxil Fumarate,8.63,N/A - From RDC,SO-39770,FPQ-7798,5/23/11,ARV,117-ET-T30,21-Jun-11,Air,Adult,30,0.29,SCMS from RDC,N/A - From RDC,Weight Captured Separately
11942,DN-945,Generic,Haiti,27-Oct-08,27-Oct-08,600mg,Tablet,No,See DN-945 (ID#:11018),From RDC,"Efavirenz 600mg, tablets, 30 Tabs",37.65,2139,23529.0,PMO - US,"Aurobindo Unit III, India",Efavirenz,11.0,N/A - From RDC,SO-15950,Pre-PQ Process,Pre-PQ Process,ARV,106-HT-T01,27-Oct-08,Air,Adult,30,0.37,SCMS from RDC,N/A - From RDC,See DN-945 (ID#:11018)
83176,DN-3382,Generic,Burundi,22-Nov-13,27-Nov-13,300/300mg,Tablet - FDC,Yes,1527.29,From RDC,"Lamivudine/Tenofovir Disoproxil Fumarate 300/300mg, tablets, 30 Tabs",11.16,1920,9024.0,PMO - US,Mylan (formerly Matrix) Nashik,Lamivudine/Tenofovir Disoproxil Fumarate,4.7,N/A - From RDC,SO-46030,FPQ-12602,07-09-13,ARV,102-BI-T30,15-Nov-13,Air,Adult,30,0.16,SCMS from RDC,N/A - From RDC,160
49150,ASN-14783,Stat-Pak,Ethiopia,09-May-12,09-May-12,MIssing,Test kit,Yes,Invoiced Separately,Direct Drop,"HIV 1/2, Stat-Pak HIV, Kit, 20 Tests",1.79,44,1276.0,PMO - US,Chembio Diagnostics Sys. Inc.,"HIV 1/2, Stat-Pak HIV, Kit",29.0,1/23/12,SCMS-133370,FPQ-9096,01-05-12,HRDT,117-ET-T30,09-May-12,Air,HIV test,20,1.45,"CHEMBIO DIAGNOSTIC SYSTEMS, INC.",EXW,Weight Captured Separately
43805,ASN-27086,Generic,Haiti,20-Oct-14,24-Oct-14,150/300mg,Tablet - FDC,Yes,1922.5,Direct Drop,"Lamivudine/Zidovudine 150/300mg, tablets, 60 Tabs",62.7,9227,60990.47,PMO - US,Hetero Unit III Hyderabad IN,Lamivudine/Zidovudine,6.61,05-05-14,SCMS-234040,FPQ-13797,3/20/14,ARV,106-HT-T30,20-Oct-14,Ocean,Adult,60,0.11,HETERO LABS LIMITED,EXW,813
55679,ASN-17083,Determine,Tanzania,30-Nov-12,30-Nov-12,MIssing,Test kit,Yes,22158.58,Direct Drop,"HIV 1/2, Determine Complete HIV Kit, 100 Tests",307.77,2744,219520.0,PMO - US,"Alere Medical Co., Ltd.","HIV 1/2, Determine Complete HIV Kit",80.0,10-04-12,SCMS-157661,FPQ-10396,7/31/12,HRDT,900-TZ-T30,07-Dec-12,Air,HIV test,100,0.8,"Orgenics, Ltd",EXW,1303
52725,ASN-10241,Uni-Gold,Sudan,23-Apr-11,23-Apr-11,MIssing,Test kit,Yes,1595.38,Direct Drop,"HIV 1/2, Uni-Gold HIV Kit, 20 Tests",6.97,132,4224.0,PMO - US,"Trinity Biotech, Plc","HIV 1/2, Uni-Gold HIV Kit",32.0,2/25/11,SCMS-100470,FPQ-6991,02-05-11,HRDT,102-SD-T30,23-Apr-11,Air,HIV test,20,1.6,"Trinity Biotech, Plc",EXW,50
44486,ASN-24415,Generic,South Africa,06-Feb-14,06-Feb-14,50mg,Capsule,No,Freight Included in Commodity Cost,Direct Drop,"Efavirenz 50mg, capsule, 30 Caps",0.67,182,541.83,PMO - US,"Aurobindo Unit III, India",Efavirenz,2.98,12-02-13,SCMS-215370,FPQ-13035,10-08-13,ARV,116-ZA-T30,06-Feb-14,Truck,Pediatric,30,0.1,S. BUYS WHOLESALER,DDP,Weight Captured Separately
10964,DN-794,Generic,Uganda,11-Jul-08,11-Jul-08,10mg/ml,Oral solution,Yes,10314.28,From RDC,"Zidovudine 10mg/ml, oral solution, Bottle, 240 ml",14.43,4296,9021.6,PMO - US,"Aurobindo Unit III, India",Zidovudine,2.1,N/A - From RDC,SO-2791,Pre-PQ Process,Pre-PQ Process,ARV,114-UG-T01,11-Jul-08,Air,Pediatric,240,0.01,SCMS from RDC,N/A - From RDC,1600
85263,DN-2667,Generic,Haiti,06-Jun-12,06-Jun-12,300/300mg,Tablet - FDC,Yes,53775.56,From RDC,"Lamivudine/Tenofovir Disoproxil Fumarate 300/300mg, tablets, 30 Tabs",395.56,50928,282141.12,PMO - US,"Cipla, Kurkumbh, India",Lamivudine/Tenofovir Disoproxil Fumarate,5.54,N/A - From RDC,SO-41310,FPQ-9056,12/20/11,ARV,106-HT-T30,29-Jun-12,Air,Adult,30,0.18,SCMS from RDC,N/A - From RDC,5456
82877,DN-1765,Generic,Uganda,12-Apr-10,12-Apr-10,200mg,Tablet,Yes,7383.9,From RDC,"Nevirapine 200mg, tablets, 60 Tabs",29.43,5000,13650.0,PMO - US,"Aurobindo Unit III, India",Nevirapine,2.73,N/A - From RDC,SO-36080,FPQ-5238,03-02-10,ARV,114-UG-T30,26-May-10,Air,Adult,60,0.05,SCMS from RDC,N/A - From RDC,861
72239,ASN-32108,Determine,South Sudan,07-Jul-15,07-Jul-15,MIssing,Test kit - Ancillary,No,See ASN-32108 (ID#:53922),Direct Drop,"Capillary Tubes, for Determine, EDTA, 50uL,100 Pcs",0.14,15,120.0,PMO - US,"Alere Medical Co., Ltd.","HIV, Capillary Tubes, for Determine, EDTA, 50uL,100 Pcs",8.0,2/20/15,SCMS-272170,FPQ-15569,12/29/14,HRDT,105-SS-T30,02-Jul-15,Air,HIV test - Ancillary,100,0.08,"Orgenics, Ltd",EXW,See ASN-32108 (ID#:53922)
18708,ASN-27034,Generic,Zimbabwe,23-Jul-14,29-Jul-14,300/300mg,Tablet - FDC,Yes,23014.35,Direct Drop,"Lamivudine/Tenofovir Disoproxil Fumarate 300/300mg, tablets, 30 Tabs",171.87,35955,167190.75,PMO - US,"Aurobindo Unit VII, IN",Lamivudine/Tenofovir Disoproxil Fumarate,4.65,5/26/14,SCMS-240580,FPQ-13939,04-01-14,ARV,113-ZW-T30,23-Jul-14,Air Charter,Adult,30,0.16,Aurobindo Pharma Limited,EXW,3520
39606,ASN-5953,Uni-Gold,Mozambique,23-Feb-10,23-Feb-10,MIssing,Test kit,Yes,21087.7,Direct Drop,"HIV 1/2, Uni-Gold HIV Kit, 20 Tests",162.82,2360,75520.0,PMO - US,"Trinity Biotech, Plc","HIV 1/2, Uni-Gold HIV Kit",32.0,01-08-10,SCMS-62690,FPQ-4739,12-10-09,HRDT,111-MZ-T30,23-Feb-10,Air,HIV test,20,1.6,"Trinity Biotech, Plc",EXW,1636
12864,DN-1123,Generic,Nigeria,19-Mar-09,19-Mar-09,600mg,Tablet,Yes,Freight Included in Commodity Cost,From RDC,"Efavirenz 600mg, tablets, 30 Tabs",304.82,16000,155520.0,PMO - US,"Aurobindo Unit III, India",Efavirenz,9.72,N/A - From RDC,SO-22800,Pre-PQ Process,Pre-PQ Process,ARV,131-NG-T01,19-Mar-09,Air Charter,Adult,30,0.32,SCMS from RDC,N/A - From RDC,1364
85997,DN-3314,Aluvia,Tanzania,08-Oct-13,23-Oct-13,200/50mg,Tablet,Yes,6052.1,From RDC,"Lopinavir/Ritonavir 200/50mg [Aluvia], tablets, 120 Tabs",429.38,17167,347116.74,PMO - US,ABBVIE Ludwigshafen Germany,Lopinavir/Ritonavir,20.22,N/A - From RDC,SO-45000,FPQ-12015,04-02-13,ARV,109-TZ-T30,31-Oct-13,Truck,Adult,120,0.17,SCMS from RDC,N/A - From RDC,3547
83340,DN-4290,Generic,Nigeria,02-Jun-15,17-Jun-15,150/300/200mg,Tablet - FDC,Yes,84944.83,From RDC,"Lamivudine/Nevirapine/Zidovudine 150/200/300mg, tablets, 60 Tabs",1406.96,177285,1368640.2,PMO - US,Mylan (formerly Matrix) Nashik,Lamivudine/Nevirapine/Zidovudine,7.72,N/A - From RDC,SO-51427,FPQ-14989,9/19/14,ARV,151-NG-T30,30-Jun-15,Air Charter,Adult,60,0.13,SCMS from RDC,N/A - From RDC,41904
83195,DN-3457,Generic,Zimbabwe,13-Jan-14,23-Jan-14,20mg/ml,Oral solution,No,See DN-3457 (ID#:82626),From RDC,"Abacavir 20mg/ml, oral solution w/syringe, Bottle, 240 ml",2.04,194,1650.94,PMO - US,"Aurobindo Unit III, India",Abacavir,8.51,N/A - From RDC,SO-45130,FPQ-12086,4/19/13,ARV,103-ZW-T30,31-Jan-14,Truck,Pediatric,240,0.04,SCMS from RDC,N/A - From RDC,See DN-3457 (ID#:82626)
12352,DN-193,Generic,CÃte dIvoire,28-Jun-07,28-Jun-07,300mg,Tablet,No,See DN-193 (ID#:11387),From RDC,"Abacavir 300mg, tablets, 60 Tabs",120.29,2100,75180.0,PMO - US,"Aurobindo Unit III, India",Abacavir,35.8,N/A - From RDC,SO-585,Pre-PQ Process,Pre-PQ Process,ARV,104-CI-T01,28-Jun-07,MIssing,Adult,60,0.6,SCMS from RDC,N/A - From RDC,See DN-193 (ID#:11387)
85969,DN-3173,Generic,Nigeria,10-May-13,10-May-13,600mg,Tablet,No,See DN-3173 (ID#:83687),From RDC,"Efavirenz 600mg, tablets, 30 Tabs",193.98,47091,156813.03,PMO - US,"Strides, Bangalore, India.",Efavirenz,3.33,N/A - From RDC,SO-43852,FPQ-11022,11/15/12,ARV,151-NG-T30,04-Jun-13,Air Charter,Adult,30,0.11,SCMS from RDC,N/A - From RDC,See DN-3173 (ID#:83687)
60026,ASN-6724,Retrovir,South Africa,01-Apr-10,01-Apr-10,300mg,Tablet,No,Freight Included in Commodity Cost,Direct Drop,"Zidovudine 300mg [Retrovir], tablets, 60 Tabs",6.59,200,3058.27,PMO - US,GSK Ware (UK),Zidovudine,15.29,3/25/10,SCMS-69590,FPQ-5381,3/23/10,ARV,116-ZA-T30,01-Apr-10,Truck,Adult,60,0.25,S. BUYS WHOLESALER,DDP,Weight Captured Separately
84991,DN-3954,Generic,"Congo, DRC",14-Apr-15,14-Apr-15,200mg,Tablet,No,See DN-3954 (ID#:82743),From RDC,"Nevirapine 200mg, tablets, 60 Tabs",13.11,5850,12753.0,PMO - US,Hetero Unit III Hyderabad IN,Nevirapine,2.18,N/A - From RDC,SO-49310,FPQ-14576,7/14/14,ARV,101-CD-T30,14-Apr-15,Air,Adult,60,0.04,SCMS from RDC,N/A - From RDC,See DN-3954 (ID#:82743)
51046,ASN-17428,Generic,Vietnam,26-Dec-12,26-Dec-12,200mg,Tablet,Yes,5180.86,Direct Drop,"Nevirapine 200mg, tablets, 60 Tabs",50.3,15945,35876.25,PMO - US,"Aurobindo Unit III, India",Nevirapine,2.25,9/24/12,SCMS-160980,FPQ-10643,9/18/12,ARV,108-VN-T30,26-Dec-12,Air,Adult,60,0.04,Aurobindo Pharma Limited,EXW,1479
73003,ASN-29375,Generic,Vietnam,17-Dec-14,17-Dec-14,600/300/300mg,Tablet - FDC,Yes,4084.56,Direct Drop,"Efavirenz/Lamivudine/Tenofovir Disoproxil Fumarate 600/300/300mg, tablets, 30 Tabs",207.24,19200,201600.0,PMO - US,Hetero Unit III Hyderabad IN,Efavirenz/Lamivudine/Tenofovir Disoproxil Fumarate,10.5,08-11-14,SCMS-249050,FPQ-14516,07-09-14,ARV,108-VN-T30,17-Dec-14,Air,Adult,30,0.35,HETERO LABS LIMITED,EXW,2719
57540,ASN-20218,Generic,"Congo, DRC",28-Nov-13,03-Dec-13,200mg,Delayed-release capsules,No,See ASN-20218 (ID#:20450),Direct Drop,"Didanosine 200mg, delayed-release capsules, 30 Caps",1.02,75,825.0,PMO - US,"Aurobindo Unit III, India",Didanosine,11.0,5/17/13,SCMS-189070,FPQ-12093,4/23/13,ARV,101-CD-T30,28-Nov-13,Air,Pediatric,30,0.37,Aurobindo Pharma Limited,EXW,See ASN-20218 (ID#:20450)
83483,DN-2106,Generic,CÃte dIvoire,22-Feb-11,22-Feb-11,150/300mg,Tablet - FDC,No,See DN-2106 (ID#:82933),From RDC,"Lamivudine/Zidovudine 150/300mg, tablets, 60 Tabs",341.15,18507,158234.85,PMO - US,"Aurobindo Unit III, India",Lamivudine/Zidovudine,8.55,N/A - From RDC,SO-38380,FPQ-6144,08-03-10,ARV,104-CI-T30,31-Jan-11,Air,Adult,60,0.14,SCMS from RDC,N/A - From RDC,See DN-2106 (ID#:82933)
10644,DN-486,Generic,Zambia,06-Dec-07,06-Dec-07,50mg,Capsule,Yes,1370.28,From RDC,"Efavirenz 50mg, capsule, 30 Caps",16.24,3690,10147.5,PMO - US,"Aurobindo Unit III, India",Efavirenz,2.75,N/A - From RDC,SO-1029,Pre-PQ Process,Pre-PQ Process,ARV,110-ZM-T01,06-Dec-07,MIssing,Pediatric,30,0.09,SCMS from RDC,N/A - From RDC,226
35896,ASN-23622,Generic,Vietnam,22-Jan-14,22-Jan-14,150/300/200mg,Tablet - FDC,Yes,5764.28,Direct Drop,"Lamivudine/Nevirapine/Zidovudine 150/200/300mg, tablets, 60 Tabs",268.15,26598,216773.7,PMO - US,"Aurobindo Unit III, India",Lamivudine/Nevirapine/Zidovudine,8.15,5/17/13,SCMS-188670,FPQ-12051,05-03-13,ARV,108-VN-T30,22-Jan-14,Air,Adult,60,0.14,Aurobindo Pharma Limited,EXW,3301
15368,ASN-6266,Generic,Vietnam,19-Mar-10,19-Mar-10,150mg,Tablet,Yes,20910.43,Direct Drop,"Lamivudine 150mg, tablets, 60 Tabs",115.15,24480,58752.0,PMO - US,"Aurobindo Unit III, India",Lamivudine,2.4,11/13/09,SCMS-57130,FPQ-4265,10/20/09,ARV,108-VN-T30,19-Mar-10,Air,Adult,60,0.04,Aurobindo Pharma Limited,EXW,3536
12616,DN-1471,Generic,Ethiopia,06-Oct-09,06-Oct-09,150mg,Tablet,No,See DN-1471 (ID#:12015),From RDC,"Lamivudine 150mg, tablets, 60 Tabs",20.44,4275,10431.0,PMO - US,"Aurobindo Unit III, India",Lamivudine,2.44,N/A - From RDC,SO-33630,Pre-PQ Process,Date Not Captured,ARV,117-ET-T01,06-Oct-09,Air,Adult,60,0.04,SCMS from RDC,N/A - From RDC,See DN-1471 (ID#:12015)
65241,ASN-22041,Uni-Gold,Malawi,15-Oct-13,21-Oct-13,MIssing,Test kit,Yes,572.55,Direct Drop,"HIV 1/2, Uni-Gold HIV Kit, 20 Tests",0.59,15,480.0,PMO - US,"Trinity Biotech, Plc","HIV 1/2, Uni-Gold HIV Kit",32.0,09-04-13,SCMS-203130,FPQ-12745,08-01-13,HRDT,102-MW-T30,15-Oct-13,Air,HIV test,20,1.6,"Trinity Biotech, Plc",EXW,5
1356,ASN-744,Generic,Vietnam,02-Oct-07,02-Oct-07,10mg/ml,Oral suspension,Yes,13762.41,Direct Drop,"Nevirapine 10mg/ml, oral suspension, Bottle, 240 ml",3.07,1000,1920.0,PMO - US,"Aurobindo Unit III, India",Nevirapine,1.92,07-03-07,SCMS-749,Pre-PQ Process,Pre-PQ Process,ARV,108-VN-T01,02-Oct-07,Air,Pediatric,240,0.01,Aurobindo Pharma Limited,EXW,960
11483,DN-434,Stocrin/Sustiva,CÃte dIvoire,22-Nov-07,22-Nov-07,30mg/ml,Oral solution,Yes,25563,From RDC,"Efavirenz 30mg/ml [Stocrin/Sustiva], oral solution, Bottle, 180 ml",46.01,3027,28756.5,PMO - US,"MSD, Haarlem, NL",Efavirenz,9.5,N/A - From RDC,SO-1101,Pre-PQ Process,Pre-PQ Process,ARV,104-CI-T01,22-Nov-07,Air,Pediatric,180,0.05,SCMS from RDC,N/A - From RDC,9248
45377,ASN-28034,Generic,South Africa,29-Aug-14,29-Aug-14,300mg,Tablet,No,Freight Included in Commodity Cost,Direct Drop,"Abacavir 300mg, tablets, 60 Tabs",8.1,86,6545.32,PMO - US,"Aurobindo Unit III, India",Abacavir,76.11,8/29/14,SCMS-199289,FPQ-12522,07-11-13,ARV,116-ZA-T30,29-Aug-14,Truck,Adult,60,1.27,S. BUYS WHOLESALER,DDP,Weight Captured Separately
86308,DN-1857,Generic,Ethiopia,01-Jun-10,01-Jun-10,150mg,Tablet,No,See DN-1857 (ID#:82892),From RDC,"Lamivudine 150mg, tablets, 60 Tabs",7.79,1481,3613.64,PMO - US,Mylan (formerly Matrix) Nashik,Lamivudine,2.44,N/A - From RDC,SO-36690,FPQ-5581,4/28/10,ARV,117-ET-T30,21-Jun-10,Air,Adult,60,0.04,SCMS from RDC,N/A - From RDC,See DN-1857 (ID#:82892)
86559,DN-3088,Generic,Burundi,29-Mar-13,29-Mar-13,10mg/ml,Oral suspension,Yes,1551.32,From RDC,"Nevirapine 10mg/ml, oral suspension w/syringe, Bottle, 240 ml",1.36,564,1099.8,PMO - US,"Aurobindo Unit III, India",Nevirapine,1.95,N/A - From RDC,SO-44650,FPQ-11661,2/20/13,ARV,102-BI-T30,02-May-13,Air,Pediatric,240,0.01,SCMS from RDC,N/A - From RDC,210
84051,DN-2049,Generic,Ethiopia,17-Nov-10,17-Nov-10,300mg,Tablet,Yes,866.71,From RDC,"Zidovudine 300mg, tablets, 60 Tabs",25.8,1660,11968.6,PMO - US,"Aurobindo Unit III, India",Zidovudine,7.21,N/A - From RDC,SO-37940,FPQ-6428,9/24/10,ARV,117-ET-T30,19-Nov-10,Air,Adult,60,0.12,SCMS from RDC,N/A - From RDC,90
11557,DN-728,Aluvia,Guyana,20-May-08,20-May-08,200/50mg,Tablet,Yes,4220.15,From RDC,"Lopinavir/Ritonavir 200/50mg [Aluvia], tablets, 120 Tabs",201.23,1530,125766.0,PMO - US,ABBVIE Ludwigshafen Germany,Lopinavir/Ritonavir,82.2,N/A - From RDC,SO-2465,Pre-PQ Process,Pre-PQ Process,ARV,105-GY-T01,20-May-08,Air,Adult,120,0.68,SCMS from RDC,N/A - From RDC,347
81018,ASN-19611,Kaletra,Zimbabwe,19-Jun-13,19-Jun-13,80/20mg/ml,Oral solution,Yes,31073.95,Direct Drop,"Lopinavir/Ritonavir 80/20mg/ml [Kaletra], oral solution, cool, Bottle 5 x 60 ml",101.37,2346,72303.72,PMO - US,ABBVIE (Abbott) Logis. UK,Lopinavir/Ritonavir,30.82,7/18/12,SCMS-149120,FPQ-9905,5/29/12,ARV,103-ZW-T30,19-Jun-13,Air,Pediatric,300,0.1,ABBVIE LOGISTICS (FORMERLY ABBOTT LOGISTICS BV),FCA,2172
73348,ASN-30816,Kaletra,Zimbabwe,28-Feb-15,28-Feb-15,80/20mg/ml,Oral solution,Yes,44952.61,Direct Drop,"Lopinavir/Ritonavir 80/20mg/ml [Kaletra], oral solution, cool, Bottle 5 x 60 ml",169.88,5362,165256.84,PMO - US,ABBVIE (Abbott) Logis. UK,Lopinavir/Ritonavir,30.82,10/30/14,SCMS-261410,FPQ-15021,10/15/14,ARV,103-ZW-T30,28-Feb-15,Air,Pediatric,300,0.1,ABBVIE LOGISTICS (FORMERLY ABBOTT LOGISTICS BV),FCA,5060
82450,DN-2548,Generic,CÃte dIvoire,01-Mar-12,01-Mar-12,150/300/200mg,Tablet - FDC,Yes,3641.16,From RDC,"Lamivudine/Nevirapine/Zidovudine 150/200/300mg, tablets, 60 Tabs",1709.71,92352,1036189.44,PMO - US,"Aurobindo Unit III, India",Lamivudine/Nevirapine/Zidovudine,11.22,N/A - From RDC,SO-40790,FPQ-8295,8/25/11,ARV,104-CI-T30,29-Feb-12,Truck,Adult,60,0.19,SCMS from RDC,N/A - From RDC,10832
78479,ASN-22715,Aluvia,Haiti,12-Dec-13,13-Dec-13,200/50mg,Tablet,Yes,3222.27,Direct Drop,"Lopinavir/Ritonavir 200/50mg [Aluvia], tablets, 120 Tabs",44.57,1865,36031.8,PMO - US,ABBVIE Ludwigshafen Germany,Lopinavir/Ritonavir,19.32,10/22/13,SCMS-210430,FPQ-12590,8/21/13,ARV,106-HT-T30,12-Dec-13,Air,Adult,120,0.16,ABBVIE LOGISTICS (FORMERLY ABBOTT LOGISTICS BV),FCA,463
35640,ASN-11895,Determine,Liberia,13-Sep-11,13-Sep-11,MIssing,Test kit,Yes,8678.71,Direct Drop,"HIV 1/2, Determine Complete HIV Kit, 100 Tests",68.64,520,41600.0,PMO - US,Inverness Japan,"HIV 1/2, Determine Complete HIV Kit",80.0,7/20/11,SCMS-115350,FPQ-7996,07-12-11,HRDT,900-LR-T30,13-Sep-11,Air,HIV test,100,0.8,"Orgenics, Ltd",EXW,252
10579,DN-257,Determine,Tanzania,14-Aug-07,14-Aug-07,MIssing,Test kit,Yes,1266.39,From RDC,"HIV 1/2, Determine Complete HIV Kit, 100 Tests",38.66,302,24160.0,PMO - US,ABBVIE GmbH & Co.KG Wiesbaden,"HIV 1/2, Determine Complete HIV Kit",80.0,N/A - From RDC,SO-749,Pre-PQ Process,Pre-PQ Process,HRDT,109-TZ-T01,14-Aug-07,Air,HIV test,100,0.8,SCMS from RDC,N/A - From RDC,98
85168,DN-2076,Generic,CÃte dIvoire,15-Dec-10,15-Dec-10,300mg,Tablet,Yes,2700.18,From RDC,"Abacavir 300mg, tablets, 60 Tabs",28.36,800,13152.0,PMO - US,"Aurobindo Unit III, India",Abacavir,16.44,N/A - From RDC,SO-38130,FPQ-6144,08-03-10,ARV,104-CI-T30,15-Dec-10,Air,Adult,60,0.27,SCMS from RDC,N/A - From RDC,364
71920,ASN-18970,Generic,Vietnam,15-May-13,15-May-13,30/50/60mg,Chewable/dispersible tablet - FDC,No,See ASN-18970 (ID#:33422),Direct Drop,"Lamivudine/Nevirapine/Zidovudine 30/50/60mg, dispersible tablets, 60 Tabs",5.54,1119,4476.0,PMO - US,"Strides, Bangalore, India.",Lamivudine/Nevirapine/Zidovudine,4.0,07-11-12,SCMS-164550,FPQ-10811,10/15/12,ARV,108-VN-T30,15-May-13,Air,Pediatric,60,0.07,STRIDES ARCOLAB LIMITED,EXW,See ASN-18970 (ID#:33422)
83761,DN-3531,Generic,Tanzania,19-Feb-14,24-Feb-14,200/300mg,Tablet - FDC,Yes,7083.18,From RDC,"Emtricitabine/Tenofovir Disoproxil Fumarate 200/300mg, tablets, 30 Tabs",290.45,40000,234800.0,PMO - US,"Aurobindo Unit III, India",Emtricitabine/Tenofovir Disoproxil Fumarate,5.87,N/A - From RDC,SO-45999,FPQ-12587,07-04-13,ARV,109-TZ-T30,31-Jan-14,Truck,Adult,30,0.2,SCMS from RDC,N/A - From RDC,7393
14931,ASN-31659,Reyataz,Rwanda,12-May-15,12-May-15,200mg,Capsule,Yes,1028.1,Direct Drop,"Atazanavir 200mg [Reyataz], capsules, 60 Caps",45.1,1080,43869.6,PMO - US,Bristol-Myers Squibb Anagni IT,Atazanavir,40.62,12-12-14,SCMS-268601,FPQ-14813,10-09-14,ARV,107-RW-T30,12-May-15,Air,Pediatric,60,0.68,SWORDS LABORATORIES,FCA,282
28333,ASN-32400,Determine,Nigeria,25-May-15,26-May-15,MIssing,Test kit,Yes,Freight Included in Commodity Cost,Direct Drop,"HIV 1/2, Determine HIV Kit, without Lancets, 100 Tests",479.79,6107,407642.25,PMO - US,"Alere Medical Co., Ltd.","HIV 1/2, Determine HIV Kit, without Lancets",66.75,5/22/15,SCMS-288770,FPQ-16330,05-11-15,HRDT,133-NG-T30,25-May-15,Air,HIV test,100,0.67,ACOUNS NIGERIA LTD,DDP,Weight Captured Separately
10759,DN-1189,Bioline,Kenya,27-Apr-09,27-Apr-09,MIssing,Test kit,Yes,Invoiced Separately,From RDC,"HIV 1/2, Bioline 3.0 Kit, (no accessories), 30 Tests",232.26,5000,118500.0,PMO - US,"Standard Diagnostics, Korea","HIV 1/2, Bioline 3.0 Kit (no accessories)",23.7,N/A - From RDC,SO-18001,Pre-PQ Process,Pre-PQ Process,HRDT,102-KE-T01,27-Apr-09,Truck,HIV test,30,0.79,SCMS from RDC,N/A - From RDC,Weight Captured Separately
12818,DN-963,Bioline,Kenya,16-Oct-08,16-Oct-08,MIssing,Test kit,Yes,1250,From RDC,"HIV 1/2, Bioline 3.0 Kit, Lancets, Capillary pipets, Alcohol swabs included, 25 Tests",783.96,19999,399980.0,PMO - US,"Standard Diagnostics, Korea","HIV 1/2, Bioline 3.0 Kit, Lancets, Capillary pipets, Alcohol swabs included",20.0,N/A - From RDC,SO-11460,Pre-PQ Process,Pre-PQ Process,HRDT,102-KE-T01,16-Oct-08,Truck,HIV test,25,0.8,SCMS from RDC,N/A - From RDC,6074
2257,ASN-3166,Stat-Pak,Guyana,27-Jan-09,27-Jan-09,MIssing,Test kit,Yes,692.38,Direct Drop,"HIV 1/2, Stat-Pak HIV, Kit, 20 Tests",5.29,100,2700.0,PMO - US,Chembio Diagnostics Sys. Inc.,"HIV 1/2, Stat-Pak HIV, Kit",27.0,12/23/08,SCMS-36540,Pre-PQ Process,Pre-PQ Process,HRDT,102-GY-T01,25-Feb-09,Air,HIV test,20,1.35,"CHEMBIO DIAGNOSTIC SYSTEMS, INC.",EXW,28
11292,DN-1052,Generic,Ethiopia,03-Mar-09,03-Mar-09,150/30mg,Tablet - FDC,No,See DN-1052 (ID#:10737),From RDC,"Lamivudine/Stavudine 150/30mg, tablets, 60 Tabs",7.78,1044,3967.2,PMO - US,Mylan (formerly Matrix) Nashik,Lamivudine/Stavudine,3.8,N/A - From RDC,SO-22020,Pre-PQ Process,Pre-PQ Process,ARV,117-ET-T01,03-Mar-09,Air,Adult,60,0.06,SCMS from RDC,N/A - From RDC,See DN-1052 (ID#:10737)
12795,DN-686,Determine,Haiti,03-Apr-08,03-Apr-08,MIssing,Test kit,No,See DN-686 (ID#:10691),From RDC,"HIV 1/2, Determine HIV Kit, without Lancets, 100 Tests",1.73,15,1080.0,PMO - US,Inverness Japan,"HIV 1/2, Determine HIV Kit, without Lancets",72.0,N/A - From RDC,SO-1291,Pre-PQ Process,Pre-PQ Process,HRDT,125-HT-T01,03-Apr-08,Air,HIV test,100,0.72,SCMS from RDC,N/A - From RDC,See DN-686 (ID#:10691)
21557,ASN-18802,Kaletra,Zimbabwe,25-Apr-13,25-Apr-13,80/20mg/ml,Oral solution,Yes,9299.26,Direct Drop,"Lopinavir/Ritonavir 80/20mg/ml [Kaletra], oral solution, cool, Bottle 5 x 60 ml",36.56,846,26073.72,PMO - US,ABBVIE (Abbott) Logis. UK,Lopinavir/Ritonavir,30.82,7/18/12,SCMS-149110,FPQ-9905,5/29/12,ARV,103-ZW-T30,25-Apr-13,Air,Pediatric,300,0.1,ABBVIE LOGISTICS (FORMERLY ABBOTT LOGISTICS BV),FCA,798
66811,ASN-6373,Determine,Guyana,05-Apr-10,05-Apr-10,MIssing,Test kit,Yes,2058.84,Direct Drop,"HIV 1/2, Determine Complete HIV Kit, 100 Tests",45.99,237,21330.0,PMO - US,Inverness Japan,"HIV 1/2, Determine Complete HIV Kit",90.0,02-04-10,SCMS-63860,FPQ-4869,01-11-10,HRDT,102-GY-T30,05-Apr-10,Air,HIV test,100,0.9,"Orgenics, Ltd",EXW,108
86444,DN-2503,Generic,Guyana,04-Feb-12,04-Feb-12,15mg,Capsule,No,See DN-2503 (ID#:83007),From RDC,"Stavudine 15mg, capsules, 60 Caps",0.02,12,15.84,PMO - US,"Aurobindo Unit III, India",Stavudine,1.32,N/A - From RDC,SO-41000,FPQ-8620,10/27/11,ARV,105-GY-T30,30-Mar-12,Air,Adult,60,0.02,SCMS from RDC,N/A - From RDC,See DN-2503 (ID#:83007)
83221,DN-3581,Generic,South Sudan,21-Mar-14,26-Mar-14,30/50/60mg,Chewable/dispersible tablet - FDC,No,See DN-3581 (ID#:83219),From RDC,"Lamivudine/Nevirapine/Zidovudine 30/50/60mg, dispersible tablets, 60 Tabs",2.12,549,2058.75,PMO - US,Mylan (formerly Matrix) Nashik,Lamivudine/Nevirapine/Zidovudine,3.75,N/A - From RDC,SO-47100,FPQ-13173,10/28/13,ARV,103-SS-T30,31-Mar-14,Air,Pediatric,60,0.06,SCMS from RDC,N/A - From RDC,See DN-3581 (ID#:83219)
11282,DN-1063,Generic,Nigeria,09-Feb-09,09-Feb-09,300mg,Tablet,Yes,165,From RDC,"Abacavir 300mg, tablets, 60 Tabs",0.21,4,105.2,PMO - US,"Aurobindo Unit III, India",Abacavir,26.3,N/A - From RDC,SO-19430,Pre-PQ Process,Pre-PQ Process,ARV,112-NG-T01,09-Feb-09,Air,Adult,60,0.44,SCMS from RDC,N/A - From RDC,1
7953,ASN-69,Determine,CÃte dIvoire,14-Nov-06,14-Nov-06,MIssing,Test kit,Yes,156.97,Direct Drop,"HIV 1/2, Determine Complete HIV Kit, 100 Tests",MIssing,850,68000.0,PMO - US,ABBVIE GmbH & Co.KG Wiesbaden,"HIV 1/2, Determine Complete HIV Kit",80.0,Date Not Captured,SCMS-107,Pre-PQ Process,Pre-PQ Process,HRDT,104-CI-T01,14-Nov-06,Air,HIV test,100,0.8,Abbott GmbH & Co. KG,FCA,291096
46556,ASN-29764,Generic,South Africa,10-Dec-14,10-Dec-14,100/25mg,Tablet,No,Freight Included in Commodity Cost,Direct Drop,"Lopinavir/Ritonavir 100/25mg [Aluvia], tablets, 60 Tabs",0.01,2,10.34,PMO - US,ABBVIE Ludwigshafen Germany,Lopinavir/Ritonavir,5.17,12-10-14,SCMS-267020,FPQ-15269,10/29/14,ARV,116-ZA-T30,10-Dec-14,Truck,Pediatric,60,0.09,S. BUYS WHOLESALER,DDP,Weight Captured Separately
84894,DN-3547,Generic,CÃte dIvoire,18-Jan-14,04-Mar-14,60/30mg,Tablet - FDC,No,See DN-3547 (ID#:83763),From RDC,"Abacavir/Lamivudine 60/30mg, tablets, 60 Tabs",9.48,1915,7660.0,PMO - US,"Aurobindo Unit III, India",Abacavir/Lamivudine,4.0,N/A - From RDC,SO-45631,FPQ-12144,4/22/13,ARV,104-CI-T30,28-Feb-14,Truck,Pediatric,60,0.07,SCMS from RDC,N/A - From RDC,See DN-3547 (ID#:83763)
72492,ASN-19648,Stat-Pak,Nigeria,12-Jun-13,12-Jun-13,MIssing,Test kit,Yes,8248.33,Direct Drop,"HIV 1/2, Stat-Pak HIV, Kit, 20 Tests",197.11,4848,140592.0,PMO - US,Chembio Diagnostics Sys. Inc.,"HIV 1/2, Stat-Pak HIV, Kit",29.0,10/16/12,SCMS-162450,FPQ-10765,10-05-12,HRDT,133-NG-T30,12-Jun-13,Air,HIV test,20,1.45,"CHEMBIO DIAGNOSTIC SYSTEMS, INC.",EXW,1784
10719,DN-932,Generic,Mozambique,14-Nov-08,14-Nov-08,150/200/30mg,Tablet - FDC,Yes,1012.43,From RDC,"Lamivudine/Nevirapine/Stavudine 150/200/30mg, tablets, 60 Tabs",1440.12,125010,900072.0,PMO - US,"Strides, Bangalore, India.",Lamivudine/Nevirapine/Stavudine,7.2,N/A - From RDC,SO-11071,Pre-PQ Process,Pre-PQ Process,ARV,111-MZ-T01,14-Nov-08,Truck,Adult,60,0.12,SCMS from RDC,N/A - From RDC,3918
84155,DN-2595,Generic,Burundi,09-Apr-12,09-Apr-12,200/300mg,Tablet - FDC,No,See DN-2595 (ID#:83577),From RDC,"Emtricitabine/Tenofovir Disoproxil Fumarate 200/300mg, tablets, 30 Tabs",63.18,5150,45062.5,PMO - US,Mylan (formerly Matrix) Nashik,Emtricitabine/Tenofovir Disoproxil Fumarate,8.75,N/A - From RDC,SO-41540,FPQ-9229,1/25/12,ARV,102-BI-T30,26-Apr-12,Air,Adult,30,0.29,SCMS from RDC,N/A - From RDC,See DN-2595 (ID#:83577)
23452,ASN-13957,Kaletra,Zimbabwe,02-Apr-12,02-Apr-12,80/20mg/ml,Oral solution,Yes,Invoiced Separately,Direct Drop,"Lopinavir/Ritonavir 80/20mg/ml [Kaletra], oral solution, cool, Bottle 5 x 60 ml",83.13,1251,38555.82,PMO - US,ABBVIE (Abbott) Logis. UK,Lopinavir/Ritonavir,30.82,11-10-10,SCMS-90690,FPQ-6488,10/26/10,ARV,200-ZW-T30,02-Apr-12,Air,Pediatric,300,0.1,ABBVIE LOGISTICS (FORMERLY ABBOTT LOGISTICS BV),FCA,Weight Captured Separately
82970,DN-2308,Generic,Mozambique,15-Sep-11,15-Sep-11,10mg/ml,Oral solution,Yes,2166.21,From RDC,"Zidovudine 10mg/ml, oral solution w/syringe, Bottle, 240 ml",18.75,5625,11362.5,PMO - US,"Aurobindo Unit III, India",Zidovudine,2.02,N/A - From RDC,SO-38690,FPQ-7053,1/24/11,ARV,111-MZ-T30,12-Aug-11,Truck,Pediatric,240,0.01,SCMS from RDC,N/A - From RDC,2157
10919,DN-421,Aluvia,CÃte dIvoire,17-Jan-08,17-Jan-08,200/50mg,Tablet,Yes,5947.88,From RDC,"Lopinavir/Ritonavir 200/50mg [Aluvia], tablets, 120 Tabs",31.5,479,19686.9,PMO - US,ABBVIE Ludwigshafen Germany,Lopinavir/Ritonavir,41.1,N/A - From RDC,SO-971,Pre-PQ Process,Pre-PQ Process,ARV,104-CI-T01,17-Jan-08,Air,Adult,120,0.34,SCMS from RDC,N/A - From RDC,421
11066,DN-1401,Generic,CÃte dIvoire,08-Sep-09,08-Sep-09,20mg,Capsule,No,See DN-1401 (ID#:10793),From RDC,"Stavudine 20mg, capsules, 60 Caps",7.04,2052,3591.0,PMO - US,"Aurobindo Unit III, India",Stavudine,1.75,N/A - From RDC,SO-32210,Pre-PQ Process,Date Not Captured,ARV,104-CI-T01,08-Sep-09,Air,Adult,60,0.03,SCMS from RDC,N/A - From RDC,See DN-1401 (ID#:10793)
82552,DN-3032,Generic,Zimbabwe,14-Mar-13,14-Mar-13,30/50/6mg,Chewable/dispersible tablet - FDC,No,See DN-3032 (ID#:82551),From RDC,"Lamivudine/Nevirapine/Stavudine 30/50/6mg, dispersible tablets, 60 Tabs",91,28220,64906.0,PMO - US,"Cipla, Goa, India",Lamivudine/Nevirapine/Stavudine,2.3,N/A - From RDC,SO-42260,FPQ-9907,5/15/12,ARV,103-ZW-T30,31-Mar-13,Truck,Pediatric,60,0.04,SCMS from RDC,N/A - From RDC,See DN-3032 (ID#:82551)
10126,ASN-3853,Atripla,Tanzania,15-Jun-09,15-Jun-09,600/200/300mg,Tablet - FDC,No,See ASN-3853 (ID#:4824),Direct Drop,"Efavirenz/Emtricitabine/Tenofovir Disoproxil Fumarate 600/200/300mg [Atripla], tablets, 30 Tabs",232.83,2357,118792.8,PMO - US,"MSD, Haarlem, NL",Efavirenz/Emtricitabine/Tenofovir Disoproxil Fumarate,50.4,12/30/08,SCMS-34690,Pre-PQ Process,Pre-PQ Process,ARV,109-TZ-T01,15-Jun-09,Air,Adult,30,1.68,MERCK SHARP & DOHME IDEA GMBH (FORMALLY MERCK SHARP & DOHME B.V.),CIP,See ASN-3853 (ID#:4824)
6881,ASN-1153,OraQuick,Haiti,22-Jan-08,22-Jan-08,MIssing,Test kit,Yes,1521.11,Direct Drop,"HIV 1/2, OraQuick Advance HIV Rapid Antibody Kit, 100 Tests",14,25,8750.0,PMO - US,"Pacific Biotech, Thailand","HIV 1/2, OraQuick Advance HIV Rapid Antibody Kit",350.0,Date Not Captured,SCMS-15500,Pre-PQ Process,Pre-PQ Process,HRDT,106-HT-T01,22-Jan-08,Air,HIV test,100,3.5,Orasure Technologies Inc.,EXW,60
16391,ASN-32107,Determine,South Sudan,07-Jul-15,07-Jul-15,MIssing,Test kit,Yes,Invoiced Separately,Direct Drop,"HIV 1/2, Determine Complete HIV Kit, 100 Tests",10.48,100,8900.0,PMO - US,"Alere Medical Co., Ltd.","HIV 1/2, Determine Complete HIV Kit",89.0,2/20/15,SCMS-272170,FPQ-15569,12/29/14,HRDT,105-SS-T30,02-Jul-15,Air,HIV test,100,0.89,"Orgenics, Ltd",EXW,Weight Captured Separately
82662,DN-3605,Generic,Uganda,18-Apr-14,07-May-14,200mg,Tablet,Yes,Freight Included in Commodity Cost,From RDC,"Nevirapine 200mg, tablets, 60 Tabs",50.56,21764,49186.64,PMO - US,"Aurobindo Unit III, India",Nevirapine,2.26,N/A - From RDC,SO-46860,FPQ-13107,10/16/13,ARV,114-UG-T30,31-Mar-14,Truck,Adult,60,0.04,SCMS from RDC,N/A - From RDC,2091
66205,ASN-31197,Generic,Haiti,26-Mar-15,26-Mar-15,300/100mg,Tablet,Yes,1604.56,Direct Drop,"Atazanavir/Ritonavir 300/100mg, tablets, 30 Tabs",18.5,1000,18000.0,PMO - US,"Emcure Plot No.P-2, I.T-B.T. Park, Phase II, MIDC, Hinjwadi, Pune, India",Atazanavir/Ritonavir,18.0,12/24/14,SCMS-263050,FPQ-15038,10/22/14,ARV,106-HT-T30,26-Mar-15,Air,Adult,30,0.6,EMCURE PHARMACEUTICALS LTD,EXW,133
33909,ASN-29503,Uni-Gold,South Sudan,09-Jan-15,19-Jan-15,MIssing,Test kit,No,See ASN-29503 (ID#:13571),Direct Drop,"HIV 1/2, Uni-Gold HIV Kit, 20 Tests",0.82,25,800.0,PMO - US,"Trinity Biotech, Plc","HIV 1/2, Uni-Gold HIV Kit",32.0,07-01-14,SCMS-245240,FPQ-14470,6/17/14,HRDT,105-SS-T30,09-Jan-15,Air,HIV test,20,1.6,"Trinity Biotech, Plc",EXW,See ASN-29503 (ID#:13571)
85117,DN-1838,Generic,Guyana,27-May-10,27-May-10,200mg,Tablet,No,See DN-1838 (ID#:82887),From RDC,"Nevirapine 200mg, tablets, 60 Tabs",10.41,1815,4827.9,PMO - US,"Aurobindo Unit III, India",Nevirapine,2.66,N/A - From RDC,SO-36700,FPQ-5599,4/28/10,ARV,105-GY-T30,07-Jun-10,Air,Adult,60,0.04,SCMS from RDC,N/A - From RDC,See DN-1838 (ID#:82887)
85307,DN-2863,Generic,Mozambique,10-Oct-12,10-Oct-12,150/300/200mg,Tablet - FDC,Yes,3855.94,From RDC,"Lamivudine/Nevirapine/Zidovudine 150/200/300mg, tablets, 60 Tabs",240.96,17520,171871.2,PMO - US,Mylan (formerly Matrix) Nashik,Lamivudine/Nevirapine/Zidovudine,9.81,N/A - From RDC,SO-42841,FPQ-10210,6/28/12,ARV,111-MZ-T30,30-Oct-12,Truck,Adult,60,0.16,SCMS from RDC,N/A - From RDC,9370
12620,DN-1549,Generic,Mozambique,06-Jan-10,06-Jan-10,30mg,Capsule,Yes,955.36,From RDC,"Stavudine 30mg, capsules, 60 Caps",2.31,735,1073.1,PMO - US,"Aurobindo Unit III, India",Stavudine,1.46,N/A - From RDC,SO-15520,Pre-PQ Process,Date Not Captured,ARV,111-MZ-T01,06-Jan-10,Air,Adult,60,0.02,SCMS from RDC,N/A - From RDC,47
11105,DN-132,Generic,Nigeria,23-May-07,23-May-07,150/300+200mg,Tablet - FDC + co-blister,Yes,6433.28,From RDC,"Lamivudine/Zidovudine+Nevirapine 150/300+200mg, tablets, co-blister, 60+60 Tabs",MIssing,5709,117034.5,PMO - US,"Aspen-OSD, Port Elizabeth, SA",Lamivudine/Zidovudine+Nevirapine,20.5,N/A - From RDC,SO-329,Pre-PQ Process,Pre-PQ Process,ARV,112-NG-T01,23-May-07,MIssing,Adult,120,0.17,SCMS from RDC,N/A - From RDC,1238
85012,DN-4122,Generic,Nigeria,05-Feb-15,10-Feb-15,150/300/200mg,Tablet - FDC,Yes,51645.79,From RDC,"Lamivudine/Nevirapine/Zidovudine 150/200/300mg, tablets, 60 Tabs",25.35,3194,24657.68,PMO - US,Hetero Unit III Hyderabad IN,Lamivudine/Nevirapine/Zidovudine,7.72,N/A - From RDC,SO-49682,FPQ-14766,8/13/14,ARV,151-NG-T30,28-Feb-15,Air Charter,Adult,60,0.13,SCMS from RDC,N/A - From RDC,23220
84481,DN-4328,Generic,Zambia,25-Aug-15,03-Sep-15,300mg,Tablet,No,Freight Included in Commodity Cost,From RDC,"Abacavir 300mg, tablets, 60 Tabs",922.31,80901,897192.09,PMO - US,Mylan (formerly Matrix) Nashik,Abacavir,11.09,N/A - From RDC,SO-49610,FPQ-14784,08-12-14,ARV,110-ZM-T30,17-Aug-15,Truck,Adult,60,0.18,SCMS from RDC,N/A - From RDC,Weight Captured Separately
43897,ASN-6292,Determine,Zambia,18-Mar-10,18-Mar-10,MIssing,Test kit,Yes,16633.36,Direct Drop,"HIV 1/2, Determine Complete HIV Kit, 100 Tests",335.46,2161,155592.0,PMO - US,Inverness Japan,"HIV 1/2, Determine Complete HIV Kit",72.0,12/22/09,SCMS-60710,FPQ-4691,12/16/09,HRDT,110-ZM-T30,18-Mar-10,Air,HIV test,100,0.72,"Orgenics, Ltd",EXW,1051
82484,DN-2715,Generic,CÃte dIvoire,03-Jul-12,03-Jul-12,150mg,Tablet,Yes,2394.27,From RDC,"Lamivudine 150mg, tablets, 60 Tabs",32.34,9900,23067.0,PMO - US,"Strides, Bangalore, India.",Lamivudine,2.33,N/A - From RDC,SO-41181,FPQ-8790,11-11-11,ARV,104-CI-T30,02-Jul-12,Air,Adult,60,0.04,SCMS from RDC,N/A - From RDC,451
11714,DN-71,Generic,CÃte dIvoire,30-Apr-07,30-Apr-07,300mg,Tablet,No,See DN-71 (ID#:11374),From RDC,"Abacavir 300mg, tablets, 60 Tabs",MIssing,68,2995.4,PMO - US,"Aurobindo Unit III, India",Abacavir,44.05,N/A - From RDC,SO-286,Pre-PQ Process,Pre-PQ Process,ARV,100-CI-T01,30-Apr-07,MIssing,Adult,60,0.73,SCMS from RDC,N/A - From RDC,See DN-71 (ID#:11374)
79521,ASN-10871,Generic,South Africa,06-Sep-11,06-Sep-11,150mg,Tablet,Yes,33865.26,Direct Drop,"Lamivudine 150mg, tablets, 60 Tabs",1764.18,440000,1069200.0,PMO - US,"Strides, Bangalore, India.",Lamivudine,2.43,3/28/11,SCMS-103960,FPQ-7175,03-10-11,ARV,161-ZA-T30,06-Sep-11,Ocean,Adult,60,0.04,STRIDES ARCOLAB LIMITED,DDP,19564
84887,DN-3514,Generic,"Congo, DRC",26-Mar-14,28-Apr-14,200/50mg,Tablet,Yes,4676.4,From RDC,"Lopinavir/Ritonavir 200/50mg, tablets, 120 Tabs",58.27,2300,47104.0,PMO - US,Mylan (formerly Matrix) Nashik,Lopinavir/Ritonavir,20.48,N/A - From RDC,SO-46160,FPQ-12577,08-09-13,ARV,102-CD-T30,26-Mar-14,Air,Adult,120,0.17,SCMS from RDC,N/A - From RDC,613
13091,ASN-30792,Generic,South Africa,19-Feb-15,19-Feb-15,300mg,Tablet,Yes,Freight Included in Commodity Cost,Direct Drop,"Abacavir 300mg, tablets, 60 Tabs",0.21,3,206.97,PMO - US,"Aurobindo Unit III, India",Abacavir,68.99,05-08-14,SCMS-238550,FPQ-13973,4/30/14,ARV,116-ZA-T30,19-Feb-15,Truck,Adult,60,1.15,PHARMACY DIRECT,DDP,Weight Captured Separately
13007,ASN-19161,Determine,Burundi,10-Jun-13,10-Jun-13,MIssing,Test kit,Yes,12922.07,Direct Drop,"HIV 1/2, Determine Complete HIV Kit, 100 Tests",145.27,1468,117440.0,PMO - US,"Alere Medical Co., Ltd.","HIV 1/2, Determine Complete HIV Kit",80.0,3/14/13,SCMS-179360,FPQ-11670,2/20/13,HRDT,102-BI-T30,10-Jun-13,Air,HIV test,100,0.8,"Orgenics, Ltd",EXW,638
28268,ASN-29761,Kaletra,South Africa,10-Dec-14,10-Dec-14,80/20mg/ml,Oral solution,Yes,Freight Included in Commodity Cost,Direct Drop,"Lopinavir/Ritonavir 80/20mg/ml [Kaletra], oral solution, cool, Bottle 5 x 60 ml",0.07,3,62.04,PMO - US,ABBVIE (Abbott) Logis. UK,Lopinavir/Ritonavir,20.68,12-10-14,SCMS-267090,FPQ-15269,10/29/14,ARV,116-ZA-T30,10-Dec-14,Truck,Pediatric,300,0.07,S. BUYS WHOLESALER,DDP,Weight Captured Separately
12236,DN-901,Generic,Nigeria,10-Sep-08,10-Sep-08,300mg,Tablet,Yes,900,From RDC,"Tenofovir Disoproxil Fumarate 300mg, tablets, 30 Tabs",4.28,196,2677.36,PMO - US,Mylan (formerly Matrix) Nashik,Tenofovir Disoproxil Fumarate,13.66,N/A - From RDC,SO-11031,Pre-PQ Process,Pre-PQ Process,ARV,112-NG-T01,10-Sep-08,Air,Adult,30,0.46,SCMS from RDC,N/A - From RDC,12
32135,ASN-30487,Colloidal Gold,Rwanda,18-Feb-15,19-Feb-15,MIssing,Test kit,Yes,35593.04,Direct Drop,"HIV 1/2, SKB Colloidal Gold, Diagnostic Kit, Antibody, 50 Tests",102,4050,99225.0,PMO - US,"KHB Test Kit Facility, Shanghai China","HIV 1/2, Colloidal Gold, Diagnostic Kit, Antibody",24.5,12/18/14,SCMS-263330,FPQ-15065,10/15/14,HRDT,107-RW-T30,18-Feb-15,Air,HIV test,1,24.5,"SHANGHAI KEHUA BIOENGINEERING CO.,LTD.  (KHB)",EXW,2700
85475,DN-3696,Aluvia,Mozambique,05-Sep-14,08-Sep-14,200/50mg,Tablet,Yes,4853.84,From RDC,"Lopinavir/Ritonavir 200/50mg [Aluvia], tablets, 120 Tabs",248.69,12800,241920.0,PMO - US,ABBVIE Ludwigshafen Germany,Lopinavir/Ritonavir,18.9,N/A - From RDC,SO-47091,FPQ-13123,10/21/13,ARV,111-MZ-T30,31-Jul-14,Truck,Adult,120,0.16,SCMS from RDC,N/A - From RDC,2844
11342,DN-1347,Truvada,Nigeria,04-Aug-09,04-Aug-09,300/200mg,Tablet - FDC,Yes,7445.8,From RDC,"Emtricitabine/Tenofovir Disoproxil Fumarate 200/300mg [Truvada], tablets, 30 Tabs",12.35,240,6300.0,PMO - US,"Aspen-OSD, Port Elizabeth, SA",Emtricitabine/Tenofovir Disoproxil Fumarate,26.25,N/A - From RDC,SO-27812,Pre-PQ Process,Date Not Captured,ARV,151-NG-T01,04-Aug-09,Air Charter,Adult,30,0.88,SCMS from RDC,N/A - From RDC,21
85740,DN-2117,Generic,Zambia,07-Mar-11,07-Mar-11,600mg,Tablet,No,See DN-2117 (ID#:84061),From RDC,"Efavirenz 600mg, tablets, 30 Tabs",2861.39,307216,1327173.12,PMO - US,Mylan (formerly Matrix) Nashik,Efavirenz,4.32,N/A - From RDC,SO-37350,FPQ-6222,8/20/10,ARV,110-ZM-T30,31-Mar-11,Truck,Adult,30,0.14,SCMS from RDC,N/A - From RDC,See DN-2117 (ID#:84061)
70212,ASN-7749,Determine,Botswana,06-Sep-10,06-Sep-10,MIssing,Test kit,Yes,807.65,Direct Drop,"HIV 1/2, Determine HIV Kit, without Lancets, 100 Tests",1.1,8,560.0,PMO - US,Inverness Japan,"HIV 1/2, Determine HIV Kit, without Lancets",70.0,9/29/09,SCMS-54070,FPQ-4167,09-09-09,HRDT,144-BW-T30,06-Sep-10,Air,HIV test,100,0.7,"Orgenics, Ltd",EXW,2
34885,ASN-30671,Generic,South Africa,12-Feb-15,12-Feb-15,200mg,Tablet,No,Freight Included in Commodity Cost,Direct Drop,"Nevirapine 200mg, tablets, 60 Tabs",0.26,20,256.48,PMO - US,"Aurobindo Unit III, India",Nevirapine,12.82,02-12-15,SCMS-259073,FPQ-14942,09-11-14,ARV,116-ZA-T30,12-Feb-15,Truck,Adult,60,0.21,PHARMACY DIRECT,DDP,Weight Captured Separately
78198,ASN-22826,Norvir,CÃte dIvoire,29-Nov-13,02-Dec-13,100mg,Tablet,Yes,6020.48,Direct Drop,"Ritonavir 100mg [Norvir], film coated tablets, 60 Tabs",25.42,3000,20550.0,PMO - US,ABBVIE Ludwigshafen Germany,Ritonavir,6.85,09-02-13,SCMS-204990,FPQ-12714,7/30/13,ARV,104-CI-T30,29-Nov-13,Air,Adult,60,0.11,ABBVIE LOGISTICS (FORMERLY ABBOTT LOGISTICS BV),FCA,387
6746,ASN-858,Stat-Pak,Nigeria,07-Nov-07,07-Nov-07,MIssing,Test kit,Yes,6197,Direct Drop,"HIV 1/2, Stat-Pak HIV, Kit, 20 Tests",432,10000,270000.0,PMO - US,Chembio Diagnostics Sys. Inc.,"HIV 1/2, Stat-Pak HIV, Kit",27.0,8/27/07,SCMS-11760,Pre-PQ Process,Pre-PQ Process,HRDT,102-NG-T01,07-Nov-07,Air,HIV test,20,1.35,"CHEMBIO DIAGNOSTIC SYSTEMS, INC.",EXW,3265
37470,ASN-31750,Uni-Gold,"Congo, DRC",02-Jul-15,30-Jul-15,MIssing,Test kit,No,See ASN-31750 (ID#:19272),Direct Drop,"HIV 1/2, Uni-Gold HIV Kit, 20 Tests",1.28,34,1088.0,PMO - US,"Trinity Biotech, Plc","HIV 1/2, Uni-Gold HIV Kit",32.0,3/16/15,SCMS-280210,FPQ-16001,03-10-15,HRDT,101-CD-T30,02-Jul-15,Air,HIV test,20,1.6,"Trinity Biotech, Plc",EXW,See ASN-31750 (ID#:19272)
84528,DN-1662,Generic,CÃte dIvoire,01-Mar-10,01-Mar-10,100mg,Capsule,No,See DN-1662 (ID#:83981),From RDC,"Zidovudine 100mg, capsules, 100 Caps",21.09,2152,10760.0,PMO - US,"Aurobindo Unit III, India",Zidovudine,5.0,N/A - From RDC,SO-34410,FPQ-4378,10/15/09,ARV,104-CI-T30,09-Mar-10,Air,Pediatric,100,0.05,SCMS from RDC,N/A - From RDC,See DN-1662 (ID#:83981)
84687,DN-2465,Generic,Nigeria,18-Dec-11,18-Dec-11,150/300/200mg,Tablet - FDC,No,See DN-2465 (ID#:82426),From RDC,"Lamivudine/Nevirapine/Zidovudine 150/200/300mg, tablets, 60 Tabs",833.86,45042,505371.24,PMO - US,"Aurobindo Unit III, India",Lamivudine/Nevirapine/Zidovudine,11.22,N/A - From RDC,SO-40661,FPQ-8364,8/29/11,ARV,151-NG-T30,16-Mar-12,Air Charter,Adult,60,0.19,SCMS from RDC,N/A - From RDC,See DN-2465 (ID#:82426)
71060,ASN-5136,Ziagen,South Africa,05-Aug-09,05-Aug-09,300mg,Tablet - blister,No,Freight Included in Commodity Cost,Direct Drop,"Abacavir 300mg [Ziagen], tablets, Blister 6 x 10 Tabs",23.23,250,11850.3,PMO - US,GSK Ware (UK),Abacavir,47.4,7/21/09,SCMS-49641,FPQ-3560,05-07-09,ARV,116-ZA-T30,05-Aug-09,Truck,Adult,60,0.79,S. BUYS WHOLESALER,DDP,Weight Captured Separately
36530,ASN-18202,Uni-Gold,Tanzania,28-Feb-13,28-Feb-13,MIssing,Test kit,Yes,26281.49,Direct Drop,"HIV 1/2, Uni-Gold HIV Kit, 20 Tests",334.88,8460,270720.0,PMO - US,"Trinity Biotech, Plc","HIV 1/2, Uni-Gold HIV Kit",32.0,12-12-12,SCMS-169320,FPQ-10994,11/13/12,HRDT,109-TZ-T30,28-Feb-13,Air,HIV test,20,1.6,"Trinity Biotech, Plc",EXW,2770
12086,DN-292,Generic,Tanzania,29-Aug-07,29-Aug-07,150/300mg,Tablet - FDC,Yes,7533,From RDC,"Lamivudine/Zidovudine 150/300mg, tablets, 60 Tabs",503.91,29489,314942.52,PMO - US,"Aurobindo Unit III, India",Lamivudine/Zidovudine,10.68,N/A - From RDC,SO-457,Pre-PQ Process,Pre-PQ Process,ARV,109-TZ-T01,29-Aug-07,Air,Adult,60,0.18,SCMS from RDC,N/A - From RDC,2670
83212,DN-3561,Generic,"Congo, DRC",19-May-14,26-Jun-14,30/50/60mg,Chewable/dispersible tablet - FDC,No,See DN-3561 (ID#:82654),From RDC,"Lamivudine/Nevirapine/Zidovudine 30/50/60mg, dispersible tablets, 60 Tabs",7.13,1850,6937.5,PMO - US,"Strides, Bangalore, India.",Lamivudine/Nevirapine/Zidovudine,3.75,N/A - From RDC,SO-47630,FPQ-13554,1/15/14,ARV,101-CD-T30,30-May-14,Air,Pediatric,60,0.06,SCMS from RDC,N/A - From RDC,See DN-3561 (ID#:82654)
47653,ASN-29596,Intelence,South Africa,28-Nov-14,28-Nov-14,100mg,Tablet,No,Freight Included in Commodity Cost,Direct Drop,"Etravirine 100mg [Intelence], tablets, 120 Tabs",0.87,33,844.57,PMO - US,"Janssen-Cilag, Latina, IT",Etravirine,25.59,11/28/14,SCMS-259071,FPQ-14942,09-11-14,ARV,116-ZA-T30,28-Nov-14,Truck,Adult,120,0.21,PHARMACY DIRECT,DDP,Weight Captured Separately
86261,DN-1634,Generic,Uganda,29-Jan-10,29-Jan-10,600mg,Tablet,Yes,5050.8,From RDC,"Efavirenz 600mg, tablets, 30 Tabs",370,32660,188774.8,PMO - US,"Aurobindo Unit III, India",Efavirenz,5.78,N/A - From RDC,SO-33960,FPQ-4275,9/17/09,ARV,114-UG-T30,25-Feb-10,Truck,Adult,30,0.19,SCMS from RDC,N/A - From RDC,2804
84144,DN-2535,Generic,Haiti,12-Mar-12,12-Mar-12,10mg/ml,Oral solution,No,See DN-2535 (ID#:83011),From RDC,"Lamivudine 10mg/ml, oral solution w/syringe, Bottle, 240 ml",7.28,2808,5194.8,PMO - US,"Aurobindo Unit III, India",Lamivudine,1.85,N/A - From RDC,SO-41300,FPQ-9056,12/20/11,ARV,106-HT-T30,02-Mar-12,Air,Pediatric,240,0.01,SCMS from RDC,N/A - From RDC,See DN-2535 (ID#:83011)
2431,ASN-3634,Generic,South Africa,02-Dec-08,02-Dec-08,10mg/ml,Oral solution,No,Freight Included in Commodity Cost,Direct Drop,"Zidovudine 10mg/ml, oral solution, Bottle, 240 ml",6.65,929,3390.85,PMO - US,"Aurobindo Unit III, India",Zidovudine,3.65,Date Not Captured,SCMS-40810,Pre-PQ Process,Pre-PQ Process,ARV,116-ZA-T01,31-Mar-09,Air,Pediatric,240,0.02,S. BUYS WHOLESALER,DDP,Weight Captured Separately
14404,ASN-11255,Generic,South Africa,02-Sep-11,02-Sep-11,200mg,Tablet,Yes,10511.33,Direct Drop,"Nevirapine 200mg, tablets, 60 Tabs",710.32,150000,430500.0,PMO - US,"Strides, Bangalore, India.",Nevirapine,2.87,3/28/11,SCMS-103970,FPQ-7175,03-10-11,ARV,161-ZA-T30,02-Sep-11,Ocean,Adult,60,0.05,STRIDES ARCOLAB LIMITED,DDP,9306
85181,DN-2144,Generic,Uganda,01-Apr-11,01-Apr-11,200mg,Tablet,No,See DN-2144 (ID#:83493),From RDC,"Nevirapine 200mg, tablets, 60 Tabs",64.83,11979,30067.29,PMO - US,"Strides, Bangalore, India.",Nevirapine,2.51,N/A - From RDC,SO-38760,FPQ-6427,9/29/10,ARV,114-UG-T30,31-Mar-11,Truck,Adult,60,0.04,SCMS from RDC,N/A - From RDC,See DN-2144 (ID#:83493)
38949,ASN-10012,Ziagen,South Africa,07-Mar-11,07-Mar-11,20mg/ml,Oral solution,Yes,11770.87,Direct Drop,"Abacavir 20mg/ml [Ziagen], oral solution, Bottle, 240 ml",864.12,40000,400800.0,PMO - US,GSK Mississauga (Canada),Abacavir,10.02,9/21/10,SCMS-83880,FPQ-6262,8/31/10,ARV,161-ZA-T30,07-Mar-11,Air,Pediatric,240,0.04,ASPEN PHARMACARE,DDP,Weight Captured Separately
36880,ASN-27980,Generic,South Africa,27-Aug-14,27-Aug-14,300mg,Tablet,No,Freight Included in Commodity Cost,Direct Drop,"Abacavir 300mg, tablets, 60 Tabs",4.29,45,3471.61,PMO - US,"Aurobindo Unit III, India",Abacavir,77.15,8/27/14,SCMS-199283,FPQ-12522,07-11-13,ARV,116-ZA-T30,27-Aug-14,Truck,Adult,60,1.29,S. BUYS WHOLESALER,DDP,Weight Captured Separately
86033,DN-3501,Generic,Tanzania,19-Feb-14,24-Feb-14,60/30mg,Tablet - FDC,No,See DN-3501 (ID#:82641),From RDC,"Abacavir/Lamivudine 60/30mg, tablets, 60 Tabs",46.8,9458,37832.0,PMO - US,"Aurobindo Unit III, India",Abacavir/Lamivudine,4.0,N/A - From RDC,SO-46000,FPQ-12587,07-04-13,ARV,109-TZ-T30,31-Jan-14,Truck,Pediatric,60,0.07,SCMS from RDC,N/A - From RDC,See DN-3501 (ID#:82641)
50314,ASN-9855,Generic,South Africa,04-Apr-11,04-Apr-11,300mg,Tablet,Yes,7378.63,Direct Drop,"Tenofovir Disoproxil Fumarate 300mg, tablets, 30 Tabs",933.82,82500,565950.0,PMO - US,"Cipla, Goa, India",Tenofovir Disoproxil Fumarate,6.86,12-06-10,SCMS-93630,FPQ-6708,11/26/10,ARV,161-ZA-T30,04-Apr-11,Ocean,Adult,30,0.23,CIPLA LIMITED,DDP,5624
86094,DN-3747,Generic,CÃte dIvoire,16-Jun-14,10-Jul-14,200/50mg,Tablet,Yes,14985.96,From RDC,"Lopinavir/Ritonavir 200/50mg, tablets, 120 Tabs",272.1,13429,264685.59,PMO - US,Mylan (formerly Matrix) Nashik,Lopinavir/Ritonavir,19.71,N/A - From RDC,SO-47154,FPQ-13142,10/22/13,ARV,104-CI-T30,30-Jun-14,Truck,Adult,120,0.16,SCMS from RDC,N/A - From RDC,3522
82861,DN-1667,Generic,Haiti,03-Mar-10,03-Mar-10,20mg/ml,Oral solution,Yes,6036.96,From RDC,"Abacavir 20mg/ml, oral solution, Bottle, 240 ml",6.57,224,3046.4,PMO - US,"Aurobindo Unit III, India",Abacavir,13.6,N/A - From RDC,SO-35920,FPQ-4384,10/23/09,ARV,106-HT-T30,10-Mar-10,Air,Pediatric,240,0.06,SCMS from RDC,N/A - From RDC,746
34727,ASN-22351,Determine,Nigeria,11-Nov-13,17-Nov-13,MIssing,Test kit,Yes,21084.84,Direct Drop,"HIV 1/2, Determine Complete HIV Kit, 100 Tests",334.46,3038,270382.0,PMO - US,"Alere Medical Co., Ltd.","HIV 1/2, Determine Complete HIV Kit",89.0,07-10-13,SCMS-196561,FPQ-12456,06-10-13,HRDT,133-NG-T30,07-Nov-13,Air,HIV test,100,0.89,"Orgenics, Ltd",EXW,1234
82438,DN-2500,Generic,"Congo, DRC",14-Feb-12,14-Feb-12,200mg,Tablet,No,See DN-2500 (ID#:82436),From RDC,"Nevirapine 200mg, tablets, 60 Tabs",1.23,341,879.78,PMO - US,"Strides, Bangalore, India.",Nevirapine,2.58,N/A - From RDC,SO-41138,FPQ-8840,11/21/11,ARV,101-CD-T30,10-Feb-12,Air,Adult,60,0.04,SCMS from RDC,N/A - From RDC,See DN-2500 (ID#:82436)
29157,ASN-9949,Generic,South Africa,05-Apr-11,05-Apr-11,200mg,Tablet,Yes,19261.02,Direct Drop,"Nevirapine 200mg, tablets, 60 Tabs",415.8,69125,192858.75,PMO - US,"Cipla, Goa, India",Nevirapine,2.79,9/21/10,SCMS-84210,FPQ-6262,8/31/10,ARV,161-ZA-T30,05-Apr-11,Ocean,Adult,60,0.05,CIPLA LIMITED,DDP,7346
12544,DN-992,Generic,Uganda,09-Jan-09,09-Jan-09,150/200/30mg,Tablet - FDC,No,See DN-992 (ID#:11602),From RDC,"Lamivudine/Nevirapine/Stavudine 150/200/30mg, tablets, 60 Tabs",13.62,965,6948.0,PMO - US,"Strides, Bangalore, India.",Lamivudine/Nevirapine/Stavudine,7.2,N/A - From RDC,SO-17700,Pre-PQ Process,Pre-PQ Process,ARV,114-UG-T01,09-Jan-09,Air,Adult,60,0.12,SCMS from RDC,N/A - From RDC,See DN-992 (ID#:11602)
28773,ASN-10062,Determine,Haiti,06-Apr-11,06-Apr-11,MIssing,Test kit,Yes,7030.94,Direct Drop,"HIV 1/2, Determine HIV Kit, without Lancets, 100 Tests",322.34,2000,195360.0,PMO - US,Inverness Japan,"HIV 1/2, Determine HIV Kit, without Lancets",97.68,02-02-11,SCMS-98580,FPQ-7040,1/14/11,HRDT,106-HT-T30,06-Apr-11,Air,HIV test,100,0.98,"Orgenics, Ltd",FCA,453
3359,ASN-2502,Ziagen,South Africa,18-Aug-08,18-Aug-08,300mg,Tablet - blister,No,Freight Included in Commodity Cost,Direct Drop,"Abacavir 300mg [Ziagen], tablets, Blister 6 x 10 Tabs",2.14,40,1337.2,PMO - US,GSK Ware (UK),Abacavir,33.43,Date Not Captured,SCMS-28830,Pre-PQ Process,Pre-PQ Process,ARV,116-ZA-T01,25-Aug-08,Truck,Adult,60,0.56,S. BUYS WHOLESALER,DDP,Weight Captured Separately
11841,DN-579,Generic,Zambia,26-Nov-07,26-Nov-07,600mg,Tablet,Yes,17600.24,From RDC,"Efavirenz 600mg, tablets, 30 Tabs",877.05,44135,548156.7,PMO - US,"Aurobindo Unit III, India",Efavirenz,12.42,N/A - From RDC,SO-1675,Pre-PQ Process,Pre-PQ Process,ARV,110-ZM-T01,21-Jan-08,MIssing,Adult,30,0.41,SCMS from RDC,N/A - From RDC,4082
11578,DN-900,Generic,Zimbabwe,12-Sep-08,12-Sep-08,150/200/30mg,Tablet - FDC,No,See DN-900 (ID#:11284),From RDC,"Lamivudine/Nevirapine/Stavudine 150/200/30mg, tablets, 60 Tabs",899.84,76000,562400.0,PMO - US,"Cipla, Goa, India",Lamivudine/Nevirapine/Stavudine,7.4,N/A - From RDC,SO-2503,Pre-PQ Process,Pre-PQ Process,ARV,113-ZW-T01,12-Sep-08,Truck,Adult,60,0.12,SCMS from RDC,N/A - From RDC,See DN-900 (ID#:11284)
42361,ASN-29764,Generic,South Africa,10-Dec-14,10-Dec-14,300mg,Tablet,No,Freight Included in Commodity Cost,Direct Drop,"Zidovudine 300mg, tablets, 60 Tabs",0.34,13,287.28,PMO - US,"Aurobindo Unit III, India",Zidovudine,22.1,12-10-14,SCMS-267020,FPQ-15269,10/29/14,ARV,116-ZA-T30,10-Dec-14,Truck,Adult,60,0.37,S. BUYS WHOLESALER,DDP,Weight Captured Separately
3781,ASN-4323,OraQuick,Botswana,10-Jul-09,10-Jul-09,MIssing,Test kit,Yes,684.42,Direct Drop,"HIV 1/2, OraQuick Advance HIV Rapid Antibody Kit, 100 Tests",13.72,20,7000.0,PMO - US,"Pacific Biotech, Thailand","HIV 1/2, OraQuick Advance HIV Rapid Antibody Kit",350.0,3/25/09,SCMS-41880,Pre-PQ Process,Pre-PQ Process,HRDT,144-BW-T01,10-Jul-09,Air,HIV test,100,3.5,Orasure Technologies Inc.,EXW,48
11239,DN-800,Aluvia,Nigeria,19-Jun-08,19-Jun-08,200/50mg,Tablet,No,See DN-800 (ID#:10953),From RDC,"Lopinavir/Ritonavir 200/50mg [Aluvia], tablets, 120 Tabs",5.52,84,3452.4,PMO - US,ABBVIE Ludwigshafen Germany,Lopinavir/Ritonavir,41.1,N/A - From RDC,SO-2726,Pre-PQ Process,Pre-PQ Process,ARV,112-NG-T01,19-Jun-08,Air,Adult,120,0.34,SCMS from RDC,N/A - From RDC,See DN-800 (ID#:10953)
1114,ASN-4244,Truvada,South Africa,17-Apr-09,17-Apr-09,300/200mg,Tablet - FDC,Yes,Freight Included in Commodity Cost,Direct Drop,"Emtricitabine/Tenofovir Disoproxil Fumarate 200/300mg [Truvada], tablets, 30 Tabs",5.52,80,2816.0,PMO - US,"Aspen-OSD, Port Elizabeth, SA",Emtricitabine/Tenofovir Disoproxil Fumarate,35.2,04-02-09,SCMS-47430,Pre-PQ Process,Pre-PQ Process,ARV,116-ZA-T01,15-May-09,Truck,Adult,30,1.17,S. BUYS WHOLESALER,DDP,Weight Captured Separately
84319,DN-3381,Generic,Burundi,22-Nov-13,21-Jan-14,200/50mg,Tablet,Yes,771.9,From RDC,"Lopinavir/Ritonavir 200/50mg, tablets, 120 Tabs",2.29,88,1848.0,PMO - US,Mylan (formerly Matrix) Nashik,Lopinavir/Ritonavir,21.0,N/A - From RDC,SO-46020,FPQ-12602,07-09-13,ARV,102-BI-T30,15-Nov-13,Air,Adult,120,0.18,SCMS from RDC,N/A - From RDC,95
14309,ASN-17018,Aluvia,Vietnam,15-Jan-13,15-Jan-13,200/50mg,Tablet,Yes,3216.15,Direct Drop,"Lopinavir/Ritonavir 200/50mg [Aluvia], tablets, 120 Tabs",325.05,3812,231845.84,PMO - US,ABBVIE Ludwigshafen Germany,Lopinavir/Ritonavir,60.82,8/14/12,SCMS-155700,FPQ-10286,7/25/12,ARV,108-VN-T30,15-Jan-13,Air,Adult,120,0.51,ABBVIE LOGISTICS (FORMERLY ABBOTT LOGISTICS BV),FCA,824
11119,DN-166,Crixivan,CÃte dIvoire,21-Jun-07,21-Jun-07,400mg,Capsule,Yes,3501,From RDC,"Indinavir 400mg [Crixivan], capsules, 180 Caps",MIssing,4402,220100.0,PMO - US,MSD Elkton USA,Indinavir,50.0,N/A - From RDC,SO-625,Pre-PQ Process,Pre-PQ Process,ARV,104-CI-T01,21-Jun-07,MIssing,Adult,180,0.28,SCMS from RDC,N/A - From RDC,994
64824,ASN-32118,Generic,Nigeria,02-Jun-15,04-Jun-15,300/100mg,Tablet,Yes,11732.9,Direct Drop,"Atazanavir/Ritonavir 300/100mg, tablets, 30 Tabs",198.31,10717,192906.0,PMO - US,"Emcure Plot No.P-2, I.T-B.T. Park, Phase II, MIDC, Hinjwadi, Pune, India",Atazanavir/Ritonavir,18.0,8/29/14,SCMS-254180,FPQ-14780,8/13/14,ARV,151-NG-T30,02-Jun-15,Air,Adult,30,0.6,EMCURE PHARMACEUTICALS LTD,EXW,1400
68367,ASN-15880,Generic,Rwanda,08-Oct-12,08-Oct-12,300/300mg,Tablet - FDC,Yes,24250.15,Direct Drop,"Lamivudine/Tenofovir Disoproxil Fumarate 300/300mg, tablets, 30 Tabs",958.33,131704,683543.76,PMO - US,Mylan (formerly Matrix) Nashik,Lamivudine/Tenofovir Disoproxil Fumarate,5.19,5/31/12,SCMS-137550,FPQ-9168,1/13/12,ARV,107-RW-T30,08-Oct-12,Ocean,Adult,30,0.17,MYLAN LABORATORIES LTD (FORMERLY MATRIX LABORATORIES),EXW,10116
35699,ASN-22654,Generic,Cameroon,16-Dec-13,17-Dec-13,600/300/300mg,Tablet - FDC,Yes,77756.12,Direct Drop,"Efavirenz/Lamivudine/Tenofovir Disoproxil Fumarate 600/300/300mg, tablets, 30 Tabs",1058.34,76733,855572.95,PMO - US,Mylan (formerly Matrix) Nashik,Efavirenz/Lamivudine/Tenofovir Disoproxil Fumarate,11.15,8/23/13,SCMS-204320,FPQ-12837,8/19/13,ARV,901-CM-T30,16-Dec-13,Air,Adult,30,0.37,MYLAN LABORATORIES LTD (FORMERLY MATRIX LABORATORIES),EXW,9268
1245,ASN-5,Genie,CÃte dIvoire,27-Jun-06,27-Jun-06,MIssing,Test kit,Yes,1816.57,Direct Drop,"#108853** HIV, Genie II HIV-1/HIV-2 Kit, 40 Tests",MIssing,147,11076.45,PMO - US,Bio-Rad Laboratories,"HIV, Genie II HIV-1/HIV-2 Kit",75.35,4/19/06,SCMS-1,Pre-PQ Process,Pre-PQ Process,HRDT,100-CI-T01,27-Jun-06,Air,HIV test,40,1.88,BIO-RAD LABORATORIES (FRANCE),EXW,165
85872,DN-2718,Generic,Tanzania,25-Jul-12,25-Jul-12,300mg,Tablet,No,See DN-2718 (ID#:84176),From RDC,"Tenofovir Disoproxil Fumarate 300mg, tablets, 30 Tabs",77.11,10000,55000.0,PMO - US,"Aurobindo Unit III, India",Tenofovir Disoproxil Fumarate,5.5,N/A - From RDC,SO-41581,FPQ-9271,1/31/12,ARV,109-TZ-T30,01-Aug-12,Truck,Adult,30,0.18,SCMS from RDC,N/A - From RDC,See DN-2718 (ID#:84176)
914,ASN-3242,Generic,CÃte dIvoire,02-Mar-09,02-Mar-09,600mg/2ml,Injection,Yes,25405.22,Direct Drop,"Quinine 600mg/2ml (as dihydrochloride), injection, 2ml x 100 Ampules",5.35,140,2731.4,PMO - US,Gland Pharma Ltd Pally Factory,Quinine (as dihydrochloride),19.51,12/19/08,SCMS-35790,Pre-PQ Process,Pre-PQ Process,ANTM,104-CI-T01,02-Mar-09,Air,Malaria,100,0.2,IDA FOUNDATION,EXW,5209
12484,DN-748,Generic,Tanzania,30-Jun-08,30-Jun-08,600mg,Tablet,Yes,9330,From RDC,"Efavirenz 600mg, tablets, 30 Tabs",1441.2,75000,900750.0,PMO - US,"Aurobindo Unit III, India",Efavirenz,12.01,N/A - From RDC,SO-2556,Pre-PQ Process,Pre-PQ Process,ARV,109-TZ-T01,30-Jun-08,Truck,Adult,30,0.4,SCMS from RDC,N/A - From RDC,15566
45400,ASN-5183,Norvir,Vietnam,03-Nov-09,03-Nov-09,100mg,Capsule,Yes,4410.73,Direct Drop,"Ritonavir 100mg [Norvir], capsules, cool, 4 x 84 Caps",6.01,40,3068.8,PMO - US,ABBVIE (Abbott) Logis. UK,Ritonavir,76.72,9/24/09,SCMS-53720,FPQ-4302,9/18/09,ARV,108-VN-T30,03-Nov-09,Air,Adult,336,0.23,ABBVIE LOGISTICS (FORMERLY ABBOTT LOGISTICS BV),FCA,114
62413,ASN-18661,Generic,Vietnam,01-Apr-13,01-Apr-13,600mg,Tablet,Yes,1226.11,Direct Drop,"Efavirenz 600mg, tablets, 30 Tabs",29.13,7245,23546.25,PMO - US,"Hetero, Jadcherla, unit 5, IN",Efavirenz,3.25,11-07-12,SCMS-164580,FPQ-10811,10/15/12,ARV,108-VN-T30,01-Apr-13,Air,Adult,30,0.11,HETERO LABS LIMITED,EXW,622
85325,DN-2981,Generic,"Congo, DRC",11-Sep-13,11-Sep-13,200mg,Tablet,No,See DN-2981 (ID#:82538),From RDC,"Nevirapine 200mg, tablets, 60 Tabs",0.49,170,392.7,PMO - US,"Aurobindo Unit III, India",Nevirapine,2.31,N/A - From RDC,SO-43680,FPQ-11054,11/16/12,ARV,101-CD-T30,11-Sep-13,Air,Adult,60,0.04,SCMS from RDC,N/A - From RDC,See DN-2981 (ID#:82538)
38662,ASN-15302,Determine,Malawi,04-Jul-12,04-Jul-12,MIssing,Test kit,Yes,3278.11,Direct Drop,"HIV 1/2, Determine Complete HIV Kit, 100 Tests",27.59,246,19680.0,PMO - US,"Alere Medical Co., Ltd.","HIV 1/2, Determine Complete HIV Kit",80.0,4/23/12,SCMS-144180,FPQ-9568,04-11-12,HRDT,102-MW-T30,04-Jul-12,Air,HIV test,100,0.8,"Orgenics, Ltd",EXW,114
32077,ASN-26439,Generic,"Congo, DRC",26-Aug-14,16-Sep-14,10mg/ml,Oral solution,Yes,2038.97,Direct Drop,"Zidovudine 10mg/ml, oral solution, Bottle, 240 ml",0.75,367,734.0,PMO - US,"Aurobindo Unit III, India",Zidovudine,2.0,05-05-14,SCMS-234260,FPQ-13555,3/19/14,ARV,101-CD-T30,26-Aug-14,Air,Pediatric,240,0.01,Aurobindo Pharma Limited,EXW,161
11813,DN-434,Generic,CÃte dIvoire,22-Nov-07,22-Nov-07,150mg,Tablet,No,See DN-434 (ID#:11483),From RDC,"Lamivudine 150mg, tablets, 60 Tabs",101.16,20797,63222.88,PMO - US,"Aurobindo Unit III, India",Lamivudine,3.04,N/A - From RDC,SO-1101,Pre-PQ Process,Pre-PQ Process,ARV,104-CI-T01,22-Nov-07,Air,Adult,60,0.05,SCMS from RDC,N/A - From RDC,See DN-434 (ID#:11483)
10547,DN-114,Truvada,Zambia,16-May-07,16-May-07,300/200mg,Tablet - FDC,Yes,5245.98,From RDC,"Emtricitabine/Tenofovir Disoproxil Fumarate 200/300mg [Truvada], tablets, 30 Tabs",MIssing,14851,389838.75,PMO - US,Gilead(Nycomed) Oranienburg DE,Emtricitabine/Tenofovir Disoproxil Fumarate,26.25,N/A - From RDC,SO-210,Pre-PQ Process,Pre-PQ Process,ARV,110-ZM-T01,16-May-07,MIssing,Adult,30,0.88,SCMS from RDC,N/A - From RDC,899
78532,ASN-9740,Bioline,Botswana,02-Mar-11,02-Mar-11,MIssing,Test kit,Yes,706.18,Direct Drop,"HIV 1/2, Bioline 3.0 Kit, Lancets, Capillary pipets, Alcohol swabs included, 25 Tests",1.32,40,800.0,PMO - US,"Standard Diagnostics, Korea","HIV 1/2, Bioline 3.0 Kit, Lancets, Capillary pipets, Alcohol swabs included",20.0,12-02-10,SCMS-92600,FPQ-6645,11-11-10,HRDT,102-BW-T30,02-Mar-11,Air,HIV test,25,0.8,"Standard Diagnostics, Inc.",EXW,14
12487,DN-620,Generic,Nigeria,14-Feb-08,14-Feb-08,150/300/200mg,Tablet - FDC,No,See DN-620 (ID#:12168),From RDC,"Lamivudine/Nevirapine/Zidovudine 150/200/300mg, tablets, 60 Tabs",193.1,8940,120690.0,PMO - US,"Cipla, Goa, India",Lamivudine/Nevirapine/Zidovudine,13.5,N/A - From RDC,SO-1571,Pre-PQ Process,Pre-PQ Process,ARV,112-NG-T01,14-Feb-08,Air,Adult,60,0.22,SCMS from RDC,N/A - From RDC,See DN-620 (ID#:12168)
84277,DN-3247,Generic,CÃte dIvoire,23-Jul-13,23-Jul-13,300mg,Tablet,Yes,1478.35,From RDC,"Tenofovir Disoproxil Fumarate 300mg, tablets, 30 Tabs",13.27,2656,10730.24,PMO - US,Mylan (formerly Matrix) Nashik,Tenofovir Disoproxil Fumarate,4.04,N/A - From RDC,SO-44151,FPQ-11254,12/14/12,ARV,104-CI-T30,31-Oct-13,Truck,Adult,30,0.13,SCMS from RDC,N/A - From RDC,167
66277,ASN-14824,Prezista,Uganda,10-May-12,10-May-12,300mg,Tablet,Yes,527,Direct Drop,"Darunavir 300mg [Prezista], tablets, 120 Tabs",9.34,100,6660.0,PMO - US,"Aspen-OSD, Port Elizabeth, SA",Darunavir,66.6,4/17/12,SCMS-142300,FPQ-9365,3/15/12,ARV,114-UG-T30,10-May-12,Air,Adult,120,0.55,ASPEN PHARMACARE,DDP,14
9550,ASN-1329,Viread,Ethiopia,04-Mar-08,04-Mar-08,300mg,Tablet,No,See ASN-1329 (ID#:6896),Direct Drop,"Tenofovir Disoproxil Fumarate 300mg [Viread], tablets, 30 Tabs",0.01,780,7.8,PMO - US,"Aspen-OSD, Port Elizabeth, SA",Tenofovir Disoproxil Fumarate,0.01,01-03-08,SCMS-16220,Pre-PQ Process,Pre-PQ Process,ARV,117-ET-T01,04-Mar-08,Air,Adult,30,0.0,ASPEN PHARMACARE,EXW,See ASN-1329 (ID#:6896)
11618,DN-1060,Generic,Ethiopia,18-Feb-09,18-Feb-09,150/200/30mg,Tablet - FDC,Yes,29336.46,From RDC,"Lamivudine/Nevirapine/Stavudine 150/200/30mg, tablets, 60 Tabs",115.24,8258,58796.96,PMO - US,"Strides, Bangalore, India.",Lamivudine/Nevirapine/Stavudine,7.12,N/A - From RDC,SO-22000,Pre-PQ Process,Pre-PQ Process,ARV,117-ET-T01,18-Feb-09,Air,Adult,60,0.12,SCMS from RDC,N/A - From RDC,5147
53878,ASN-31750,Uni-Gold,"Congo, DRC",02-Jul-15,30-Jul-15,MIssing,Test kit,No,See ASN-31750 (ID#:19272),Direct Drop,"HIV 1/2, Uni-Gold HIV Kit, 20 Tests",1.51,40,1280.0,PMO - US,"Trinity Biotech, Plc","HIV 1/2, Uni-Gold HIV Kit",32.0,3/16/15,SCMS-280210,FPQ-16001,03-10-15,HRDT,101-CD-T30,02-Jul-15,Air,HIV test,20,1.6,"Trinity Biotech, Plc",EXW,See ASN-31750 (ID#:19272)
84329,DN-3516,Generic,Uganda,17-Feb-14,04-Mar-14,60/30mg,Tablet - FDC,Yes,790.29,From RDC,"Abacavir/Lamivudine 60/30mg, tablets, 60 Tabs",9.22,1864,7456.0,PMO - US,"Aurobindo Unit III, India",Abacavir/Lamivudine,4.0,N/A - From RDC,SO-45520,FPQ-12253,05-08-13,ARV,114-UG-T30,31-Jan-14,Air,Pediatric,60,0.07,SCMS from RDC,N/A - From RDC,89
75925,ASN-21946,Generic,Cameroon,09-Nov-13,13-Nov-13,600/300/300mg,Tablet - FDC,Yes,102199.13,Direct Drop,"Efavirenz/Lamivudine/Tenofovir Disoproxil Fumarate 600/300/300mg, tablets, 30 Tabs",1071.17,82471,865945.5,PMO - US,Hetero Unit III Hyderabad IN,Efavirenz/Lamivudine/Tenofovir Disoproxil Fumarate,10.5,07-01-13,SCMS-196520,FPQ-12528,6/21/13,ARV,901-CM-T30,09-Nov-13,Air,Adult,30,0.35,HETERO LABS LIMITED,EXW,11615
10662,DN-556,Generic,Tanzania,06-Feb-08,06-Feb-08,150/300mg,Tablet - FDC,Yes,4207.4,From RDC,"Lamivudine/Zidovudine 150/300mg, tablets, 60 Tabs",144.04,9476,90022.0,PMO - US,"Aurobindo Unit III, India",Lamivudine/Zidovudine,9.5,N/A - From RDC,SO-1647,Pre-PQ Process,Pre-PQ Process,ARV,109-TZ-T01,06-Feb-08,Air,Adult,60,0.16,SCMS from RDC,N/A - From RDC,1008
11162,DN-366,Generic,Zambia,27-Sep-07,27-Sep-07,600mg,Tablet,No,See DN-366 (ID#:11161),From RDC,"Efavirenz 600mg, tablets, 30 Tabs",2177.23,69783,1360768.5,PMO - US,"Cipla, Goa, India",Efavirenz,19.5,N/A - From RDC,SO-940,Pre-PQ Process,Pre-PQ Process,ARV,110-ZM-T01,27-Sep-07,MIssing,Adult,30,0.65,SCMS from RDC,N/A - From RDC,See DN-366 (ID#:11161)
86081,DN-3698,Generic,Mozambique,25-Jul-14,05-Sep-14,150/300/200mg,Tablet - FDC,Yes,4486.01,From RDC,"Lamivudine/Nevirapine/Zidovudine 150/200/300mg, tablets, 60 Tabs",392.74,47108,382045.88,PMO - US,"Cipla, Goa, India",Lamivudine/Nevirapine/Zidovudine,8.11,N/A - From RDC,SO-47461,FPQ-13394,12-09-13,ARV,111-MZ-T30,16-Jul-14,Truck,Adult,60,0.14,SCMS from RDC,N/A - From RDC,7041
84701,DN-2499,Generic,"Congo, DRC",14-Feb-12,14-Feb-12,150/300/200mg,Tablet - FDC,No,See DN-2499 (ID#:83004),From RDC,"Lamivudine/Nevirapine/Zidovudine 150/200/300mg, tablets, 60 Tabs",10.49,680,7480.0,PMO - US,Mylan (formerly Matrix) Nashik,Lamivudine/Nevirapine/Zidovudine,11.0,N/A - From RDC,SO-41137,FPQ-8840,11/21/11,ARV,101-CD-T30,16-Mar-12,Air,Adult,60,0.18,SCMS from RDC,N/A - From RDC,See DN-2499 (ID#:83004)
86618,DN-3385,Generic,Uganda,13-Nov-13,27-Nov-13,200mg,Tablet,No,See DN-3385 (ID#:85415),From RDC,"Efavirenz 200mg, scored tablets, 90 Tabs",92.44,8035,74725.5,PMO - US,"Strides, Bangalore, India.",Efavirenz,9.3,N/A - From RDC,SO-45570,FPQ-12253,05-08-13,ARV,114-UG-T30,29-Nov-13,Truck,Pediatric,90,0.1,SCMS from RDC,N/A - From RDC,See DN-3385 (ID#:85415)
13652,ASN-4872,Generic,Vietnam,30-Sep-09,30-Sep-09,600mg,Tablet,Yes,4191.83,Direct Drop,"Efavirenz 600mg, tablets, 30 Tabs",273.96,21504,139776.0,PMO - US,Mylan (formerly Matrix) Nashik,Efavirenz,6.5,6/29/09,SCMS-48290,FPQ-3896,6/25/09,ARV,108-VN-T30,30-Sep-09,Air,Adult,30,0.22,MYLAN LABORATORIES LTD (FORMERLY MATRIX LABORATORIES),EXW,1849
86310,DN-1872,Generic,CÃte dIvoire,30-Jun-10,30-Jun-10,150/30mg,Tablet - FDC,Yes,17117.51,From RDC,"Lamivudine/Stavudine 150/30mg, tablets, 60 Tabs",56.72,8021,26308.88,PMO - US,"Cipla, Goa, India",Lamivudine/Stavudine,3.28,N/A - From RDC,SO-36861,FPQ-5623,05-07-10,ARV,104-CI-T30,05-Jul-10,Air,Adult,60,0.05,SCMS from RDC,N/A - From RDC,611
23404,ASN-31323,Determine,South Sudan,03-Jun-15,05-Jun-15,MIssing,Test kit - Ancillary,No,See ASN-31323 (ID#:14240),Direct Drop,"Chase Buffer, Determine, 100 Tests, 2.5ml x 1 Vial",0.12,20,100.0,PMO - US,"Alere Medical Co., Ltd.","Chase Buffer, Determine, 100 Tests, 2.5ml x 1 Vial",5.0,2/20/15,SCMS-272160,FPQ-15569,12/29/14,HRDT,105-SS-T30,03-Jun-15,Air,HIV test - Ancillary,1,5.0,"Orgenics, Ltd",EXW,See ASN-31323 (ID#:14240)
83979,DN-1643,Generic,Zambia,05-Mar-10,05-Mar-10,150/200/30mg,Tablet - FDC,No,See DN-1643 (ID#:82293),From RDC,"Lamivudine/Nevirapine/Stavudine 150/200/30mg, tablets, 60 Tabs",19.54,1541,9970.27,PMO - US,"Strides, Bangalore, India.",Lamivudine/Nevirapine/Stavudine,6.47,N/A - From RDC,SO-33690,FPQ-4273,9/17/09,ARV,110-ZM-T30,15-Mar-10,Truck,Adult,60,0.11,SCMS from RDC,N/A - From RDC,See DN-1643 (ID#:82293)
39453,ASN-31750,Uni-Gold,"Congo, DRC",02-Jul-15,30-Jul-15,MIssing,Test kit,No,See ASN-31750 (ID#:19272),Direct Drop,"HIV 1/2, Uni-Gold HIV Kit, 20 Tests",2.75,73,2336.0,PMO - US,"Trinity Biotech, Plc","HIV 1/2, Uni-Gold HIV Kit",32.0,3/16/15,SCMS-280210,FPQ-16001,03-10-15,HRDT,101-CD-T30,02-Jul-15,Air,HIV test,20,1.6,"Trinity Biotech, Plc",EXW,See ASN-31750 (ID#:19272)
85916,DN-2909,Generic,Nigeria,07-Nov-12,07-Nov-12,150/300/200mg,Tablet - FDC,Yes,15459.09,From RDC,"Lamivudine/Nevirapine/Zidovudine 150/200/300mg, tablets, 60 Tabs",1564.52,116000,1115920.0,PMO - US,Hetero Unit III Hyderabad IN,Lamivudine/Nevirapine/Zidovudine,9.62,N/A - From RDC,SO-43430,FPQ-9968,5/23/12,ARV,151-NG-T30,07-Nov-12,Air,Adult,60,0.16,SCMS from RDC,N/A - From RDC,17521
26898,ASN-18782,Colloidal Gold,Haiti,25-Apr-13,25-Apr-13,MIssing,Test kit,Yes,2179.49,Direct Drop,"HIV 1/2, SKB Colloidal Gold, Diagnostic Kit, Antibody, 50 Tests",7.58,250,6125.0,PMO - US,"KHB Test Kit Facility, Shanghai China","HIV 1/2, Colloidal Gold, Diagnostic Kit, Antibody",24.5,12-12-12,SCMS-169350,FPQ-11065,11/26/12,HRDT,106-HT-T30,25-Apr-13,Air,HIV test,1,24.5,"SHANGHAI KEHUA BIOENGINEERING CO.,LTD.  (KHB)",EXW,164
24842,ASN-16907,Determine,Tanzania,20-Nov-12,20-Nov-12,MIssing,Test kit,Yes,64075.1,Direct Drop,"HIV 1/2, Determine Complete HIV Kit, 100 Tests",897.28,8000,640000.0,PMO - US,"Alere Medical Co., Ltd.","HIV 1/2, Determine Complete HIV Kit",80.0,8/21/12,SCMS-157660,FPQ-10396,7/31/12,HRDT,900-TZ-T30,20-Nov-12,Air,HIV test,100,0.8,"Orgenics, Ltd",EXW,3803
85994,DN-3300,Generic,Tanzania,01-Oct-13,09-Oct-13,30/6mg,Chewable/dispersible tablet - FDC,No,See DN-3300 (ID#:82601),From RDC,"Lamivudine/Stavudine 30/6mg, dispersible tablets, 60 Tabs",2.18,926,1759.4,PMO - US,"Cipla, Goa, India",Lamivudine/Stavudine,1.9,N/A - From RDC,SO-44993,FPQ-12015,04-02-13,ARV,109-TZ-T30,25-Oct-13,Truck,Pediatric,60,0.03,SCMS from RDC,N/A - From RDC,See DN-3300 (ID#:82601)
27586,ASN-16730,Determine,South Sudan,30-Nov-12,30-Nov-12,MIssing,Test kit - Ancillary,Yes,5124.22,Direct Drop,"Capillary Tubes, for Determine, EDTA, 50uL,100 Pcs",1.94,173,1384.0,PMO - US,"Alere Medical Co., Ltd.","HIV, Capillary Tubes, for Determine, EDTA, 50uL,100 Pcs",8.0,6/20/12,SCMS-147641,FPQ-9807,5/18/12,HRDT,105-SS-T30,30-Nov-12,Air,HIV test - Ancillary,100,0.08,"Orgenics, Ltd",EXW,201
21752,ASN-7661,Generic,Vietnam,13-Aug-10,13-Aug-10,250mg,Delayed-release capsules,Yes,13320.8,Direct Drop,"Didanosine 250mg, delayed-release capsules, 30 Caps",7.06,252,3276.0,PMO - US,"Aurobindo Unit III, India",Didanosine,13.0,3/25/10,SCMS-69250,FPQ-5317,3/22/10,ARV,108-VN-T30,13-Aug-10,Air,Adult,30,0.43,Aurobindo Pharma Limited,EXW,1553
83584,DN-2624,Generic,Zambia,30-Apr-12,30-Apr-12,150/300mg,Tablet - FDC,Yes,36650.58,From RDC,"Lamivudine/Zidovudine 150/300mg, tablets, 60 Tabs",2012.45,152458,1219664.0,PMO - US,Mylan (formerly Matrix) Nashik,Lamivudine/Zidovudine,8.0,N/A - From RDC,SO-40955,FPQ-8476,9/27/11,ARV,110-ZM-T30,15-May-12,Truck,Adult,60,0.13,SCMS from RDC,N/A - From RDC,28103
82324,DN-1864,Generic,Nigeria,28-Jun-10,28-Jun-10,150/300/200mg,Tablet - FDC,Yes,Freight Included in Commodity Cost,From RDC,"Lamivudine/Nevirapine/Zidovudine 150/200/300mg, tablets, 60 Tabs",546,22571,253246.62,PMO - US,"Aurobindo Unit III, India",Lamivudine/Nevirapine/Zidovudine,11.22,N/A - From RDC,SO-36572,FPQ-4537,11-06-09,ARV,151-NG-T30,30-Jun-10,Air Charter,Adult,60,0.19,SCMS from RDC,N/A - From RDC,2657
11743,DN-284,Generic,Zambia,07-Aug-07,07-Aug-07,20mg/ml,Oral solution,Yes,1105.9,From RDC,"Abacavir 20mg/ml, oral solution, Bottle, 240 ml",13.2,500,8250.0,PMO - US,"Aurobindo Unit III, India",Abacavir,16.5,N/A - From RDC,SO-751,Pre-PQ Process,Pre-PQ Process,ARV,110-ZM-T01,07-Aug-07,MIssing,Pediatric,240,0.07,SCMS from RDC,N/A - From RDC,178
85830,DN-2553,Generic,CÃte dIvoire,24-Feb-12,24-Feb-12,600/300mg,Tablet - FDC,Yes,1131.63,From RDC,"Abacavir/Lamivudine 600/300mg, scored tablets, 30 Tabs",46.78,1260,28350.0,PMO - US,Mylan (formerly Matrix) Nashik,Abacavir/Lamivudine,22.5,N/A - From RDC,SO-40840,FPQ-8363,8/29/11,ARV,104-CI-T30,30-Mar-12,Truck,Adult,30,0.75,SCMS from RDC,N/A - From RDC,122
12202,DN-697,Determine,Kenya,31-Mar-08,31-Mar-08,MIssing,Test kit,Yes,405.97,From RDC,"HIV 1/2, Determine HIV Kit, without Lancets, 100 Tests",255.97,2000,159980.0,PMO - US,Inverness Japan,"HIV 1/2, Determine HIV Kit, without Lancets",79.99,N/A - From RDC,SO-1973,Pre-PQ Process,Pre-PQ Process,HRDT,102-KE-T01,31-Mar-08,Truck,HIV test,100,0.8,SCMS from RDC,N/A - From RDC,490
79803,ASN-27472,Determine,Nigeria,29-Aug-14,04-Sep-14,MIssing,Test kit,Yes,35117.35,Direct Drop,"HIV 1/2, Determine Complete HIV Kit, 100 Tests",540.08,5903,525367.0,PMO - US,"Alere Medical Co., Ltd.","HIV 1/2, Determine Complete HIV Kit",89.0,06-02-14,SCMS-240830,FPQ-14305,5/16/14,HRDT,133-NG-T30,19-Aug-14,Air,HIV test,100,0.89,"Orgenics, Ltd",EXW,3473
83537,DN-2377,Generic,Nigeria,28-Sep-11,28-Sep-11,600mg,Tablet,Yes,18495.9,From RDC,"Efavirenz 600mg, tablets, 30 Tabs",696.3,100000,422000.0,PMO - US,Hetero Unit III Hyderabad IN,Efavirenz,4.22,N/A - From RDC,SO-39999,FPQ-7812,06-06-11,ARV,151-NG-T30,03-Nov-11,Air Charter,Adult,30,0.14,SCMS from RDC,N/A - From RDC,5712
86728,DN-3938,Generic,Guyana,09-Oct-14,22-Oct-14,150/300mg,Tablet - FDC,Yes,973.48,From RDC,"Lamivudine/Zidovudine 150/300mg, tablets, 60 Tabs",1.55,228,1504.8,PMO - US,"Aurobindo Unit III, India",Lamivudine/Zidovudine,6.6,N/A - From RDC,SO-48521,FPQ-14042,04-09-14,ARV,105-GY-T30,30-Sep-14,Air,Adult,60,0.11,SCMS from RDC,N/A - From RDC,21
21390,ASN-29771,Generic,Vietnam,15-Jan-15,24-Feb-15,300mg,Tablet,Yes,1069.31,Direct Drop,"Abacavir 300mg, tablets, 60 Tabs",13.68,1200,13308.0,PMO - US,Mylan (formerly Matrix) Nashik,Abacavir,11.09,11/24/14,SCMS-251671,FPQ-14516,07-09-14,ARV,108-VN-T30,15-Jan-15,Air,Adult,60,0.18,MYLAN LABORATORIES LTD (FORMERLY MATRIX LABORATORIES),EXW,128
86513,DN-2844,Generic,Tanzania,15-Nov-12,15-Nov-12,200/50mg,Tablet,Yes,6052.1,From RDC,"Lopinavir/Ritonavir 200/50mg, tablets, 120 Tabs",662.17,16114,472301.34,PMO - US,Mylan (formerly Matrix) Nashik,Lopinavir/Ritonavir,29.31,N/A - From RDC,SO-41582,FPQ-9271,1/31/12,ARV,109-TZ-T30,15-Nov-12,Truck,Adult,120,0.24,SCMS from RDC,N/A - From RDC,4256
82594,DN-3264,Generic,Uganda,10-Aug-13,10-Aug-13,30/6mg,Chewable/dispersible tablet - FDC,Yes,951.75,From RDC,"Lamivudine/Stavudine 30/6mg, dispersible tablets, 60 Tabs",0.87,372,706.8,PMO - US,"Cipla, Goa, India",Lamivudine/Stavudine,1.9,N/A - From RDC,SO-45510,FPQ-12253,05-08-13,ARV,114-UG-T30,30-Aug-13,Air,Pediatric,60,0.03,SCMS from RDC,N/A - From RDC,33
12170,DN-742,Generic,Haiti,02-Jun-08,02-Jun-08,20mg/ml,Oral solution,No,See DN-742 (ID#:11537),From RDC,"Abacavir 20mg/ml, oral solution, Bottle, 240 ml",4.22,160,2640.0,PMO - US,"Aurobindo Unit III, India",Abacavir,16.5,N/A - From RDC,SO-2047,Pre-PQ Process,Pre-PQ Process,ARV,106-HT-T01,02-Jun-08,Air,Pediatric,240,0.07,SCMS from RDC,N/A - From RDC,See DN-742 (ID#:11537)
85803,DN-2420,Generic,CÃte dIvoire,19-Nov-11,19-Nov-11,200/300mg,Tablet - FDC,No,See DN-2420 (ID#:82989),From RDC,"Emtricitabine/Tenofovir Disoproxil Fumarate 200/300mg, tablets, 30 Tabs",214.31,14480,129885.6,PMO - US,"Aurobindo Unit III, India",Emtricitabine/Tenofovir Disoproxil Fumarate,8.97,N/A - From RDC,SO-40750,FPQ-8295,8/25/11,ARV,104-CI-T30,09-Dec-11,Truck,Adult,30,0.3,SCMS from RDC,N/A - From RDC,See DN-2420 (ID#:82989)
75733,ASN-29167,Generic,South Sudan,11-Dec-14,16-Dec-14,30/60mg,Chewable/dispersible tablet - FDC,Yes,1944.99,Direct Drop,"Lamivudine/Zidovudine 30/60mg, dispersible tablets, 60 Tabs",1.24,635,1206.5,PMO - US,"Cipla, Goa, India",Lamivudine/Zidovudine,1.9,7/31/14,SCMS-249920,FPQ-14517,6/30/14,ARV,103-SS-T30,11-Dec-14,Air,Pediatric,60,0.03,CIPLA LIMITED,EXW,59
82005,ASN-8262,Generic,South Africa,04-Mar-11,04-Mar-11,150mg,Tablet,Yes,10984.82,Direct Drop,"Lamivudine 150mg, tablets, 60 Tabs",682.6,130828,316603.76,PMO - US,"Aurobindo Unit III, India",Lamivudine,2.42,6/17/10,SCMS-75460,FPQ-5648,06-02-10,ARV,161-ZA-T30,04-Mar-11,Ocean,Adult,60,0.04,Aurobindo Pharma Limited,DDP,6525
84049,DN-2025,Generic,Nigeria,10-Nov-10,10-Nov-10,150/200/30mg,Tablet - FDC,No,See DN-2025 (ID#:83460),From RDC,"Lamivudine/Nevirapine/Stavudine 150/200/30mg, tablets, 60 Tabs",24.71,2000,11460.0,PMO - US,"Cipla, Goa, India",Lamivudine/Nevirapine/Stavudine,5.73,N/A - From RDC,SO-37500,FPQ-5688,5/27/10,ARV,151-NG-T30,22-Oct-10,Air,Adult,60,0.1,SCMS from RDC,N/A - From RDC,See DN-2025 (ID#:83460)
82595,DN-3268,Generic,"Congo, DRC",08-Feb-14,11-Mar-14,150/300mg,Tablet - FDC,Yes,20499.33,From RDC,"Lamivudine/Zidovudine 150/300mg, tablets, 60 Tabs",91.7,10590,74130.0,PMO - US,Hetero Unit III Hyderabad IN,Lamivudine/Zidovudine,7.0,N/A - From RDC,SO-45020,FPQ-12033,04-08-13,ARV,101-CD-T30,27-Aug-13,Air,Adult,60,0.12,SCMS from RDC,N/A - From RDC,5426
72836,ASN-28672,Generic,Ghana,10-Nov-14,12-Nov-14,150/300/200mg,Tablet - FDC,Yes,18545.17,Direct Drop,"Lamivudine/Nevirapine/Zidovudine 150/200/300mg, tablets, 60 Tabs",245.36,29107,238677.4,PMO - US,"Aurobindo Unit III, India",Lamivudine/Nevirapine/Zidovudine,8.2,5/23/14,SCMS-237810,FPQ-14052,04-12-14,ARV,105-GH-T30,10-Nov-14,Air,Adult,60,0.14,Aurobindo Pharma Limited,EXW,3647
82501,DN-2813,Generic,CÃte dIvoire,27-Aug-12,27-Aug-12,100mg,Capsule,Yes,12101.96,From RDC,"Zidovudine 100mg, capsules, 100 Caps",3.23,490,2303.0,PMO - US,"Aurobindo Unit III, India",Zidovudine,4.7,N/A - From RDC,SO-42381,FPQ-9749,4/19/12,ARV,104-CI-T30,29-Oct-12,Truck,Pediatric,100,0.05,SCMS from RDC,N/A - From RDC,4359
134,ASN-616,OraQuick,Haiti,25-Aug-07,25-Aug-07,MIssing,Test kit,Yes,3097.85,Direct Drop,"HIV 1/2, OraQuick Advance HIV Rapid Antibody Kit, 100 Tests",14,25,8750.0,PMO - US,"Pacific Biotech, Thailand","HIV 1/2, OraQuick Advance HIV Rapid Antibody Kit",350.0,7/26/07,SCMS-10130,Pre-PQ Process,Pre-PQ Process,HRDT,100-HT-T01,25-Aug-07,Air,HIV test,100,3.5,Orasure Technologies Inc.,EXW,60
1303,ASN-168,Determine,Ethiopia,28-Dec-06,28-Dec-06,MIssing,Test kit,Yes,Invoiced Separately,Direct Drop,"HIV 1/2, Determine Complete HIV Kit, 100 Tests",MIssing,200,16000.0,PMO - US,ABBVIE GmbH & Co.KG Wiesbaden,"HIV 1/2, Determine Complete HIV Kit",80.0,12/14/06,SCMS-284,Pre-PQ Process,Pre-PQ Process,HRDT,117-ET-T01,28-Dec-06,Air,HIV test,100,0.8,Abbott GmbH & Co. KG,FCA,Weight Captured Separately
12305,DN-1374,Generic,Haiti,31-Jul-09,31-Jul-09,200mg,Capsule,No,See DN-1374 (ID#:11999),From RDC,"Efavirenz 200mg, capsule, 90 Caps",13.1,525,6683.25,PMO - US,"Aurobindo Unit III, India",Efavirenz,12.73,N/A - From RDC,SO-32730,Pre-PQ Process,Date Not Captured,ARV,106-HT-T01,31-Jul-09,Air,Pediatric,90,0.14,SCMS from RDC,N/A - From RDC,See DN-1374 (ID#:11999)
49405,ASN-8587,Determine,Kenya,12-Nov-10,12-Nov-10,MIssing,Test kit,Yes,15353.45,Direct Drop,"HIV 1/2, Determine Complete HIV Kit, 100 Tests",494.68,2578,229442.0,PMO - US,Inverness Japan,"HIV 1/2, Determine Complete HIV Kit",89.0,8/27/10,SCMS-80820,FPQ-6114,7/23/10,HRDT,102-KE-T30,12-Nov-10,Air,HIV test,100,0.89,"Orgenics, Ltd",EXW,1427
83992,DN-1751,Generic,Uganda,25-Mar-10,25-Mar-10,150/300mg,Tablet - FDC,Yes,11991.12,From RDC,"Lamivudine/Zidovudine 150/300mg, tablets, 60 Tabs",79.32,4200,36792.0,PMO - US,Hetero Unit III Hyderabad IN,Lamivudine/Zidovudine,8.76,N/A - From RDC,SO-35000,FPQ-4496,10/28/09,ARV,114-UG-T30,12-Apr-10,Truck,Adult,60,0.15,SCMS from RDC,N/A - From RDC,275
33050,ASN-30737,Kaletra,CÃte dIvoire,10-Mar-15,10-Mar-15,80/20mg/ml,Oral solution,Yes,7514.75,Direct Drop,"Lopinavir/Ritonavir 80/20mg/ml [Kaletra], oral solution, cool, Bottle 5 x 60 ml",15.84,500,15410.0,PMO - US,ABBVIE (Abbott) Logis. UK,Lopinavir/Ritonavir,30.82,03-03-14,SCMS-228890,FPQ-13629,1/31/14,ARV,104-CI-T30,10-Mar-15,Air,Pediatric,300,0.1,ABBVIE LOGISTICS (FORMERLY ABBOTT LOGISTICS BV),FCA,632
81132,ASN-18253,Kaletra,CÃte dIvoire,27-Feb-13,27-Feb-13,80/20mg/ml,Oral solution,Yes,3852.86,Direct Drop,"Lopinavir/Ritonavir 80/20mg/ml [Kaletra], oral solution, cool, Bottle 5 x 60 ml",12.2,320,9862.4,PMO - US,ABBVIE (Abbott) Logis. UK,Lopinavir/Ritonavir,30.82,1/24/13,SCMS-174540,FPQ-11263,12/14/12,ARV,104-CI-T30,27-Feb-13,Air,Pediatric,300,0.1,ABBVIE LOGISTICS (FORMERLY ABBOTT LOGISTICS BV),FCA,326
35298,ASN-33470,Generic,South Africa,24-Jul-15,24-Jul-15,10mg/ml,Oral solution,No,Freight Included in Commodity Cost,Direct Drop,"Lamivudine 10mg/ml, oral solution, Bottle, 240 ml",0.09,17,91.92,PMO - US,"Aurobindo Unit III, India",Lamivudine,5.41,10-09-14,SCMS-259078,FPQ-14942,09-11-14,ARV,116-ZA-T30,24-Jul-15,Truck,Pediatric,240,0.02,PHARMACY DIRECT,DDP,Weight Captured Separately
47077,ASN-32534,Generic,Uganda,15-Jun-15,15-Jun-15,300/100mg,Tablet,Yes,5375.13,Direct Drop,"Atazanavir/Ritonavir 300/100mg, tablets, 30 Tabs",195.65,9235,166230.0,PMO - US,"Emcure Plot No.P-2, I.T-B.T. Park, Phase II, MIDC, Hinjwadi, Pune, India",Atazanavir/Ritonavir,18.0,11/25/14,SCMS-264962,FPQ-15303,11-11-14,ARV,114-UG-T30,15-Jun-15,Air,Adult,30,0.6,EMCURE PHARMACEUTICALS LTD,EXW,1197
44724,ASN-33291,Generic,Vietnam,01-Sep-15,01-Sep-15,600mg,Tablet,Yes,Invoiced Separately,Direct Drop,"Efavirenz 600mg, tablets, 30 Tabs",11.65,3000,9900.0,PMO - US,"Aurobindo Unit III, India",Efavirenz,3.3,05-11-15,SCMS-285460,FPQ-16194,4/14/15,ARV,108-VN-T30,01-Sep-15,Air,Adult,30,0.11,Aurobindo Pharma Limited,EXW,Weight Captured Separately
84449,DN-4117,Generic,Zambia,19-Feb-15,20-Feb-15,150/300mg,Tablet - FDC,Yes,15715.08,From RDC,"Lamivudine/Zidovudine 150/300mg, tablets, 60 Tabs",478.41,71377,465378.04,PMO - US,Hetero Unit III Hyderabad IN,Lamivudine/Zidovudine,6.52,N/A - From RDC,SO-49282,FPQ-14575,07-11-14,ARV,110-ZM-T30,27-Feb-15,Truck,Adult,60,0.11,SCMS from RDC,N/A - From RDC,11342
16085,ASN-13412,Generic,Haiti,18-Jan-12,18-Jan-12,250mg,Tablet,Yes,7019.07,Direct Drop,"Mefloquine 250mg (as hydrochloride), tablets, 100 Tabs",12.48,100,8905.0,PMO - US,"Medochemie Factory A, CY",Mefloquine (as hydrochloride),89.05,12/30/11,SCMS-132180,FPQ-8635,12-07-11,ANTM,122-HT-T30,18-Jan-12,Air,Malaria,100,0.89,AMSTELFARMA B.V.,EXW,1173
74499,ASN-12382,Stocrin/Sustiva,Haiti,18-Oct-11,18-Oct-11,30mg/ml,Oral solution,Yes,290,Direct Drop,"Efavirenz 30mg/ml [Stocrin/Sustiva], oral solution, Bottle, 180 ml",7.56,270,4579.2,PMO - US,"MSD Patheon, Canada",Efavirenz,16.96,01-06-11,SCMS-96310,FPQ-6802,12/21/10,ARV,106-HT-T30,18-Oct-11,Air,Pediatric,180,0.09,MERCK SHARP & DOHME IDEA GMBH (FORMALLY MERCK SHARP & DOHME B.V.),CIP,76
12424,DN-409,Generic,Nigeria,16-Nov-07,16-Nov-07,600mg,Tablet,No,See DN-409 (ID#:10903),From RDC,"Efavirenz 600mg, tablets, 30 Tabs",23.85,1200,14904.0,PMO - US,"Aurobindo Unit III, India",Efavirenz,12.42,N/A - From RDC,SO-1221,Pre-PQ Process,Pre-PQ Process,ARV,112-NG-T01,16-Nov-07,Air,Adult,30,0.41,SCMS from RDC,N/A - From RDC,See DN-409 (ID#:10903)
6544,ASN-4179,Videx,Vietnam,22-Jun-09,22-Jun-09,25mg,Chewable/dispersible tablet,Yes,Freight Included in Commodity Cost,Direct Drop,"Didanosine 25mg [Videx], chewable tablets, 60 Tabs",1.65,120,840.0,PMO - US,"BMS Meymac, France",Didanosine,7.0,5/25/09,SCMS-46490,Pre-PQ Process,Pre-PQ Process,ARV,108-VN-T01,22-Jun-09,Air,Pediatric,60,0.12,BRISTOL-MYERS SQUIBB,CIP,Weight Captured Separately
17831,ASN-11120,Determine,Sudan,01-Jul-11,01-Jul-11,MIssing,Test kit,Yes,4529.86,Direct Drop,"HIV 1/2, Determine Complete HIV Kit, 100 Tests",55.51,378,33642.0,PMO - US,Inverness Japan,"HIV 1/2, Determine Complete HIV Kit",89.0,05-02-11,SCMS-107790,FPQ-7321,3/29/11,HRDT,102-SD-T30,01-Jul-11,Air,HIV test,100,0.89,"Orgenics, Ltd",EXW,180
11993,DN-1322,Generic,Uganda,17-Jul-09,17-Jul-09,150/200/30mg,Tablet - FDC,Yes,3017.15,From RDC,"Lamivudine/Nevirapine/Stavudine 150/200/30mg, tablets, 60 Tabs",60.57,4340,30900.8,PMO - US,"Strides, Bangalore, India.",Lamivudine/Nevirapine/Stavudine,7.12,N/A - From RDC,SO-30080,Pre-PQ Process,Date Not Captured,ARV,114-UG-T01,17-Jul-09,Air,Adult,60,0.12,SCMS from RDC,N/A - From RDC,322
83539,DN-2388,Generic,Swaziland,18-Oct-11,18-Oct-11,300/300mg,Tablet - FDC,Yes,15635.84,From RDC,"Lamivudine/Tenofovir Disoproxil Fumarate 300/300mg, tablets, 30 Tabs",223.22,17300,135286.0,PMO - US,Mylan (formerly Matrix) Nashik,Lamivudine/Tenofovir Disoproxil Fumarate,7.82,N/A - From RDC,SO-40690,FPQ-8417,9/14/11,ARV,900-SZ-T30,12-Dec-11,Air,Adult,30,0.26,SCMS from RDC,N/A - From RDC,2036
85918,DN-2945,Generic,Nigeria,04-Dec-12,04-Dec-12,300/300mg,Tablet - FDC,No,See DN-2945 (ID#:82533),From RDC,"Lamivudine/Tenofovir Disoproxil Fumarate 300/300mg, tablets, 30 Tabs",117.18,15594,83583.84,PMO - US,"Cipla, Kurkumbh, India",Lamivudine/Tenofovir Disoproxil Fumarate,5.36,N/A - From RDC,SO-43434,FPQ-9968,5/23/12,ARV,151-NG-T30,30-Nov-12,Air,Adult,30,0.18,SCMS from RDC,N/A - From RDC,See DN-2945 (ID#:82533)
28318,ASN-18884,Determine,Dominican Republic,01-Apr-13,01-Apr-13,MIssing,Test kit,Yes,12643.47,Direct Drop,"HIV 1/2, Determine Complete HIV Kit, 100 Tests",202,1775,163300.0,PMO - US,"Alere Medical Co., Ltd.","HIV 1/2, Determine Complete HIV Kit",92.0,1/15/13,SCMS-172500,FPQ-11295,12/17/12,HRDT,105-DO-T30,01-Apr-13,Air,HIV test,100,0.92,"Orgenics, Ltd",EXW,791
82995,DN-2461,Generic,Uganda,19-Jan-12,19-Jan-12,600/200/300mg,Tablet - FDC,No,See DN-2461 (ID#:82994),From RDC,"Efavirenz/Emtricitabine/Tenofovir Disoproxil Fumarate 600/200/300mg, tablets, 30 Tabs",284.8,8665,172606.8,PMO - US,Mylan (formerly Matrix) Nashik,Efavirenz/Emtricitabine/Tenofovir Disoproxil Fumarate,19.92,N/A - From RDC,SO-40941,FPQ-8522,10-05-11,ARV,114-UG-T30,31-Jan-12,Truck,Adult,30,0.66,SCMS from RDC,N/A - From RDC,See DN-2461 (ID#:82994)
84009,DN-1869,Generic,Ethiopia,18-Jun-10,18-Jun-10,150mg,Tablet,Yes,6154.8,From RDC,"Lamivudine 150mg, tablets, 60 Tabs",100.47,20000,46600.0,PMO - US,"Aurobindo Unit III, India",Lamivudine,2.33,N/A - From RDC,SO-36811,FPQ-5668,05-07-10,ARV,117-ET-T30,30-Jun-10,Air,Adult,60,0.04,SCMS from RDC,N/A - From RDC,955
16504,ASN-13291,Generic,South Africa,27-Jan-12,27-Jan-12,200mg,Tablet,Yes,4957.81,Direct Drop,"Nevirapine 200mg, tablets, 60 Tabs",169.96,37870,103006.4,PMO - US,"Cipla, Goa, India",Nevirapine,2.72,3/28/11,SCMS-104100,FPQ-7175,03-10-11,ARV,161-ZA-T30,12-Jan-12,Ocean,Adult,60,0.05,CIPLA LIMITED,DDP,4121
84050,DN-2025,Generic,Nigeria,10-Nov-10,10-Nov-10,150/300mg,Tablet - FDC,No,See DN-2025 (ID#:83460),From RDC,"Lamivudine/Zidovudine 150/300mg, tablets, 60 Tabs",1327.66,72023,615796.65,PMO - US,"Aurobindo Unit III, India",Lamivudine/Zidovudine,8.55,N/A - From RDC,SO-37500,FPQ-5688,5/27/10,ARV,151-NG-T30,22-Oct-10,Air,Adult,60,0.14,SCMS from RDC,N/A - From RDC,See DN-2025 (ID#:83460)
6125,ASN-3553,Generic,South Africa,09-Oct-08,09-Oct-08,200mg,Tablet,No,Freight Included in Commodity Cost,Direct Drop,"Nevirapine 200mg, tablets, 60 Tabs",4.62,120,2355.6,PMO - US,"Cipla, Goa, India",Nevirapine,19.63,Date Not Captured,SCMS-33320,Pre-PQ Process,Pre-PQ Process,ARV,116-ZA-T01,17-May-09,Truck,Adult,60,0.33,S. BUYS WHOLESALER,DDP,Weight Captured Separately
84183,DN-2772,Generic,Nigeria,24-Jul-12,24-Jul-12,600/200/300mg,Tablet - FDC,Yes,16532.5,From RDC,"Efavirenz/Emtricitabine/Tenofovir Disoproxil Fumarate 600/200/300mg, tablets, 30 Tabs",361.08,17124,257544.96,PMO - US,Mylan (formerly Matrix) Nashik,Efavirenz/Emtricitabine/Tenofovir Disoproxil Fumarate,15.04,N/A - From RDC,SO-42805,FPQ-9432,03-01-12,ARV,151-NG-T30,02-Aug-12,Air Charter,Adult,30,0.5,SCMS from RDC,N/A - From RDC,2091
82754,DN-4009,Generic,Rwanda,14-Jan-15,19-Jan-15,150/300/200mg,Tablet - FDC,Yes,4328.9,From RDC,"Lamivudine/Nevirapine/Zidovudine 150/200/300mg, tablets, 60 Tabs",116.81,14011,113629.21,PMO - US,Mylan (formerly Matrix) Nashik,Lamivudine/Nevirapine/Zidovudine,8.11,N/A - From RDC,SO-48801,FPQ-14111,4/22/14,ARV,107-RW-T30,30-Jan-15,Truck,Adult,60,0.14,SCMS from RDC,N/A - From RDC,1755
85743,DN-2127,Generic,Zimbabwe,17-Mar-11,17-Mar-11,150/30mg,Tablet - FDC,No,See DN-2127 (ID#:82371),From RDC,"Lamivudine/Stavudine 150/30mg, tablets, 60 Tabs",32.21,4669,14940.8,PMO - US,"Cipla, Goa, India",Lamivudine/Stavudine,3.2,N/A - From RDC,SO-37830,FPQ-6470,10/13/10,ARV,113-ZW-T30,31-Mar-11,Truck,Adult,60,0.05,SCMS from RDC,N/A - From RDC,See DN-2127 (ID#:82371)
84367,DN-3699,Generic,Rwanda,06-Jul-14,05-Aug-14,300/300mg,Tablet - FDC,Yes,34837.8,From RDC,"Lamivudine/Tenofovir Disoproxil Fumarate 300/300mg, tablets, 30 Tabs",308.25,53705,249191.2,PMO - US,Hetero Unit III Hyderabad IN,Lamivudine/Tenofovir Disoproxil Fumarate,4.64,N/A - From RDC,SO-46501,FPQ-12766,08-02-13,ARV,107-RW-T30,27-Jun-14,Truck,Adult,30,0.15,SCMS from RDC,N/A - From RDC,5565
38021,ASN-33477,Generic,South Africa,24-Jul-15,24-Jul-15,300mg,Tablet,No,Freight Included in Commodity Cost,Direct Drop,"Abacavir 300mg, tablets, 60 Tabs",1.69,33,1645.14,PMO - US,"Aurobindo Unit III, India",Abacavir,49.85,10-09-14,SCMS-259077,FPQ-14942,09-11-14,ARV,116-ZA-T30,24-Jul-15,Truck,Adult,60,0.83,PHARMACY DIRECT,DDP,Weight Captured Separately
84573,DN-1886,Generic,Nigeria,28-Jun-10,28-Jun-10,150/300/200mg,Tablet - FDC,Yes,Freight Included in Commodity Cost,From RDC,"Lamivudine/Nevirapine/Zidovudine 150/200/300mg, tablets, 60 Tabs",24.19,1000,11220.0,PMO - US,"Aurobindo Unit III, India",Lamivudine/Nevirapine/Zidovudine,11.22,N/A - From RDC,SO-36435,FPQ-5023,02-10-10,ARV,151-NG-T30,15-Jul-10,Air,Adult,60,0.19,SCMS from RDC,N/A - From RDC,117
86073,DN-3637,Generic,Rwanda,04-Jun-14,10-Jul-14,30/60mg,Tablet - FDC,Yes,1284.7,From RDC,"Lamivudine/Zidovudine 30/60mg, tablets, 60 Tabs",0.77,373,746.0,PMO - US,Mylan (formerly Matrix) Nashik,Lamivudine/Zidovudine,2.0,N/A - From RDC,SO-47970,FPQ-13728,2/13/14,ARV,107-RW-T30,04-Jun-14,Air,Pediatric,60,0.03,SCMS from RDC,N/A - From RDC,14
11877,DN-806,Generic,Nigeria,27-Jun-08,27-Jun-08,600mg,Tablet,Yes,9906.63,From RDC,"Efavirenz 600mg, tablets, 30 Tabs",480.4,25000,300250.0,PMO - US,"Aurobindo Unit III, India",Efavirenz,12.01,N/A - From RDC,SO-2708,Pre-PQ Process,Pre-PQ Process,ARV,132-NG-T01,27-Jun-08,Air,Adult,30,0.4,SCMS from RDC,N/A - From RDC,2173
84149,DN-2572,Generic,Tanzania,11-Apr-12,11-Apr-12,10mg/ml,Oral suspension,Yes,3279.29,From RDC,"Nevirapine 10mg/ml, oral suspension w/syringe, Bottle, 240 ml",61.22,19026,37100.7,PMO - US,"Aurobindo Unit III, India",Nevirapine,1.95,N/A - From RDC,SO-40531,FPQ-8303,8/22/11,ARV,109-TZ-T30,11-Apr-12,Truck,Pediatric,240,0.01,SCMS from RDC,N/A - From RDC,7096
83589,DN-2640,Generic,Libya,08-May-12,08-May-12,300mg,Tablet,Yes,3062.18,From RDC,"Abacavir 300mg, tablets, 60 Tabs",78.35,4250,55887.5,PMO - US,Mylan (formerly Matrix) Nashik,Abacavir,13.15,N/A - From RDC,SO-41890,FPQ-9665,04-04-12,ARV,102-LY-T30,06-Jun-12,Air,Adult,60,0.22,SCMS from RDC,N/A - From RDC,437
84575,DN-1905,Generic,Nigeria,28-Jun-10,28-Jun-10,600mg,Tablet,Yes,Freight Included in Commodity Cost,From RDC,"Efavirenz 600mg, tablets, 30 Tabs",1.86,188,864.8,PMO - US,"Aurobindo Unit III, India",Efavirenz,4.6,N/A - From RDC,SO-36447,FPQ-5023,02-10-10,ARV,151-NG-T30,15-Jul-10,Air,Adult,30,0.15,SCMS from RDC,N/A - From RDC,16
11927,DN-885,Uni-Gold,Sierra Leone,22-Aug-08,22-Aug-08,MIssing,Test kit,Yes,7795,From RDC,"HIV 1/2, Uni-Gold HIV Kit, 20 Tests",25.6,500,16000.0,PMO - US,"Trinity Biotech, Plc","HIV 1/2, Uni-Gold HIV Kit",32.0,N/A - From RDC,SO-12770,Pre-PQ Process,Pre-PQ Process,HRDT,100-SL-T01,22-Aug-08,Air,HIV test,20,1.6,SCMS from RDC,N/A - From RDC,163
82300,DN-1684,Generic,Nigeria,31-Mar-10,31-Mar-10,150mg,Tablet,Yes,Freight Included in Commodity Cost,From RDC,"Lamivudine 150mg, tablets, 60 Tabs",1.8,342,834.48,PMO - US,"Aurobindo Unit III, India",Lamivudine,2.44,N/A - From RDC,SO-35032,FPQ-4537,11-06-09,ARV,151-NG-T30,19-Apr-10,Air Charter,Adult,60,0.04,SCMS from RDC,N/A - From RDC,17
12297,DN-1294,Truvada,Nigeria,16-Jun-09,16-Jun-09,300/200mg,Tablet - FDC,Yes,7329.83,From RDC,"Emtricitabine/Tenofovir Disoproxil Fumarate 200/300mg [Truvada], tablets, 30 Tabs",1405.31,27314,716992.5,PMO - US,"Aspen-OSD, Port Elizabeth, SA",Emtricitabine/Tenofovir Disoproxil Fumarate,26.25,N/A - From RDC,SO-22520,Pre-PQ Process,Pre-PQ Process,ARV,151-NG-T01,16-Jun-09,Air Charter,Adult,30,0.88,SCMS from RDC,N/A - From RDC,2363
11721,DN-62,Generic,CÃte dIvoire,04-May-07,04-May-07,150/300mg,Tablet - FDC,Yes,3142,From RDC,"Lamivudine/Zidovudine 150/300mg, tablets, 60 Tabs",MIssing,10000,102500.0,PMO - US,"Aurobindo Unit III, India",Lamivudine/Zidovudine,10.25,N/A - From RDC,SO-393,Pre-PQ Process,Pre-PQ Process,ARV,100-CI-T01,04-May-07,MIssing,Adult,60,0.17,SCMS from RDC,N/A - From RDC,963
83566,DN-2520,Generic,Zimbabwe,16-Feb-12,16-Feb-12,300/300mg,Tablet - FDC,Yes,4777.08,From RDC,"Lamivudine/Tenofovir Disoproxil Fumarate 300/300mg, tablets, 30 Tabs",176.12,17556,106740.48,PMO - US,Mylan (formerly Matrix) Nashik,Lamivudine/Tenofovir Disoproxil Fumarate,6.08,N/A - From RDC,SO-40280,FPQ-7934,6/28/11,ARV,113-ZW-T30,31-Jan-12,Truck,Adult,30,0.2,SCMS from RDC,N/A - From RDC,1373
86800,DN-4231,Generic,Mozambique,09-Jun-15,15-Jun-15,600/300/300mg,Tablet - FDC,Yes,19194.37,From RDC,"Efavirenz/Lamivudine/Tenofovir Disoproxil Fumarate 600/300/300mg, tablets, 30 Tabs",2259.84,200000,1920000.0,PMO - US,Hetero Unit III Hyderabad IN,Efavirenz/Lamivudine/Tenofovir Disoproxil Fumarate,9.6,N/A - From RDC,SO-50141,FPQ-15195,10/17/14,ARV,111-MZ-T30,31-May-15,Truck,Adult,30,0.32,SCMS from RDC,N/A - From RDC,26603
42073,ASN-32998,Generic,Burkina Faso,11-Jul-15,20-Jul-15,300mg,Tablet,Yes,Invoiced Separately,Direct Drop,"Lamivudine 300mg, tablets, 30 Tabs",0.33,140,280.0,PMO - US,Hetero Unit III Hyderabad IN,Lamivudine,2.0,4/22/15,SCMS-285180,FPQ-15908,2/19/15,ARV,A01-BF-T50,11-Jul-15,Air,Adult,30,0.07,HETERO LABS LIMITED,EXW,Weight Captured Separately
85130,DN-1943,Generic,Uganda,19-Jul-10,19-Jul-10,200/300mg,Tablet - FDC,No,See DN-1943 (ID#:83443),From RDC,"Emtricitabine/Tenofovir Disoproxil Fumarate 200/300mg, tablets, 30 Tabs",63.33,2500,29375.0,PMO - US,Mylan (formerly Matrix) Nashik,Emtricitabine/Tenofovir Disoproxil Fumarate,11.75,N/A - From RDC,SO-36131,FPQ-5239,03-02-10,ARV,114-UG-T30,04-Aug-10,Air,Adult,30,0.39,SCMS from RDC,N/A - From RDC,See DN-1943 (ID#:83443)
68647,ASN-33454,Norvir,South Africa,23-Jul-15,23-Jul-15,80mg/ml,Oral solution,Yes,Freight Included in Commodity Cost,Direct Drop,"Ritonavir 80mg/ml [Norvir], oral solution, cool, Bottle, 90 ml",0.02,3,14.91,PMO - US,ABBVIE (Abbott) France,Ritonavir,4.97,2/24/15,SCMS-277984,FPQ-15950,2/20/15,ARV,116-ZA-T30,23-Jul-15,Truck,Pediatric,90,0.06,PHARMACY DIRECT,DDP,Weight Captured Separately
84426,DN-4011,Generic,Rwanda,13-Nov-14,14-Nov-14,30/60mg,Chewable/dispersible tablet - FDC,Yes,1330.99,From RDC,"Lamivudine/Zidovudine 30/60mg, dispersible tablets, 60 Tabs",3.61,1766,3514.34,PMO - US,"Cipla, Goa, India",Lamivudine/Zidovudine,1.99,N/A - From RDC,SO-49941,FPQ-14811,10/15/14,ARV,107-RW-T30,14-Jan-15,Truck,Pediatric,60,0.03,SCMS from RDC,N/A - From RDC,152
84145,DN-2544,Generic,Tanzania,12-Mar-12,12-Mar-12,300mg,Tablet,Yes,1698.83,From RDC,"Tenofovir Disoproxil Fumarate 300mg, tablets, 30 Tabs",158.27,17440,95920.0,PMO - US,Mylan (formerly Matrix) Nashik,Tenofovir Disoproxil Fumarate,5.5,N/A - From RDC,SO-40630,FPQ-8297,8/22/11,ARV,109-TZ-T30,30-Mar-12,Truck,Adult,30,0.18,SCMS from RDC,N/A - From RDC,2612
2014,ASN-2503,Viread,South Africa,14-Aug-08,14-Aug-08,300mg,Tablet,Yes,Freight Included in Commodity Cost,Direct Drop,"Tenofovir Disoproxil Fumarate 300mg [Viread], tablets, 30 Tabs",11.33,300,7080.0,PMO - US,"Aspen-OSD, Port Elizabeth, SA",Tenofovir Disoproxil Fumarate,23.6,Date Not Captured,SCMS-28830,Pre-PQ Process,Pre-PQ Process,ARV,116-ZA-T01,25-Aug-08,Truck,Adult,30,0.79,S. BUYS WHOLESALER,DDP,Weight Captured Separately
68675,ASN-33855,Prezista,South Africa,24-Aug-15,24-Aug-15,600mg,Tablet,No,Freight Included in Commodity Cost,Direct Drop,"Darunavir 600mg [Prezista], tablets, 60 Tabs",0.05,1,50.66,PMO - US,"Janssen-Cilag, Latina, IT",Darunavir,50.66,10-09-14,SCMS-259079,FPQ-14942,09-11-14,ARV,116-ZA-T30,24-Aug-15,Truck,Adult,60,0.84,PHARMACY DIRECT,DDP,Weight Captured Separately
25483,ASN-31081,Generic,Togo,23-Apr-15,01-Jun-15,300/300mg,Tablet - FDC,Yes,3710.65,Direct Drop,"Lamivudine/Tenofovir Disoproxil Fumarate 300/300mg, tablets, 30 Tabs",35.37,6678,30051.0,PMO - US,Hetero Unit III Hyderabad IN,Lamivudine/Tenofovir Disoproxil Fumarate,4.5,2/27/15,SCMS-278370,FPQ-15921,2/18/15,ARV,900-TG-T30,23-Apr-15,Air,Adult,30,0.15,HETERO LABS LIMITED,EXW,734
44183,ASN-5373,Videx EC,South Africa,19-Oct-09,19-Oct-09,250mg,Delayed-release capsules - blister,No,Freight Included in Commodity Cost,Direct Drop,"Didanosine EC 250mg [Videx EC], delayed-release capsules, Blister 3 x 10 Caps",2.6,60,1327.39,PMO - US,"BMS Meymac, France",Didanosine EC,22.12,10/15/09,SCMS-54980,FPQ-4359,10-08-09,ARV,116-ZA-T30,19-Oct-09,Truck,Adult,30,0.74,S. BUYS WHOLESALER,DDP,Weight Captured Separately
82626,DN-3457,Generic,Zimbabwe,13-Jan-14,23-Jan-14,30/50/60mg,Chewable/dispersible tablet - FDC,Yes,11604.57,From RDC,"Lamivudine/Nevirapine/Zidovudine 30/50/60mg, dispersible tablets, 60 Tabs",442.91,92045,358055.05,PMO - US,"Strides, Bangalore, India.",Lamivudine/Nevirapine/Zidovudine,3.89,N/A - From RDC,SO-45130,FPQ-12086,4/19/13,ARV,103-ZW-T30,31-Jan-14,Truck,Pediatric,60,0.06,SCMS from RDC,N/A - From RDC,5103
36157,ASN-23875,Generic,South Africa,13-Jan-14,13-Jan-14,50mg,Capsule,No,Freight Included in Commodity Cost,Direct Drop,"Efavirenz 50mg, capsule, 30 Caps",1,328,976.49,PMO - US,"Aurobindo Unit III, India",Efavirenz,2.98,12-02-13,SCMS-215410,FPQ-13214,11/14/13,ARV,116-ZA-T30,13-Jan-14,Truck,Pediatric,30,0.1,S. BUYS WHOLESALER,DDP,Weight Captured Separately
36179,ASN-19521,Generic,Haiti,13-Jun-13,13-Jun-13,30/50/60mg,Chewable/dispersible tablet - FDC,Yes,2215.13,Direct Drop,"Lamivudine/Nevirapine/Zidovudine 30/50/60mg, dispersible tablets, 60 Tabs",21.74,4235,17575.25,PMO - US,Mylan (formerly Matrix) Nashik,Lamivudine/Nevirapine/Zidovudine,4.15,3/17/13,SCMS-177170,FPQ-11442,1/30/13,ARV,106-HT-T30,13-Jun-13,Air,Pediatric,60,0.07,MYLAN LABORATORIES LTD (FORMERLY MATRIX LABORATORIES),EXW,236
38183,ASN-23979,Bioline,CÃte dIvoire,31-Jan-14,03-Feb-14,MIssing,Test kit,Yes,9254.06,Direct Drop,"HIV 1/2, Bioline 3.0 Kit, Lancets, Capillary pipets, Alcohol swabs included, 25 Tests",60.86,2400,49200.0,PMO - US,"Standard Diagnostics, Korea","HIV 1/2, Bioline 3.0 Kit, Lancets, Capillary pipets, Alcohol swabs included",20.5,8/15/13,SCMS-201211,FPQ-12622,7/16/13,HRDT,104-CI-T30,31-Jan-14,Air,HIV test,25,0.82,"Standard Diagnostics, Inc.",EXW,831
20761,ASN-28662,Isentress,Uganda,28-Oct-14,28-Oct-14,400mg,Tablet,Yes,309.95,Direct Drop,"Raltegravir 400mg [Isentress], tablets, 60 Tabs",74.11,1299,72094.5,PMO - US,"MSD, Haarlem, NL",Raltegravir,55.5,6/23/14,SCMS-244400,FPQ-14325,5/26/14,ARV,114-UG-T30,28-Oct-14,Air,Adult,60,0.92,MERCK SHARP & DOHME IDEA GMBH (FORMALLY MERCK SHARP & DOHME B.V.),CIP,137
10954,DN-743,Generic,Haiti,27-May-08,27-May-08,150mg,Tablet,No,See DN-743 (ID#:10683),From RDC,"Lamivudine 150mg, tablets, 60 Tabs",34.36,7380,21475.8,PMO - US,"Aurobindo Unit III, India",Lamivudine,2.91,N/A - From RDC,SO-2056,Pre-PQ Process,Pre-PQ Process,ARV,106-HT-T01,27-May-08,Air,Adult,60,0.05,SCMS from RDC,N/A - From RDC,See DN-743 (ID#:10683)
82936,DN-2109,Generic,Uganda,28-Feb-11,28-Feb-11,600mg,Tablet,Yes,17711.71,From RDC,"Efavirenz 600mg, tablets, 30 Tabs",488.73,52231,226682.54,PMO - US,Hetero Unit III Hyderabad IN,Efavirenz,4.34,N/A - From RDC,SO-37540,FPQ-6427,9/29/10,ARV,114-UG-T30,22-Feb-11,Truck,Adult,30,0.14,SCMS from RDC,N/A - From RDC,4447
9933,ASN-2720,Colloidal Gold,Ethiopia,30-Oct-08,30-Oct-08,MIssing,Test kit,Yes,44360.44,Direct Drop,"HIV 1/2, SKB Colloidal Gold, Diagnostic Kit, Antibody, 50 Tests",315.47,6998,160954.0,PMO - US,"KHB Test Kit Facility, Shanghai China","HIV 1/2, Colloidal Gold, Diagnostic Kit, Antibody",23.0,8/22/08,SCMS-28700,Pre-PQ Process,Pre-PQ Process,HRDT,117-ET-T01,30-Oct-08,Air,HIV test,1,23.0,"SHANGHAI KEHUA BIOENGINEERING CO.,LTD.  (KHB)",EXW,5056
12127,DN-442,Generic,CÃte dIvoire,22-Nov-07,22-Nov-07,300mg,Tablet,No,See DN-442 (ID#:11202),From RDC,"Abacavir 300mg, tablets, 60 Tabs",365.12,3260,228200.0,PMO - US,"Aurobindo Unit III, India",Abacavir,70.0,N/A - From RDC,SO-1103,Pre-PQ Process,Pre-PQ Process,ARV,104-CI-T01,22-Nov-07,Air,Adult,60,1.17,SCMS from RDC,N/A - From RDC,See DN-442 (ID#:11202)
49301,ASN-6296,Determine,Botswana,14-Apr-10,14-Apr-10,MIssing,Test kit,Yes,787.28,Direct Drop,"HIV 1/2, Determine Complete HIV Kit, 100 Tests",0.78,5,360.0,PMO - US,Inverness Japan,"HIV 1/2, Determine Complete HIV Kit",72.0,02-05-10,SCMS-64791,FPQ-4904,1/13/10,HRDT,102-BW-T30,14-Apr-10,Air,HIV test,100,0.72,"Orgenics, Ltd",EXW,3
85478,DN-3731,Generic,CÃte dIvoire,16-Jun-14,10-Jul-14,150/300/200mg,Tablet - FDC,Yes,11438.93,From RDC,"Lamivudine/Nevirapine/Zidovudine 150/200/300mg, tablets, 60 Tabs",206.47,24765,200844.15,PMO - US,"Strides, Bangalore, India.",Lamivudine/Nevirapine/Zidovudine,8.11,N/A - From RDC,SO-47152,FPQ-13142,10/22/13,ARV,104-CI-T30,16-Jun-14,Truck,Adult,60,0.14,SCMS from RDC,N/A - From RDC,2751
61518,ASN-26738,Uni-Gold,"Congo, DRC",05-Sep-14,16-Sep-14,MIssing,Test kit,No,See ASN-26738 (ID#:15115),Direct Drop,"HIV 1/2, Uni-Gold HIV Kit, 20 Tests",2.14,65,2080.0,PMO - US,"Trinity Biotech, Plc","HIV 1/2, Uni-Gold HIV Kit",32.0,5/20/14,SCMS-239410,FPQ-14100,4/23/14,HRDT,101-CD-T30,05-Sep-14,Air,HIV test,20,1.6,"Trinity Biotech, Plc",EXW,See ASN-26738 (ID#:15115)
1122,ASN-4787,OraQuick,Haiti,16-Sep-09,16-Sep-09,MIssing,Test kit,Yes,3128.19,Direct Drop,"HIV 1/2, OraQuick Advance HIV Rapid Antibody Kit, 100 Tests",41.16,60,21000.0,PMO - US,"Pacific Biotech, Thailand","HIV 1/2, OraQuick Advance HIV Rapid Antibody Kit",350.0,04-02-09,SCMS-42720,Pre-PQ Process,Pre-PQ Process,HRDT,106-HT-T01,16-Sep-09,Air,HIV test,100,3.5,Orasure Technologies Inc.,EXW,144
86683,DN-3713,Generic,Uganda,28-May-14,11-Jun-14,150/300/200mg,Tablet - FDC,Yes,6901.96,From RDC,"Lamivudine/Nevirapine/Zidovudine 150/200/300mg, tablets, 60 Tabs",383.09,45950,372654.5,PMO - US,Hetero Unit III Hyderabad IN,Lamivudine/Nevirapine/Zidovudine,8.11,N/A - From RDC,SO-46850,FPQ-13107,10/16/13,ARV,114-UG-T30,30-May-14,Truck,Adult,60,0.14,SCMS from RDC,N/A - From RDC,6061
10785,DN-1358,Generic,Mozambique,27-Aug-09,27-Aug-09,150/200/30mg,Tablet - FDC,Yes,2400.26,From RDC,"Lamivudine/Nevirapine/Stavudine 150/200/30mg, tablets, 60 Tabs",1744.4,125000,890000.0,PMO - US,"Strides, Bangalore, India.",Lamivudine/Nevirapine/Stavudine,7.12,N/A - From RDC,SO-32540,Pre-PQ Process,Date Not Captured,ARV,111-MZ-T01,27-Aug-09,Truck,Adult,60,0.12,SCMS from RDC,N/A - From RDC,9290
85310,DN-2880,Generic,CÃte dIvoire,24-Oct-12,24-Oct-12,600mg,Tablet,Yes,17129.96,From RDC,"Efavirenz 600mg, tablets, 30 Tabs",286.95,56228,204669.92,PMO - US,"Aurobindo Unit III, India",Efavirenz,3.64,N/A - From RDC,SO-42400,FPQ-9749,4/19/12,ARV,104-CI-T30,30-Oct-12,Truck,Adult,30,0.12,SCMS from RDC,N/A - From RDC,6242
5032,ASN-3607,Generic,South Africa,28-Nov-08,28-Nov-08,600mg,Tablet,No,Freight Included in Commodity Cost,Direct Drop,"Efavirenz 600mg, tablets, 30 Tabs",221.58,7000,113050.0,PMO - US,"Aurobindo Unit III, India",Efavirenz,16.15,Date Not Captured,SCMS-40780,Pre-PQ Process,Pre-PQ Process,ARV,116-ZA-T01,17-Mar-09,Air,Adult,30,0.54,S. BUYS WHOLESALER,DDP,Weight Captured Separately
42000,ASN-20969,Colloidal Gold,Kenya,24-Aug-13,24-Aug-13,MIssing,Test kit,Yes,241407.27,Direct Drop,"HIV 1/2, SKB Colloidal Gold, Diagnostic Kit Set, (includes lancet, transfer pipette & alcohol prep pad), 50 Tests",742.2,20000,600000.0,PMO - US,"KHB Test Kit Facility, Shanghai China","HIV 1/2, Colloidal Gold, Diagnostic Kit Set (includes lancet, transfer pipette & alcohol prep pad)",30.0,06-10-13,SCMS-184980,FPQ-11883,3/25/13,HRDT,101-KE-T30,24-Aug-13,Air,HIV test,1,30.0,"SHANGHAI KEHUA BIOENGINEERING CO.,LTD.  (KHB)",EXW,18580
85268,DN-2697,Generic,"Congo, DRC",11-Sep-12,11-Sep-12,150/300mg,Tablet - FDC,No,See DN-2697 (ID#:83045),From RDC,"Lamivudine/Zidovudine 150/300mg, tablets, 60 Tabs",15.71,1440,11203.2,PMO - US,Hetero Unit III Hyderabad IN,Lamivudine/Zidovudine,7.78,N/A - From RDC,SO-41850,FPQ-9640,04-02-12,ARV,102-CD-T30,11-Sep-12,Air,Adult,60,0.13,SCMS from RDC,N/A - From RDC,See DN-2697 (ID#:83045)
63956,ASN-28484,Generic,Namibia,22-Oct-14,11-Nov-14,300/300mg,Tablet - FDC,Yes,2429.39,Direct Drop,"Lamivudine/Tenofovir Disoproxil Fumarate 300/300mg, tablets, 30 Tabs",13.82,2910,13444.2,PMO - US,Hetero Unit III Hyderabad IN,Lamivudine/Tenofovir Disoproxil Fumarate,4.62,8/14/14,SCMS-252640,FPQ-14728,7/30/14,ARV,901-NA-T30,22-Oct-14,Air,Adult,30,0.15,HETERO LABS LIMITED,EXW,352
9187,ASN-4487,Videx,Vietnam,23-Jul-09,23-Jul-09,25mg,Chewable/dispersible tablet,No,Freight Included in Commodity Cost,Direct Drop,"Didanosine 25mg [Videx], chewable tablets, 60 Tabs",1.1,80,560.0,PMO - US,"BMS Meymac, France",Didanosine,7.0,5/27/09,SCMS-46540,Pre-PQ Process,Pre-PQ Process,ARV,108-VN-T01,23-Jul-09,Air,Pediatric,60,0.12,BRISTOL-MYERS SQUIBB,CIP,Weight Captured Separately
22076,ASN-12214,Norvir,Mozambique,08-Nov-11,08-Nov-11,100mg,Tablet,Yes,3669.84,Direct Drop,"Ritonavir 100mg [Norvir], film coated tablets, 60 Tabs",27.85,2464,16878.4,PMO - US,ABBVIE Ludwigshafen Germany,Ritonavir,6.85,02-02-11,SCMS-98450,FPQ-7064,1/21/11,ARV,111-MZ-T30,08-Nov-11,Air,Adult,60,0.11,ABBVIE LOGISTICS (FORMERLY ABBOTT LOGISTICS BV),FCA,361
72336,ASN-7491,Determine,Kenya,30-Jul-10,30-Jul-10,MIssing,Test kit,Yes,9456.46,Direct Drop,"HIV 1/2, Determine Complete HIV Kit, 100 Tests",785.65,4555,364400.0,PMO - US,Inverness Japan,"HIV 1/2, Determine Complete HIV Kit",80.0,5/27/10,SCMS-58382,FPQ-4591,11/18/09,HRDT,102-KE-T30,29-Jul-10,Air,HIV test,100,0.8,"Orgenics, Ltd",EXW,974
25706,ASN-21072,Generic,Haiti,30-Aug-13,30-Aug-13,300/100mg,Tablet,Yes,4444.33,Direct Drop,"Atazanavir/Ritonavir 300/100mg, tablets, 30 Tabs",119.15,4816,96320.0,PMO - US,Mylan (formerly Matrix) Nashik,Atazanavir/Ritonavir,20.0,7/22/13,SCMS-198150,FPQ-12538,6/25/13,ARV,106-HT-T30,30-Aug-13,Air,Adult,30,0.67,MYLAN LABORATORIES LTD (FORMERLY MATRIX LABORATORIES),EXW,647
80767,ASN-9692,Generic,South Africa,11-Mar-11,11-Mar-11,300mg,Tablet,Yes,6038.22,Direct Drop,"Tenofovir Disoproxil Fumarate 300mg, tablets, 30 Tabs",192.82,12722,89435.66,PMO - US,"Cipla, Goa, India",Tenofovir Disoproxil Fumarate,7.03,9/21/10,SCMS-84200,FPQ-6262,8/31/10,ARV,161-ZA-T30,23-Feb-11,Ocean,Adult,30,0.23,CIPLA LIMITED,DDP,875
79890,ASN-14757,Generic,Vietnam,15-May-12,15-May-12,300mg,Tablet,No,See ASN-14757 (ID#:30618),Direct Drop,"Tenofovir Disoproxil Fumarate 300mg, tablets, 30 Tabs",67.17,9679,47911.05,PMO - US,Mylan (formerly Matrix) Nashik,Tenofovir Disoproxil Fumarate,4.95,1/16/12,SCMS-131700,FPQ-9001,12/15/11,ARV,108-VN-T30,15-May-12,Air,Adult,30,0.16,MYLAN LABORATORIES LTD (FORMERLY MATRIX LABORATORIES),EXW,See ASN-14757 (ID#:30618)
11135,DN-208,Generic,Mozambique,12-Jul-07,12-Jul-07,20mg/ml,Oral solution,Yes,411.07,From RDC,"Abacavir 20mg/ml, oral solution, Bottle, 240 ml",13.37,397,8356.85,PMO - US,"Aurobindo Unit III, India",Abacavir,21.05,N/A - From RDC,SO-580,Pre-PQ Process,Pre-PQ Process,ARV,111-MZ-T01,12-Jul-07,Air,Pediatric,240,0.09,SCMS from RDC,N/A - From RDC,141
2156,ASN-3553,Generic,South Africa,09-Oct-08,09-Oct-08,600mg,Tablet,No,Freight Included in Commodity Cost,Direct Drop,"Efavirenz 600mg, tablets, 30 Tabs",40,1300,20410.0,PMO - US,"Cipla, Goa, India",Efavirenz,15.7,Date Not Captured,SCMS-33320,Pre-PQ Process,Pre-PQ Process,ARV,116-ZA-T01,17-May-09,Truck,Adult,30,0.52,S. BUYS WHOLESALER,DDP,Weight Captured Separately
85494,DN-3875,Generic,Mozambique,30-Oct-14,07-Nov-14,600/300/300mg,Tablet - FDC,No,See DN-3875 (ID#:83255),From RDC,"Efavirenz/Lamivudine/Tenofovir Disoproxil Fumarate 600/300/300mg, tablets, 30 Tabs",209.29,18886,203591.08,PMO - US,"Aurobindo Unit VII, IN",Efavirenz/Lamivudine/Tenofovir Disoproxil Fumarate,10.78,N/A - From RDC,SO-48883,FPQ-14226,05-02-14,ARV,111-MZ-T30,31-Dec-14,Truck,Adult,30,0.36,SCMS from RDC,N/A - From RDC,See DN-3875 (ID#:83255)
80842,ASN-27978,Generic,South Africa,27-Aug-14,27-Aug-14,200mg,Tablet,No,Freight Included in Commodity Cost,Direct Drop,"Nevirapine 200mg, tablets, 60 Tabs",1.39,57,1123.94,PMO - US,"Aurobindo Unit III, India",Nevirapine,19.72,8/27/14,SCMS-199283,FPQ-12522,07-11-13,ARV,116-ZA-T30,27-Aug-14,Truck,Adult,60,0.33,S. BUYS WHOLESALER,DDP,Weight Captured Separately
3972,ASN-161,Determine,Zambia,20-Nov-06,20-Nov-06,MIssing,Test kit,Yes,5157.65,Direct Drop,"HIV 1/2, Determine Complete HIV Kit, 100 Tests",MIssing,2500,200000.0,PMO - US,ABBVIE GmbH & Co.KG Wiesbaden,"HIV 1/2, Determine Complete HIV Kit",80.0,Date Not Captured,SCMS-291,Pre-PQ Process,Pre-PQ Process,HRDT,110-ZM-T01,20-Nov-06,Air,HIV test,100,0.8,Abbott GmbH & Co. KG,EXW,857354
11955,DN-1134,Generic,Nigeria,19-Mar-09,19-Mar-09,150/300/200mg,Tablet - FDC,Yes,11492.86,From RDC,"Lamivudine/Nevirapine/Zidovudine 150/200/300mg, tablets, 60 Tabs",1428.68,63940,728916.0,PMO - US,"Aurobindo Unit III, India",Lamivudine/Nevirapine/Zidovudine,11.4,N/A - From RDC,SO-21800,Pre-PQ Process,Pre-PQ Process,ARV,151-NG-T01,19-Mar-09,Air Charter,Adult,60,0.19,SCMS from RDC,N/A - From RDC,7189
4646,ASN-3202,Bundi,Nigeria,27-Aug-08,27-Aug-08,MIssing,Test kit,Yes,Freight Included in Commodity Cost,Direct Drop,"HIV 1/2, Bundi Rapid HIV Kit, 25 Tests",100.62,1369,51337.5,PMO - US,BUNDI INTERNATIONAL DIAGNOSTICS LTD,"HIV 1/2, Bundi Rapid HIV Kit",37.5,8/20/08,SCMS-28650,Pre-PQ Process,Pre-PQ Process,HRDT,102-NG-T01,27-Aug-08,Air,HIV test,1,37.5,BUNDI INTERNATIONAL DIAGNOSTICS LTD,DDP,Weight Captured Separately
13988,ASN-20209,Colloidal Gold,Haiti,09-Jul-13,09-Jul-13,MIssing,Test kit,Yes,2581.83,Direct Drop,"HIV 1/2, SKB Colloidal Gold, Diagnostic Kit, Antibody, 50 Tests",9.09,300,7350.0,PMO - US,"KHB Test Kit Facility, Shanghai China","HIV 1/2, Colloidal Gold, Diagnostic Kit, Antibody",24.5,5/21/13,SCMS-189220,FPQ-12041,4/26/13,HRDT,106-HT-T30,09-Jul-13,Air,HIV test,1,24.5,"SHANGHAI KEHUA BIOENGINEERING CO.,LTD.  (KHB)",EXW,182
10654,DN-628,Generic,Mozambique,05-Apr-08,05-Apr-08,150/30mg,Tablet - FDC,Yes,8771.34,From RDC,"Lamivudine/Stavudine 150/30mg, tablets, 30 Tabs",167.17,52240,104480.0,PMO - US,"Cipla, Goa, India",Lamivudine/Stavudine,2.0,N/A - From RDC,SO-1039,Pre-PQ Process,Pre-PQ Process,ARV,111-MZ-T01,08-Apr-08,Air,Adult,30,0.07,SCMS from RDC,N/A - From RDC,4230
42917,ASN-24398,Generic,Vietnam,23-Apr-14,23-Apr-14,150mg,Tablet,No,See ASN-24398 (ID#:18664),Direct Drop,"Lamivudine 150mg, tablets, 60 Tabs",22.86,9989,18479.65,PMO - US,Hetero Unit III Hyderabad IN,Lamivudine,1.85,10-10-13,SCMS-210150,FPQ-13034,10-04-13,ARV,108-VN-T30,23-Apr-14,Air,Adult,60,0.03,HETERO LABS LIMITED,EXW,See ASN-24398 (ID#:18664)
10692,DN-686,Determine,Haiti,03-Apr-08,03-Apr-08,MIssing,Test kit,No,See DN-686 (ID#:10691),From RDC,"HIV 1/2, Determine HIV Kit, without Lancets, 100 Tests",1.15,10,720.0,PMO - US,Inverness Japan,"HIV 1/2, Determine HIV Kit, without Lancets",72.0,N/A - From RDC,SO-1291,Pre-PQ Process,Pre-PQ Process,HRDT,125-HT-T01,03-Apr-08,Air,HIV test,100,0.72,SCMS from RDC,N/A - From RDC,See DN-686 (ID#:10691)
46742,ASN-25784,Generic,Vietnam,06-Jun-14,09-Jun-14,200mg,Tablet,Yes,2181.91,Direct Drop,"Nevirapine 200mg, tablets, 60 Tabs",36.81,12937,29755.1,PMO - US,"Emcure Plot No.P-2, I.T-B.T. Park, Phase II, MIDC, Hinjwadi, Pune, India",Nevirapine,2.3,10-07-13,SCMS-210070,FPQ-13034,10-04-13,ARV,108-VN-T30,06-Jun-14,Air,Adult,60,0.04,EMCURE PHARMACEUTICALS LTD,EXW,875
86186,DN-4196,Generic,"Congo, DRC",25-May-15,15-Jun-15,60/30mg,Chewable/dispersible tablet - FDC,No,See DN-4196 (ID#:85025),From RDC,"Abacavir/Lamivudine 60/30mg, dispersible tablets, 60 Tabs",4.91,820,4173.8,PMO - US,"Cipla, Patalganga, India",Abacavir/Lamivudine,5.09,N/A - From RDC,SO-50900,FPQ-15787,1/26/15,ARV,101-CD-T30,16-Jun-15,Air,Pediatric,60,0.08,SCMS from RDC,N/A - From RDC,See DN-4196 (ID#:85025)
11435,DN-320,Crixivan,CÃte dIvoire,30-Aug-07,30-Aug-07,400mg,Capsule,No,See DN-320 (ID#:10593),From RDC,"Indinavir 400mg [Crixivan], capsules, 180 Caps",627.12,7839,391950.0,PMO - US,MSD Elkton USA,Indinavir,50.0,N/A - From RDC,SO-959,Pre-PQ Process,Pre-PQ Process,ARV,104-CI-T01,30-Aug-07,MIssing,Adult,180,0.28,SCMS from RDC,N/A - From RDC,See DN-320 (ID#:10593)
86454,DN-2547,Generic,Uganda,15-Feb-12,15-Feb-12,200mg,Tablet,Yes,4405.24,From RDC,"Nevirapine 200mg, tablets, 60 Tabs",83.88,19705,50838.9,PMO - US,"Strides, Bangalore, India.",Nevirapine,2.58,N/A - From RDC,SO-40940,FPQ-8522,10-05-11,ARV,114-UG-T30,19-Mar-12,Truck,Adult,60,0.04,SCMS from RDC,N/A - From RDC,1095
12502,DN-637,Generic,Tanzania,28-Mar-08,28-Mar-08,150/300mg,Tablet - FDC,No,See DN-637 (ID#:12195),From RDC,"Lamivudine/Zidovudine 150/300mg, tablets, 60 Tabs",738.87,48610,461795.0,PMO - US,"Aurobindo Unit III, India",Lamivudine/Zidovudine,9.5,N/A - From RDC,SO-1652,Pre-PQ Process,Pre-PQ Process,ARV,109-TZ-T01,28-Mar-08,Air,Adult,60,0.16,SCMS from RDC,N/A - From RDC,See DN-637 (ID#:12195)
82758,DN-4040,Generic,Rwanda,24-Dec-14,05-Jan-15,200mg,Tablet,Yes,3783.24,From RDC,"Efavirenz 200mg, scored tablets, 90 Tabs",9.71,1016,9448.8,PMO - US,"Strides, Bangalore, India.",Efavirenz,9.3,N/A - From RDC,SO-49951,FPQ-14811,10/15/14,ARV,107-RW-T30,14-Jan-15,Truck,Pediatric,90,0.1,SCMS from RDC,N/A - From RDC,367
9280,ASN-123,Generic,Zambia,20-Dec-06,20-Dec-06,150/300mg,Tablet - FDC,No,See ASN-123 (ID#:2685),Direct Drop,"Lamivudine/Zidovudine 150/300mg, tablets, 60 Tabs",MIssing,38534,423874.0,PMO - US,"Aurobindo Unit III, India",Lamivudine/Zidovudine,11.0,Date Not Captured,SCMS-163,Pre-PQ Process,Pre-PQ Process,ARV,110-ZM-T01,20-Dec-06,Air,Adult,60,0.18,Aurobindo Pharma Limited,EXW,See ASN-123 (ID#:2685)
41943,ASN-32262,Generic,Vietnam,13-Jul-15,14-Jul-15,600/300/300mg,Tablet - FDC,Yes,Invoiced Separately,Direct Drop,"Efavirenz/Lamivudine/Tenofovir Disoproxil Fumarate 600/300/300mg, tablets, 30 Tabs",112.99,9600,96000.0,PMO - US,Hetero Unit III Hyderabad IN,Efavirenz/Lamivudine/Tenofovir Disoproxil Fumarate,10.0,2/17/15,SCMS-274370,FPQ-15692,1/28/15,ARV,108-VN-T30,13-Jul-15,Air,Adult,30,0.33,HETERO LABS LIMITED,EXW,Weight Captured Separately
84347,DN-3581,Generic,South Sudan,21-Mar-14,26-Mar-14,200/50mg,Tablet,No,See DN-3581 (ID#:83219),From RDC,"Lopinavir/Ritonavir 200/50mg, tablets, 120 Tabs",10.46,507,10175.49,PMO - US,"Aurobindo Unit III, India",Lopinavir/Ritonavir,20.07,N/A - From RDC,SO-47100,FPQ-13173,10/28/13,ARV,103-SS-T30,31-Mar-14,Air,Adult,120,0.17,SCMS from RDC,N/A - From RDC,See DN-3581 (ID#:83219)
26996,ASN-29597,Generic,South Africa,28-Nov-14,28-Nov-14,200mg,Tablet,No,Freight Included in Commodity Cost,Direct Drop,"Nevirapine 200mg, tablets, 60 Tabs",0.29,22,282.13,PMO - US,"Aurobindo Unit III, India",Nevirapine,12.82,11/28/14,SCMS-259071,FPQ-14942,09-11-14,ARV,116-ZA-T30,28-Nov-14,Truck,Adult,60,0.21,PHARMACY DIRECT,DDP,Weight Captured Separately
7750,ASN-4386,Epivir,South Africa,21-Apr-09,21-Apr-09,10mg/ml,Oral solution,No,Freight Included in Commodity Cost,Direct Drop,"Lamivudine 10mg/ml [Epivir], oral solution, Bottle, 240 ml",20.71,1900,10564.0,PMO - US,GSK Mississauga (Canada),Lamivudine,5.56,3/27/09,SCMS-41585,Pre-PQ Process,Pre-PQ Process,ARV,116-ZA-T01,25-Jun-09,Air,Pediatric,240,0.02,S. BUYS WHOLESALER,DDP,Weight Captured Separately
57819,ASN-26927,Generic,Vietnam,13-Aug-14,25-Aug-14,600mg,Tablet,No,See ASN-26927 (ID#:26612),Direct Drop,"Efavirenz 600mg, tablets, 30 Tabs",45.69,12700,44450.0,PMO - US,Hetero Unit III Hyderabad IN,Efavirenz,3.5,03-10-14,SCMS-226260,FPQ-13524,02-06-14,ARV,108-VN-T30,13-Aug-14,Air,Adult,30,0.12,HETERO LABS LIMITED,EXW,See ASN-26927 (ID#:26612)
83700,DN-3237,Generic,Uganda,26-Aug-13,26-Aug-13,150/300/200mg,Tablet - FDC,Yes,10734.13,From RDC,"Lamivudine/Nevirapine/Zidovudine 150/200/300mg, tablets, 60 Tabs",154.46,15117,124866.42,PMO - US,"Strides, Bangalore, India.",Lamivudine/Nevirapine/Zidovudine,8.26,N/A - From RDC,SO-43910,FPQ-11133,12/13/12,ARV,114-UG-T30,31-Jul-13,Truck,Adult,60,0.14,SCMS from RDC,N/A - From RDC,8057
52799,ASN-12265,Determine,Dominican Republic,07-Oct-11,07-Oct-11,MIssing,Test kit,Yes,8776.57,Direct Drop,"HIV 1/2, Determine Complete HIV Kit, 100 Tests",151.8,1000,92000.0,PMO - US,Inverness Japan,"HIV 1/2, Determine Complete HIV Kit",92.0,08-04-11,SCMS-117390,FPQ-7858,6/21/11,HRDT,105-DO-T30,07-Oct-11,Air,HIV test,100,0.92,"Orgenics, Ltd",EXW,399
53877,ASN-11275,Generic,Ethiopia,21-Sep-11,21-Sep-11,200/50mg,Tablet,Yes,11729.82,Direct Drop,"Lopinavir/Ritonavir 200/50mg, tablets, 120 Tabs",759.69,13703,460420.8,PMO - US,"Aurobindo Unit III, India",Lopinavir/Ritonavir,33.6,2/15/11,SCMS-98700,FPQ-7065,1/26/11,ARV,117-ET-T30,21-Sep-11,Ocean,Adult,120,0.28,Aurobindo Pharma Limited,EXW,3476
80275,ASN-5056,Truvada,South Africa,24-Aug-09,24-Aug-09,300/200mg,Tablet - FDC,No,Freight Included in Commodity Cost,Direct Drop,"Emtricitabine/Tenofovir Disoproxil Fumarate 200/300mg [Truvada], tablets, 30 Tabs",17.74,200,9049.25,PMO - US,"Aspen-OSD, Port Elizabeth, SA",Emtricitabine/Tenofovir Disoproxil Fumarate,45.25,08-07-09,SCMS-51250,FPQ-4054,7/29/09,ARV,116-ZA-T30,24-Aug-09,Truck,Adult,30,1.51,S. BUYS WHOLESALER,DDP,Weight Captured Separately
20690,ASN-10895,Kaletra,Zimbabwe,04-Aug-11,04-Aug-11,80/20mg/ml,Oral solution,Yes,17912.6,Direct Drop,"Lopinavir/Ritonavir 80/20mg/ml [Kaletra], oral solution, cool, Bottle 5 x 60 ml",84.43,1083,39161.28,PMO - US,ABBVIE (Abbott) Logis. UK,Lopinavir/Ritonavir,36.16,11-10-10,SCMS-90651,FPQ-6488,10/26/10,ARV,200-ZW-T30,04-Aug-11,Air,Pediatric,300,0.12,ABBVIE LOGISTICS (FORMERLY ABBOTT LOGISTICS BV),FCA,1042
18509,ASN-9934,Generic,South Africa,07-Apr-11,07-Apr-11,300mg,Tablet,Yes,13829.58,Direct Drop,"Tenofovir Disoproxil Fumarate 300mg, tablets, 30 Tabs",705.19,64269,427388.85,PMO - US,"Aurobindo Unit III, India",Tenofovir Disoproxil Fumarate,6.65,12-06-10,SCMS-93520,FPQ-6708,11/26/10,ARV,161-ZA-T30,26-Jun-11,Ocean,Adult,30,0.22,Aurobindo Pharma Limited,DDP,5999
12493,DN-714,Generic,Uganda,19-May-08,19-May-08,150/300mg,Tablet - FDC,Yes,935.8,From RDC,"Lamivudine/Zidovudine 150/300mg, tablets, 60 Tabs",12.1,800,7560.0,PMO - US,"Aurobindo Unit III, India",Lamivudine/Zidovudine,9.45,N/A - From RDC,SO-2341,Pre-PQ Process,Pre-PQ Process,ARV,114-UG-T01,19-May-08,Air,Adult,60,0.16,SCMS from RDC,N/A - From RDC,75
42186,ASN-30792,Generic,South Africa,19-Feb-15,19-Feb-15,10mg/ml,Oral solution,No,Freight Included in Commodity Cost,Direct Drop,"Lamivudine 10mg/ml, oral solution, Bottle, 240 ml",0.02,3,21.46,PMO - US,"Aurobindo Unit III, India",Lamivudine,7.15,05-08-14,SCMS-238550,FPQ-13973,4/30/14,ARV,116-ZA-T30,19-Feb-15,Truck,Pediatric,240,0.03,PHARMACY DIRECT,DDP,Weight Captured Separately
25566,ASN-29597,Generic,South Africa,28-Nov-14,28-Nov-14,600mg,Tablet,No,Freight Included in Commodity Cost,Direct Drop,"Efavirenz 600mg, tablets, 30 Tabs",1.53,132,1487.53,PMO - US,"Aurobindo Unit III, India",Efavirenz,11.27,11/28/14,SCMS-259071,FPQ-14942,09-11-14,ARV,116-ZA-T30,28-Nov-14,Truck,Adult,30,0.38,PHARMACY DIRECT,DDP,Weight Captured Separately
10085,ASN-3178,Stat-Pak,Ethiopia,20-Jan-09,20-Jan-09,MIssing,Test kit,Yes,15288.75,Direct Drop,"HIV 1/2, Stat-Pak HIV, Kit, 20 Tests",493.48,9325,251775.0,PMO - US,Chembio Diagnostics Sys. Inc.,"HIV 1/2, Stat-Pak HIV, Kit",27.0,10/22/08,SCMS-32410,Pre-PQ Process,Pre-PQ Process,HRDT,117-ET-T01,30-Jan-09,Air,HIV test,20,1.35,"CHEMBIO DIAGNOSTIC SYSTEMS, INC.",EXW,3061
83288,DN-4008,Generic,Uganda,03-Dec-14,04-Dec-14,60/30mg,Tablet - FDC,No,See DN-4008 (ID#:82753),From RDC,"Abacavir/Lamivudine 60/30mg, tablets, 60 Tabs",39.14,9308,38069.72,PMO - US,Mylan (formerly Matrix) Nashik,Abacavir/Lamivudine,4.09,N/A - From RDC,SO-48970,FPQ-14396,06-04-14,ARV,114-UG-T30,28-Nov-14,Truck,Pediatric,60,0.07,SCMS from RDC,N/A - From RDC,See DN-4008 (ID#:82753)
35043,ASN-29385,Generic,Vietnam,13-Dec-14,13-Dec-14,600/300/300mg,Tablet - FDC,Yes,3691.22,Direct Drop,"Efavirenz/Lamivudine/Tenofovir Disoproxil Fumarate 600/300/300mg, tablets, 30 Tabs",203.79,18880,198240.0,PMO - US,Hetero Unit III Hyderabad IN,Efavirenz/Lamivudine/Tenofovir Disoproxil Fumarate,10.5,08-11-14,SCMS-251680,FPQ-14516,07-09-14,ARV,108-VN-T30,24-Dec-14,Air,Adult,30,0.35,HETERO LABS LIMITED,EXW,2452
74936,ASN-20366,Generic,Vietnam,01-Aug-13,01-Aug-13,600/300/300mg,Tablet - FDC,Yes,13625.75,Direct Drop,"Efavirenz/Lamivudine/Tenofovir Disoproxil Fumarate 600/300/300mg, tablets, 30 Tabs",665.2,46802,537754.98,PMO - US,Mylan (formerly Matrix) Nashik,Efavirenz/Lamivudine/Tenofovir Disoproxil Fumarate,11.49,2/13/13,SCMS-177620,FPQ-11560,02-07-13,ARV,108-VN-T30,01-Aug-13,Air,Adult,30,0.38,MYLAN LABORATORIES LTD (FORMERLY MATRIX LABORATORIES),EXW,5281
52206,ASN-7025,Generic,Haiti,18-Jun-10,18-Jun-10,100/25mg,Tablet,Yes,1075.54,Direct Drop,"Lopinavir/Ritonavir 100/25mg [Aluvia], tablets, 60 Tabs",5.85,300,2712.0,PMO - US,ABBVIE Ludwigshafen Germany,Lopinavir/Ritonavir,9.04,11/13/09,SCMS-58030,FPQ-4389,11-03-09,ARV,106-HT-T30,18-Jun-10,Air,Pediatric,60,0.15,ABBVIE LOGISTICS (FORMERLY ABBOTT LOGISTICS BV),FCA,44
86329,DN-1994,Generic,Nigeria,17-Aug-10,17-Aug-10,200mg,Tablet,No,See DN-1994 (ID#:85140),From RDC,"Nevirapine 200mg, tablets, 60 Tabs",8.24,1400,3822.0,PMO - US,"Strides, Bangalore, India.",Nevirapine,2.73,N/A - From RDC,SO-36464,FPQ-5023,02-10-10,ARV,151-NG-T30,12-Aug-10,Air Charter,Adult,60,0.05,SCMS from RDC,N/A - From RDC,See DN-1994 (ID#:85140)
41902,ASN-23208,Generic,Vietnam,07-Jan-14,07-Jan-14,300mg,Tablet,Yes,1681.58,Direct Drop,"Tenofovir Disoproxil Fumarate 300mg, tablets, 30 Tabs",58.44,13307,47239.85,PMO - US,Hetero Unit III Hyderabad IN,Tenofovir Disoproxil Fumarate,3.55,7/25/13,SCMS-199850,FPQ-12539,07-11-13,ARV,108-VN-T30,07-Jan-14,Air,Adult,30,0.12,HETERO LABS LIMITED,EXW,1018
46010,ASN-9044,Generic,Rwanda,09-Dec-10,09-Dec-10,200mg,Tablet,Yes,Freight Included in Commodity Cost,Direct Drop,"Nevirapine 200mg, tablets, 60 Tabs",360.03,63254,166990.56,PMO - US,Hetero Unit III Hyderabad IN,Nevirapine,2.64,9/17/10,SCMS-84440,FPQ-6185,09-03-10,ARV,107-RW-T30,09-Dec-10,Air,Adult,60,0.04,HETERO LABS LIMITED,CIP,3700
83742,DN-3446,Generic,CÃte dIvoire,03-Jan-14,17-Jan-14,300mg,Tablet,Yes,3128.55,From RDC,"Tenofovir Disoproxil Fumarate 300mg, tablets, 30 Tabs",19.29,3859,15590.36,PMO - US,Mylan (formerly Matrix) Nashik,Tenofovir Disoproxil Fumarate,4.04,N/A - From RDC,SO-46331,FPQ-12800,08-09-13,ARV,104-CI-T30,03-Jan-14,Air,Adult,30,0.13,SCMS from RDC,N/A - From RDC,242
85823,DN-2519,Generic,Zimbabwe,16-Feb-12,16-Feb-12,300/300mg,Tablet - FDC,No,See DN-2519 (ID#:84141),From RDC,"Lamivudine/Tenofovir Disoproxil Fumarate 300/300mg, tablets, 30 Tabs",101.46,10114,61493.12,PMO - US,Mylan (formerly Matrix) Nashik,Lamivudine/Tenofovir Disoproxil Fumarate,6.08,N/A - From RDC,SO-38520,FPQ-7052,1/19/11,ARV,113-ZW-T30,29-Feb-12,Truck,Adult,30,0.2,SCMS from RDC,N/A - From RDC,See DN-2519 (ID#:84141)
82669,DN-3651,Generic,Mozambique,03-Jun-14,19-Jun-14,150mg,Tablet,Yes,800,From RDC,"Lamivudine 150mg, tablets, 60 Tabs",0.79,440,765.6,PMO - US,"Micro labs, Verna, Goa, India",Lamivudine,1.74,N/A - From RDC,SO-47591,FPQ-13165,10/21/13,ARV,111-MZ-T30,04-Jul-14,Truck,Adult,60,0.03,SCMS from RDC,N/A - From RDC,27
77547,ASN-31331,Determine,South Sudan,03-Jun-15,05-Jun-15,MIssing,Test kit - Ancillary,No,See ASN-31331 (ID#:51668),Direct Drop,"Capillary Tubes, for Determine, EDTA, 50uL,100 Pcs",0.47,50,400.0,PMO - US,"Alere Medical Co., Ltd.","HIV, Capillary Tubes, for Determine, EDTA, 50uL,100 Pcs",8.0,2/20/15,SCMS-272160,FPQ-15569,12/29/14,HRDT,105-SS-T30,03-Jun-15,Air,HIV test - Ancillary,100,0.08,"Orgenics, Ltd",EXW,See ASN-31331 (ID#:51668)
83912,DN-4283,Generic,"Congo, DRC",07-Aug-15,27-Aug-15,150/300/200mg,Tablet - FDC,Yes,Invoiced Separately,From RDC,"Lamivudine/Nevirapine/Zidovudine 150/200/300mg, tablets, 60 Tabs",644.87,70971,547896.12,PMO - US,"Hetero, Jadcherla, unit 5, IN",Lamivudine/Nevirapine/Zidovudine,7.72,N/A - From RDC,SO-51260,FPQ-16158,3/31/15,ARV,101-CD-T30,08-Jul-15,Air,Adult,60,0.13,SCMS from RDC,N/A - From RDC,Weight Captured Separately
18392,ASN-26738,Uni-Gold,"Congo, DRC",05-Sep-14,16-Sep-14,MIssing,Test kit,No,See ASN-26738 (ID#:15115),Direct Drop,"HIV 1/2, Uni-Gold HIV Kit, 20 Tests",0.56,17,544.0,PMO - US,"Trinity Biotech, Plc","HIV 1/2, Uni-Gold HIV Kit",32.0,5/20/14,SCMS-239410,FPQ-14100,4/23/14,HRDT,101-CD-T30,05-Sep-14,Air,HIV test,20,1.6,"Trinity Biotech, Plc",EXW,See ASN-26738 (ID#:15115)
40255,ASN-24697,Norvir,Vietnam,07-Apr-14,08-May-14,100mg,Tablet,Yes,Invoiced Separately,Direct Drop,"Ritonavir 100mg [Norvir], film coated tablets, 30 Tabs",11.51,400,9304.0,PMO - US,ABBVIE Ludwigshafen Germany,Ritonavir,23.26,10-10-13,SCMS-210040,FPQ-13034,10-04-13,ARV,108-VN-T30,07-Apr-14,Air,Adult,30,0.78,ABBVIE LOGISTICS (FORMERLY ABBOTT LOGISTICS BV),FCA,Weight Captured Separately
83878,DN-4101,Generic,Uganda,25-Feb-15,05-Mar-15,60/30mg,Tablet - FDC,No,See DN-4101 (ID#:82773),From RDC,"Abacavir/Lamivudine 60/30mg, tablets, 60 Tabs",46.7,11106,45423.54,PMO - US,Mylan (formerly Matrix) Nashik,Abacavir/Lamivudine,4.09,N/A - From RDC,SO-48994,FPQ-14396,06-04-14,ARV,114-UG-T30,27-Feb-15,Truck,Pediatric,60,0.07,SCMS from RDC,N/A - From RDC,See DN-4101 (ID#:82773)
8232,ASN-1273,Capillus,Haiti,11-Feb-08,11-Feb-08,MIssing,Test kit,Yes,1425.77,Direct Drop,"HIV 1/2, Capillus HIV Kit, 100 Tests",27.8,125,17375.0,PMO - US,"Trinity Biotech, Plc","HIV 1/2, Capillus HIV Kit",139.0,Date Not Captured,SCMS-15510,Pre-PQ Process,Pre-PQ Process,HRDT,106-HT-T01,11-Feb-08,Air,HIV test,100,1.39,"Trinity Biotech, Plc",EXW,92
58134,ASN-22352,Determine,Nigeria,11-Nov-13,17-Nov-13,MIssing,Test kit,Yes,22872.42,Direct Drop,"HIV 1/2, Determine Complete HIV Kit, 100 Tests",335.78,3050,271450.0,PMO - US,"Alere Medical Co., Ltd.","HIV 1/2, Determine Complete HIV Kit",89.0,07-10-13,SCMS-196561,FPQ-12456,06-10-13,HRDT,133-NG-T30,07-Nov-13,Air,HIV test,100,0.89,"Orgenics, Ltd",EXW,1238
11464,DN-375,Determine,Mozambique,31-Oct-07,31-Oct-07,MIssing,Test kit,Yes,1871.05,From RDC,"HIV 1/2, Determine Complete HIV Kit, 100 Tests",460.8,4000,288000.0,PMO - US,ABBVIE GmbH & Co.KG Wiesbaden,"HIV 1/2, Determine Complete HIV Kit",72.0,N/A - From RDC,SO-1110,Pre-PQ Process,Pre-PQ Process,HRDT,111-MZ-T01,31-Oct-07,Air,HIV test,100,0.72,SCMS from RDC,N/A - From RDC,2526
85980,DN-3215,Generic,CÃte dIvoire,06-Aug-13,06-Aug-13,200/50mg,Tablet,Yes,17548.41,From RDC,"Lopinavir/Ritonavir 200/50mg, tablets, 120 Tabs",415.63,16000,336000.0,PMO - US,"Aurobindo Unit III, India",Lopinavir/Ritonavir,21.0,N/A - From RDC,SO-44230,FPQ-11253,12/14/12,ARV,104-CI-T30,31-Jul-13,Truck,Adult,120,0.18,SCMS from RDC,N/A - From RDC,3893
62980,ASN-15789,Generic,Haiti,22-Oct-12,22-Oct-12,300/300mg,Tablet - FDC,Yes,9272.18,Direct Drop,"Lamivudine/Tenofovir Disoproxil Fumarate 300/300mg, tablets, 30 Tabs",141.4,19776,100857.6,PMO - US,Hetero Unit III Hyderabad IN,Lamivudine/Tenofovir Disoproxil Fumarate,5.1,6/28/12,SCMS-148700,FPQ-9635,5/14/12,ARV,106-HT-T30,22-Oct-12,Ocean,Adult,30,0.17,HETERO LABS LIMITED,EXW,2122
77565,ASN-17261,Generic,Cameroon,19-Dec-12,19-Dec-12,600/300/300mg,Tablet - FDC,Yes,27939.91,Direct Drop,"Efavirenz/Lamivudine/Tenofovir Disoproxil Fumarate 600/300/300mg, tablets, 30 Tabs",440.49,26204,314185.96,PMO - US,Mylan (formerly Matrix) Nashik,Efavirenz/Lamivudine/Tenofovir Disoproxil Fumarate,11.99,10-08-12,SCMS-161720,FPQ-10654,9/20/12,ARV,900-CM-T30,19-Dec-12,Air,Adult,30,0.4,MYLAN LABORATORIES LTD (FORMERLY MATRIX LABORATORIES),EXW,3176
45440,ASN-25268,Generic,Rwanda,06-May-14,15-May-14,10mg/ml,Oral suspension,Yes,Freight Included in Commodity Cost,Direct Drop,"Nevirapine 10mg/ml, oral suspension w/syringe, Bottle, 240 ml",10.59,6821,10299.71,PMO - US,"Aurobindo Unit III, India",Nevirapine,1.51,2/28/14,SCMS-227720,FPQ-13651,02-05-14,ARV,107-RW-T30,06-May-14,Air,Pediatric,240,0.01,Aurobindo Pharma Limited,EXW,2686
79618,ASN-19138,Determine,CÃte dIvoire,26-Apr-13,26-Apr-13,MIssing,Test kit,Yes,23270.25,Direct Drop,"HIV 1/2, Determine Complete HIV Kit, 100 Tests",291.24,2943,235440.0,PMO - US,"Alere Medical Co., Ltd.","HIV 1/2, Determine Complete HIV Kit",80.0,1/15/13,SCMS-173130,FPQ-11294,12/14/12,HRDT,104-CI-T30,26-Apr-13,Air,HIV test,100,0.8,"Orgenics, Ltd",EXW,1280
50910,ASN-30463,Generic,Haiti,09-Apr-15,13-Apr-15,150/300mg,Tablet - FDC,No,See ASN-30463 (ID#:15460),Direct Drop,"Lamivudine/Zidovudine 150/300mg, tablets, 60 Tabs",216.12,31806,210237.66,PMO - US,Hetero Unit III Hyderabad IN,Lamivudine/Zidovudine,6.61,01-07-15,SCMS-262980,FPQ-15038,10/22/14,ARV,106-HT-T30,09-Apr-15,Ocean,Adult,60,0.11,HETERO LABS LIMITED,EXW,See ASN-30463 (ID#:15460)
85835,DN-2569,Generic,Uganda,27-Feb-12,27-Feb-12,300mg,Tablet,Yes,1933.3,From RDC,"Zidovudine 300mg, tablets, 60 Tabs",50.94,4398,30873.96,PMO - US,Hetero Unit III Hyderabad IN,Zidovudine,7.02,N/A - From RDC,SO-40943,FPQ-8522,10-05-11,ARV,114-UG-T30,30-Mar-12,Truck,Adult,60,0.12,SCMS from RDC,N/A - From RDC,224
52687,ASN-27468,Determine,Nigeria,27-Aug-14,04-Sep-14,MIssing,Test kit,Yes,37297.95,Direct Drop,"HIV 1/2, Determine Complete HIV Kit, 100 Tests",580.06,6340,564260.0,PMO - US,"Alere Medical Co., Ltd.","HIV 1/2, Determine Complete HIV Kit",89.0,06-02-14,SCMS-240830,FPQ-14305,5/16/14,HRDT,133-NG-T30,19-Aug-14,Air,HIV test,100,0.89,"Orgenics, Ltd",EXW,2571
64913,ASN-26738,Uni-Gold,"Congo, DRC",05-Sep-14,16-Sep-14,MIssing,Test kit,No,See ASN-26738 (ID#:15115),Direct Drop,"HIV 1/2, Uni-Gold HIV Kit, 20 Tests",1.05,32,1024.0,PMO - US,"Trinity Biotech, Plc","HIV 1/2, Uni-Gold HIV Kit",32.0,5/20/14,SCMS-239410,FPQ-14100,4/23/14,HRDT,101-CD-T30,05-Sep-14,Air,HIV test,20,1.6,"Trinity Biotech, Plc",EXW,See ASN-26738 (ID#:15115)
22799,ASN-14148,Generic,Haiti,10-Apr-12,10-Apr-12,125mg,Delayed-release capsules,Yes,1471.46,Direct Drop,"Didanosine 125mg, delayed-release capsules, 30 Caps",3,252,2142.0,PMO - US,"Aurobindo Unit III, India",Didanosine,8.5,2/24/12,SCMS-138570,FPQ-9066,01-06-12,ARV,106-HT-T30,10-Apr-12,Air,Pediatric,30,0.28,Aurobindo Pharma Limited,EXW,16
50607,ASN-5587,Generic,Haiti,17-Dec-09,17-Dec-09,200/50mg,Tablet,Yes,2228.92,Direct Drop,"Lopinavir/Ritonavir 200/50mg, tablets, 120 Tabs",59.83,740,27750.0,PMO - US,"Aurobindo Unit III, India",Lopinavir/Ritonavir,37.5,11/19/09,SCMS-57150,FPQ-4406,10/23/09,ARV,106-HT-T30,17-Dec-09,Air,Adult,120,0.31,Aurobindo Pharma Limited,EXW,203
11053,DN-1263,Generic,Nigeria,16-Jun-09,16-Jun-09,150/200/30mg,Tablet - FDC,Yes,7329.83,From RDC,"Lamivudine/Nevirapine/Stavudine 150/200/30mg, tablets, 60 Tabs",303.73,21765,154966.8,PMO - US,"Strides, Bangalore, India.",Lamivudine/Nevirapine/Stavudine,7.12,N/A - From RDC,SO-24482,Pre-PQ Process,Pre-PQ Process,ARV,123-NG-T01,16-Jun-09,Air Charter,Adult,60,0.12,SCMS from RDC,N/A - From RDC,1984
52258,ASN-29320,Generic,CÃte dIvoire,04-Dec-14,08-Dec-14,300/100mg,Tablet,Yes,3978.49,Direct Drop,"Atazanavir/Ritonavir 300/100mg, tablets, 30 Tabs",51.4,2500,50000.0,PMO - US,Mylan (formerly Matrix) Nashik,Atazanavir/Ritonavir,20.0,03-03-14,SCMS-228920,FPQ-13629,1/31/14,ARV,104-CI-T30,04-Dec-14,Air,Adult,30,0.67,MYLAN LABORATORIES LTD (FORMERLY MATRIX LABORATORIES),EXW,343
1279,ASN-79,Kaletra,Zimbabwe,07-Nov-06,07-Nov-06,133.3/33.3mg,Capsule,Yes,Freight Included in Commodity Cost,Direct Drop,"Lopinavir/Ritonavir 133.3/33.3mg [Kaletra], capsules, cool, 2 x 90 Caps",MIssing,260,11096.8,PMO - US,ABBVIE (Abbott) St. Pburg USA,Lopinavir/Ritonavir,42.68,Date Not Captured,SCMS-135,Pre-PQ Process,Pre-PQ Process,ARV,113-ZW-T01,07-Nov-06,Air,Adult,180,0.24,INTERNATIONAL HEALTHCARE DISTRIBUTORS,CIP,135
82935,DN-2108,Generic,CÃte dIvoire,22-Feb-11,22-Feb-11,300mg,Tablet,No,See DN-2108 (ID#:82368),From RDC,"Zidovudine 300mg, tablets, 60 Tabs",207.71,13362,96340.02,PMO - US,"Aurobindo Unit III, India",Zidovudine,7.21,N/A - From RDC,SO-37290,FPQ-6144,08-03-10,ARV,104-CI-T30,31-Jan-11,Air,Adult,60,0.12,SCMS from RDC,N/A - From RDC,See DN-2108 (ID#:82368)
83671,DN-3096,Generic,Burundi,10-May-13,10-May-13,10mg/ml,Oral solution,Yes,5384.96,From RDC,"Zidovudine 10mg/ml, oral solution w/syringe, Bottle, 240 ml",1.49,574,1205.4,PMO - US,"Aurobindo Unit III, India",Zidovudine,2.1,N/A - From RDC,SO-44640,FPQ-11661,2/20/13,ARV,102-BI-T30,02-May-13,Air,Pediatric,240,0.01,SCMS from RDC,N/A - From RDC,422
19289,ASN-23016,Aluvia,Haiti,23-Jan-14,24-Jan-14,200/50mg,Tablet,Yes,737.11,Direct Drop,"Lopinavir/Ritonavir 200/50mg [Aluvia], tablets, 120 Tabs",15.44,646,12480.72,PMO - US,ABBVIE Ludwigshafen Germany,Lopinavir/Ritonavir,19.32,10/22/13,SCMS-210440,FPQ-12590,8/21/13,ARV,106-HT-T30,23-Jan-14,Air,Adult,120,0.16,ABBVIE LOGISTICS (FORMERLY ABBOTT LOGISTICS BV),FCA,166
68583,ASN-22749,Determine,South Sudan,24-Jan-14,24-Jan-14,MIssing,Test kit - Ancillary,No,See ASN-22749 (ID#:45723),Direct Drop,"Chase Buffer, Determine, 100 Tests, 2.5ml x 1 Vial",0.99,160,800.0,PMO - US,"Alere Medical Co., Ltd.","Chase Buffer, Determine, 100 Tests, 2.5ml x 1 Vial",5.0,08-05-13,SCMS-200911,FPQ-12623,7/18/13,HRDT,105-SS-T30,24-Jan-14,Air,HIV test - Ancillary,1,5.0,"Orgenics, Ltd",EXW,See ASN-22749 (ID#:45723)
83599,DN-2719,Generic,Uganda,29-Jun-12,29-Jun-12,200/50mg,Tablet,Yes,17102.56,From RDC,"Lopinavir/Ritonavir 200/50mg, tablets, 120 Tabs",166.49,4001,118749.68,PMO - US,"Aurobindo Unit III, India",Lopinavir/Ritonavir,29.68,N/A - From RDC,SO-42310,FPQ-9876,5/15/12,ARV,114-UG-T30,11-Jul-12,Air,Adult,120,0.25,SCMS from RDC,N/A - From RDC,972
83505,DN-2219,Generic,Nigeria,05-Jul-11,05-Jul-11,200/300mg,Tablet - FDC,Yes,13398.06,From RDC,"Emtricitabine/Tenofovir Disoproxil Fumarate 200/300mg, tablets, 30 Tabs",1040.52,57749,630619.08,PMO - US,"Aurobindo Unit III, India",Emtricitabine/Tenofovir Disoproxil Fumarate,10.92,N/A - From RDC,SO-39630,FPQ-7217,2/21/11,ARV,151-NG-T30,15-Jun-11,Air Charter,Adult,30,0.36,SCMS from RDC,N/A - From RDC,5554
11345,DN-1359,Generic,CÃte dIvoire,08-Sep-09,08-Sep-09,300mg,Tablet,Yes,Freight Included in Commodity Cost,From RDC,"Zidovudine 300mg, tablets, 60 Tabs",118.07,8000,60240.0,PMO - US,Hetero Unit III Hyderabad IN,Zidovudine,7.53,N/A - From RDC,SO-32230,Pre-PQ Process,Date Not Captured,ARV,104-CI-T01,08-Sep-09,Air,Adult,60,0.13,SCMS from RDC,N/A - From RDC,452
2740,ASN-544,Stat-Pak,Nigeria,10-Jul-07,10-Jul-07,MIssing,Test kit,Yes,28118.58,Direct Drop,"HIV 1/2, Stat-Pak HIV, Kit, 20 Tests",432,10000,270000.0,PMO - US,Chembio Diagnostics Sys. Inc.,"HIV 1/2, Stat-Pak HIV, Kit",27.0,06-08-07,SCMS-687,Pre-PQ Process,Pre-PQ Process,HRDT,102-NG-T01,10-Jul-07,Air,HIV test,20,1.35,"CHEMBIO DIAGNOSTIC SYSTEMS, INC.",EXW,3045
25844,ASN-14276,Determine,Tanzania,08-May-12,08-May-12,MIssing,Test kit,Yes,10626.8,Direct Drop,"HIV 1/2, Determine Complete HIV Kit, 100 Tests",126.74,1130,90400.0,PMO - US,"Alere Medical Co., Ltd.","HIV 1/2, Determine Complete HIV Kit",80.0,2/17/12,SCMS-136920,FPQ-9211,1/25/12,HRDT,109-TZ-T30,08-May-12,Air,HIV test,100,0.8,"Orgenics, Ltd",EXW,537
85426,DN-3456,Generic,CÃte dIvoire,14-Dec-13,20-Jan-14,200mg,Delayed-release capsules,Yes,1532.73,From RDC,"Didanosine 200mg, [DON] delayed-release capsules, 30 Caps",0,1200,0.0,PMO - US,"Aurobindo Unit III, India",Didanosine,0.0,N/A - From RDC,SO-47170,FPQ-13217,10/25/13,ARV,104-CI-T30,07-Jan-14,Truck,Pediatric,30,0.0,SCMS from RDC,N/A - From RDC,80
83473,DN-2073,Generic,Haiti,05-Jan-11,05-Jan-11,150mg,Tablet,No,See DN-2073 (ID#:82362),From RDC,"Lamivudine 150mg, tablets, 60 Tabs",45.26,9009,20990.97,PMO - US,Hetero Unit III Hyderabad IN,Lamivudine,2.33,N/A - From RDC,SO-37760,FPQ-6484,10/13/10,ARV,106-HT-T30,20-Dec-10,Air,Adult,60,0.04,SCMS from RDC,N/A - From RDC,See DN-2073 (ID#:82362)
19484,ASN-31785,Determine,Nigeria,07-May-15,22-May-15,MIssing,Test kit,Yes,27361.87,Direct Drop,"HIV 1/2, Determine Complete HIV Kit, 100 Tests",590.81,5640,501960.0,PMO - US,"Alere Medical Co., Ltd.","HIV 1/2, Determine Complete HIV Kit",89.0,3/13/15,SCMS-270770,FPQ-15504,12-08-14,HRDT,133-NG-T30,07-May-15,Air,HIV test,100,0.89,"Orgenics, Ltd",EXW,2292
34890,ASN-28037,Generic,South Africa,29-Aug-14,29-Aug-14,150/300mg,Tablet - FDC,No,Freight Included in Commodity Cost,Direct Drop,"Lamivudine/Zidovudine 150/300mg, tablets, 60 Tabs",8.71,215,7040.78,PMO - US,Hetero Unit III Hyderabad IN,Lamivudine/Zidovudine,32.75,8/29/14,SCMS-199289,FPQ-12522,07-11-13,ARV,116-ZA-T30,29-Aug-14,Truck,Adult,60,0.55,S. BUYS WHOLESALER,DDP,Weight Captured Separately
25930,ASN-10120,Determine,CÃte dIvoire,28-Mar-11,28-Mar-11,MIssing,Test kit,Yes,14934.26,Direct Drop,"HIV 1/2, Determine HIV Kit, without Lancets, 100 Tests",422.18,3293,255866.1,PMO - US,Inverness Japan,"HIV 1/2, Determine HIV Kit, without Lancets",77.7,12/22/10,SCMS-94620,FPQ-6739,11/19/10,HRDT,104-CI-T30,28-Mar-11,Air,HIV test,100,0.78,"Orgenics, Ltd",EXW,747
84798,DN-3055,Generic,Zimbabwe,14-Mar-13,14-Mar-13,600/300/300mg,Tablet - FDC,Yes,9405.8,From RDC,"Efavirenz/Lamivudine/Tenofovir Disoproxil Fumarate 600/300/300mg, tablets, 30 Tabs",302,20160,244137.6,PMO - US,Mylan (formerly Matrix) Nashik,Efavirenz/Lamivudine/Tenofovir Disoproxil Fumarate,12.11,N/A - From RDC,SO-43590,FPQ-10895,10/25/12,ARV,113-ZW-T30,31-May-13,Truck,Adult,30,0.4,SCMS from RDC,N/A - From RDC,2268
84345,DN-3580,Generic,Mozambique,14-Apr-14,17-Apr-14,150/300/200mg,Tablet - FDC,No,See DN-3580 (ID#:83772),From RDC,"Lamivudine/Nevirapine/Zidovudine 150/200/300mg, tablets, 60 Tabs",466.99,54997,454275.22,PMO - US,"Aurobindo Unit III, India",Lamivudine/Nevirapine/Zidovudine,8.26,N/A - From RDC,SO-47083,FPQ-13123,10/21/13,ARV,111-MZ-T30,15-Apr-14,Truck,Adult,60,0.14,SCMS from RDC,N/A - From RDC,See DN-3580 (ID#:83772)
68735,ASN-11974,Bioline,Tanzania,29-Sep-11,29-Sep-11,MIssing,Test kit,Yes,22086.15,Direct Drop,"HIV 1/2, Bioline 3.0 Kit, Lancets, Capillary pipets, Alcohol swabs included, 25 Tests",330,10000,200000.0,PMO - US,"Standard Diagnostics, Korea","HIV 1/2, Bioline 3.0 Kit, Lancets, Capillary pipets, Alcohol swabs included",20.0,7/18/11,SCMS-114980,FPQ-7909,6/24/11,HRDT,109-TZ-T30,29-Sep-11,Air,HIV test,25,0.8,"Standard Diagnostics, Inc.",EXW,3334
54536,ASN-6679,Invirase,Nigeria,21-May-10,21-May-10,200mg,Capsule,Yes,2502.05,Direct Drop,"Saquinavir 200mg [Invirase], capsules, 270 Caps",2.29,11,1062.3,PMO - US,Roche Basel,Saquinavir,96.57,12/22/09,SCMS-59990,FPQ-4574,11/19/09,ARV,151-NG-T30,21-May-10,Air,Adult,270,0.36,Hoffmann-La Roche ltd Basel,FCA,6
85464,DN-3652,Generic,Mozambique,23-May-14,13-Jun-14,150/300/200mg,Tablet - FDC,No,See DN-3652 (ID#:85463),From RDC,"Lamivudine/Nevirapine/Zidovudine 150/200/300mg, tablets, 60 Tabs",833.71,100000,811000.0,PMO - US,"Aurobindo Unit III, India",Lamivudine/Nevirapine/Zidovudine,8.11,N/A - From RDC,SO-47085,FPQ-13123,10/21/13,ARV,111-MZ-T30,16-Jun-14,Truck,Adult,60,0.14,SCMS from RDC,N/A - From RDC,See DN-3652 (ID#:85463)
5935,ASN-2853,Aluvia,Vietnam,02-Dec-08,02-Dec-08,200/50mg,Tablet,Yes,2709.98,Direct Drop,"Lopinavir/Ritonavir 200/50mg [Aluvia], tablets, 120 Tabs",0.97,6,493.2,PMO - US,ABBVIE Ludwigshafen Germany,Lopinavir/Ritonavir,82.2,7/24/08,SCMS-27290,Pre-PQ Process,Pre-PQ Process,ARV,108-VN-T01,02-Dec-08,Air,Adult,120,0.68,ABBVIE LOGISTICS (FORMERLY ABBOTT LOGISTICS BV),FCA,9
83440,DN-1921,Generic,Nigeria,28-Jun-10,28-Jun-10,200mg,Capsule,Yes,Freight Included in Commodity Cost,From RDC,"Efavirenz 200mg, capsule, 90 Caps",20.93,1000,9710.0,PMO - US,"Aurobindo Unit III, India",Efavirenz,9.71,N/A - From RDC,SO-36520,FPQ-5023,02-10-10,ARV,151-NG-T30,15-Jul-10,Air,Pediatric,90,0.11,SCMS from RDC,N/A - From RDC,120
36816,ASN-15840,Generic,Haiti,16-Aug-12,16-Aug-12,30mg,Capsule,Yes,941.74,Direct Drop,"Stavudine 30mg, capsules, 60 Caps",0.18,90,126.0,PMO - US,"Aurobindo Unit III, India",Stavudine,1.4,07-12-12,SCMS-148410,FPQ-9635,5/14/12,ARV,106-HT-T30,16-Aug-12,Air,Adult,60,0.02,Aurobindo Pharma Limited,EXW,6
84021,DN-1939,Generic,Nigeria,28-Jun-10,28-Jun-10,150/300mg,Tablet - FDC,Yes,Freight Included in Commodity Cost,From RDC,"Lamivudine/Zidovudine 150/300mg, tablets, 60 Tabs",88.28,4674,40944.24,PMO - US,Mylan (formerly Matrix) Nashik,Lamivudine/Zidovudine,8.76,N/A - From RDC,SO-36543,FPQ-5023,02-10-10,ARV,151-NG-T30,15-Jul-10,Air,Adult,60,0.15,SCMS from RDC,N/A - From RDC,376
22511,ASN-31631,Kaletra,Zambia,23-Apr-15,23-Apr-15,80/20mg/ml,Oral solution,Yes,13949.95,Direct Drop,"Lopinavir/Ritonavir 80/20mg/ml [Kaletra], oral solution, cool, Bottle 5 x 60 ml",71.79,2266,69838.12,PMO - US,ABBVIE (Abbott) Logis. UK,Lopinavir/Ritonavir,30.82,8/20/14,SCMS-253023,FPQ-14790,8/13/14,ARV,110-ZM-T30,23-Apr-15,Air,Pediatric,300,0.1,ABBVIE LOGISTICS (FORMERLY ABBOTT LOGISTICS BV),FCA,2272
83097,DN-2958,Generic,CÃte dIvoire,14-Jan-13,14-Jan-13,30/60mg,Tablet - FDC,Yes,9879.25,From RDC,"Lamivudine/Zidovudine 30/60mg, tablets, 60 Tabs",15.29,3952,10907.52,PMO - US,"Aurobindo Unit III, India",Lamivudine/Zidovudine,2.76,N/A - From RDC,SO-42980,FPQ-10405,7/24/12,ARV,104-CI-T30,01-Feb-13,Truck,Pediatric,60,0.05,SCMS from RDC,N/A - From RDC,2705
85064,DN-1360,Generic,Nigeria,04-Aug-09,04-Aug-09,150mg,Tablet,No,See DN-1360 (ID#:83371),From RDC,"Lamivudine 150mg, tablets, 60 Tabs",0.22,45,109.8,PMO - US,"Aurobindo Unit III, India",Lamivudine,2.44,N/A - From RDC,SO-32272,FPQ-3815,5/26/09,ARV,154-NG-T30,31-Aug-09,Air Charter,Adult,60,0.04,SCMS from RDC,N/A - From RDC,See DN-1360 (ID#:83371)
82804,DN-4177,Generic,CÃte dIvoire,29-May-15,18-Jun-15,150/300/200mg,Tablet - FDC,Yes,36897.57,From RDC,"Lamivudine/Nevirapine/Zidovudine 150/200/300mg, tablets, 60 Tabs",714.25,90000,694800.0,PMO - US,Hetero Unit III Hyderabad IN,Lamivudine/Nevirapine/Zidovudine,7.72,N/A - From RDC,SO-49090,FPQ-14370,5/23/14,ARV,104-CI-T30,29-May-15,Truck,Adult,60,0.13,SCMS from RDC,N/A - From RDC,17769
86817,DN-4307,Generic,Zimbabwe,15-Jul-15,20-Jul-15,30/50/60mg,Chewable/dispersible tablet - FDC,No,See DN-4307 (ID#:83920),From RDC,"Lamivudine/Nevirapine/Zidovudine 30/50/60mg, dispersible tablets, 60 Tabs",869.66,205243,738874.8,PMO - US,"Cipla, Goa, India",Lamivudine/Nevirapine/Zidovudine,3.6,N/A - From RDC,SO-50020,FPQ-15197,10/16/14,ARV,103-ZW-T30,31-Jul-15,Truck,Pediatric,60,0.06,SCMS from RDC,N/A - From RDC,See DN-4307 (ID#:83920)
6914,ASN-1520,Kaletra,South Africa,04-Jan-08,04-Jan-08,80/20mg/ml,Oral solution,No,Freight Included in Commodity Cost,Direct Drop,"Lopinavir/Ritonavir 80/20mg/ml [Kaletra], oral solution, cool, Bottle 5 x 60 ml",2.22,30,1384.5,PMO - US,ABBVIE (Abbott) Logis. UK,Lopinavir/Ritonavir,46.15,01-04-08,SCMS-16600,Pre-PQ Process,Pre-PQ Process,ARV,116-ZA-T01,21-Jan-08,MIssing,Pediatric,300,0.15,"JSI R&T INSTITUTE, INC.",DDP,Weight Captured Separately
12235,DN-858,Generic,Mozambique,05-Sep-08,05-Sep-08,150/200/30mg,Tablet - FDC,No,Freight Included in Commodity Cost,From RDC,"Lamivudine/Nevirapine/Stavudine 150/200/30mg, tablets, 60 Tabs",876.99,76128,548121.6,PMO - US,"Strides, Bangalore, India.",Lamivudine/Nevirapine/Stavudine,7.2,N/A - From RDC,SO-2524,Pre-PQ Process,Pre-PQ Process,ARV,111-MZ-T01,05-Sep-08,Truck,Adult,60,0.12,SCMS from RDC,N/A - From RDC,Weight Captured Separately
84772,DN-2946,Generic,Nigeria,04-Dec-12,04-Dec-12,200mg,Tablet,No,See DN-2946 (ID#:82531),From RDC,"Nevirapine 200mg, tablets, 60 Tabs",118.79,35011,84726.62,PMO - US,Hetero Unit III Hyderabad IN,Nevirapine,2.42,N/A - From RDC,SO-43435,FPQ-9968,5/23/12,ARV,151-NG-T30,04-Dec-12,Air,Adult,60,0.04,SCMS from RDC,N/A - From RDC,See DN-2946 (ID#:82531)
84131,DN-2493,Generic,"Congo, DRC",14-Feb-12,14-Feb-12,200mg,Tablet,No,See DN-2493 (ID#:82432),From RDC,"Nevirapine 200mg, tablets, 60 Tabs",0.25,70,180.6,PMO - US,"Strides, Bangalore, India.",Nevirapine,2.58,N/A - From RDC,SO-41131,FPQ-8840,11/21/11,ARV,101-CD-T30,16-Mar-12,Air,Adult,60,0.04,SCMS from RDC,N/A - From RDC,See DN-2493 (ID#:82432)
25075,ASN-30570,Stat-Pak,CÃte dIvoire,20-Feb-15,20-Feb-15,MIssing,Test kit,Yes,8231.14,Direct Drop,"HIV 1/2, Stat-Pak HIV, Kit, 20 Tests",67.56,2120,65720.0,PMO - US,Chembio Diagnostics Sys. Inc.,"HIV 1/2, Stat-Pak HIV, Kit",31.0,07-09-14,SCMS-243790,FPQ-14253,5/14/14,HRDT,104-CI-T30,20-Feb-15,Air,HIV test,20,1.55,"CHEMBIO DIAGNOSTIC SYSTEMS, INC.",EXW,610
11897,DN-650,Determine,Namibia,17-Apr-08,17-Apr-08,MIssing,Test kit,Yes,1730.41,From RDC,"HIV 1/2, Determine HIV Kit, without Lancets, 100 Tests",10.37,90,6479.1,PMO - US,Inverness Japan,"HIV 1/2, Determine HIV Kit, without Lancets",71.99,N/A - From RDC,SO-1929,Pre-PQ Process,Pre-PQ Process,HRDT,119-NA-T01,17-Apr-08,Air,HIV test,100,0.72,SCMS from RDC,N/A - From RDC,21
22778,ASN-9175,Generic,South Africa,11-Jan-11,11-Jan-11,300mg,Tablet,Yes,4295.61,Direct Drop,"Zidovudine 300mg, tablets, 60 Tabs",16.32,1033,7571.89,PMO - US,"Aurobindo Unit III, India",Zidovudine,7.33,9/24/10,SCMS-83820,FPQ-6262,8/31/10,ARV,161-ZA-T30,11-Jan-11,Ocean,Adult,60,0.12,Aurobindo Pharma Limited,DDP,52
32540,ASN-10064,Determine,Guyana,12-Apr-11,12-Apr-11,MIssing,Test kit,Yes,6455.37,Direct Drop,"HIV 1/2, Determine Complete HIV Kit, 100 Tests",68.97,418,41800.0,PMO - US,Inverness Japan,"HIV 1/2, Determine Complete HIV Kit",100.0,02-02-11,SCMS-97160,FPQ-6983,01-05-11,HRDT,102-GY-T30,12-Apr-11,Air,HIV test,100,1.0,"Orgenics, Ltd",EXW,205
56637,ASN-19921,Stat-Pak,CÃte dIvoire,24-Jun-13,24-Jun-13,MIssing,Test kit,Yes,7168.62,Direct Drop,"HIV 1/2, Stat-Pak HIV, Kit, 20 Tests",71.75,2000,58000.0,PMO - US,Chembio Diagnostics Sys. Inc.,"HIV 1/2, Stat-Pak HIV, Kit",29.0,1/15/13,SCMS-173120,FPQ-11294,12/14/12,HRDT,104-CI-T30,24-Jun-13,Air,HIV test,20,1.45,"CHEMBIO DIAGNOSTIC SYSTEMS, INC.",EXW,576
82368,DN-2108,Generic,CÃte dIvoire,22-Feb-11,22-Feb-11,600/300mg,Tablet - FDC,Yes,8758.37,From RDC,"Abacavir/Lamivudine 600/300mg, scored tablets, 30 Tabs",126.61,2610,58725.0,PMO - US,Mylan (formerly Matrix) Nashik,Abacavir/Lamivudine,22.5,N/A - From RDC,SO-37290,FPQ-6144,08-03-10,ARV,104-CI-T30,31-Jan-11,Air,Adult,30,0.75,SCMS from RDC,N/A - From RDC,1195
33634,ASN-9196,Generic,South Africa,01-Feb-11,01-Feb-11,600mg,Tablet,Yes,30412.15,Direct Drop,"Efavirenz 600mg, tablets, 30 Tabs",945.06,96764,438340.92,PMO - US,"Aurobindo Unit III, India",Efavirenz,4.53,9/24/10,SCMS-83830,FPQ-6262,8/31/10,ARV,161-ZA-T30,01-Feb-11,Ocean,Adult,30,0.15,Aurobindo Pharma Limited,DDP,8468
58808,ASN-14546,Generic,Vietnam,14-May-12,14-May-12,50mg,Capsule,Yes,1003.65,Direct Drop,"Efavirenz 50mg, capsule, 30 Caps",1.37,435,974.4,PMO - US,"Aurobindo Unit III, India",Efavirenz,2.24,1/18/12,SCMS-131640,FPQ-9001,12/15/11,ARV,108-VN-T30,14-May-12,Air,Pediatric,30,0.07,Aurobindo Pharma Limited,EXW,25
57308,ASN-19166,Generic,South Africa,16-Apr-13,16-Apr-13,400mg,Delayed-release capsules,No,Freight Included in Commodity Cost,Direct Drop,"Didanosine 400mg, delayed-release capsules, 30 Caps",6.18,251,4996.06,South Africa Field Office,"Aurobindo Unit III, India",Didanosine,19.9,Date Not Captured,SCMS-183950,FPQ-11828,3/18/13,ARV,116-ZA-T30,16-Apr-13,Truck,Adult,30,0.66,S. BUYS WHOLESALER,DDP,Weight Captured Separately
85171,DN-2089,Generic,Guatemala,24-Jan-11,24-Jan-11,50mg,Capsule,No,See DN-2089 (ID#:83478),From RDC,"Efavirenz 50mg, capsule, 30 Caps",5.42,1467,3286.08,PMO - US,"Aurobindo Unit III, India",Efavirenz,2.24,N/A - From RDC,SO-38260,FPQ-6943,12/29/10,ARV,202-GT-T30,31-Jan-11,Air,Pediatric,30,0.07,SCMS from RDC,N/A - From RDC,See DN-2089 (ID#:83478)
34563,ASN-5592,Bioline,Tanzania,24-Dec-09,24-Dec-09,MIssing,Test kit,Yes,2277,Direct Drop,"HIV 1/2, Bioline 3.0 Kit, (no accessories), 30 Tests",231.11,4913,117912.0,PMO - US,"Standard Diagnostics, Korea","HIV 1/2, Bioline 3.0 Kit (no accessories)",24.0,09-11-09,SCMS-52776,FPQ-4157,8/27/09,HRDT,109-TZ-T30,24-Dec-09,Air,HIV test,30,0.8,"Standard Diagnostics, Inc.",EXW,1639
85810,DN-2459,Generic,CÃte dIvoire,06-Feb-12,06-Feb-12,50mg,Capsule,No,See DN-2459 (ID#:82424),From RDC,"Efavirenz 50mg, capsule, 30 Caps",10.25,2772,6209.28,PMO - US,"Aurobindo Unit III, India",Efavirenz,2.24,N/A - From RDC,SO-40791,FPQ-8295,8/25/11,ARV,104-CI-T30,06-Feb-12,Truck,Pediatric,30,0.07,SCMS from RDC,N/A - From RDC,See DN-2459 (ID#:82424)
84392,DN-3825,Generic,Zimbabwe,29-Jun-14,04-Aug-14,300/300mg,Tablet - FDC,No,See DN-3825 (ID#:82702),From RDC,"Lamivudine/Tenofovir Disoproxil Fumarate 300/300mg, tablets, 30 Tabs",666.35,140000,648200.0,PMO - US,Hetero Unit III Hyderabad IN,Lamivudine/Tenofovir Disoproxil Fumarate,4.63,N/A - From RDC,SO-47540,FPQ-13508,12/24/13,ARV,113-ZW-T30,30-Sep-14,Truck,Adult,30,0.15,SCMS from RDC,N/A - From RDC,See DN-3825 (ID#:82702)
43272,ASN-31854,Generic,South Africa,28-Apr-15,28-Apr-15,150mg,Tablet,No,Freight Included in Commodity Cost,Direct Drop,"Lamivudine 150mg, tablets, 60 Tabs",0.75,80,731.44,PMO - US,"Aurobindo Unit III, India",Lamivudine,9.14,4/28/15,SCMS-238556,FPQ-13973,4/30/14,ARV,116-ZA-T30,28-Apr-15,Truck,Adult,60,0.15,PHARMACY DIRECT,DDP,Weight Captured Separately
3097,ASN-1888,Generic,Vietnam,20-Jun-08,20-Jun-08,30mg,Capsule,Yes,2879.96,Direct Drop,"Stavudine 30mg, capsules, 60 Caps",5.95,2464,3720.64,PMO - US,"Strides, Bangalore, India.",Stavudine,1.51,3/31/08,SCMS-20450,Pre-PQ Process,Pre-PQ Process,ARV,108-VN-T01,20-Jun-08,Air,Adult,60,0.03,STRIDES ARCOLAB LIMITED,EXW,114
18093,ASN-28034,Generic,South Africa,29-Aug-14,29-Aug-14,10mg/ml,Oral solution,Yes,Freight Included in Commodity Cost,Direct Drop,"Lamivudine 10mg/ml, oral solution w/syringe, Bottle, 240 ml",0.28,29,228.8,PMO - US,"Aurobindo Unit III, India",Lamivudine,7.89,8/29/14,SCMS-199289,FPQ-12522,07-11-13,ARV,116-ZA-T30,29-Aug-14,Truck,Pediatric,240,0.03,S. BUYS WHOLESALER,DDP,Weight Captured Separately
10597,DN-354,Generic,Zimbabwe,18-Sep-07,18-Sep-07,150/30mg,Tablet - FDC,Yes,2099,From RDC,"Lamivudine/Stavudine 150/30mg, tablets, 30 Tabs",1.72,537,1074.0,PMO - US,"Cipla, Goa, India",Lamivudine/Stavudine,2.0,N/A - From RDC,SO-1074,Pre-PQ Process,Pre-PQ Process,ARV,100-ZW-T01,18-Sep-07,Truck,Adult,30,0.07,SCMS from RDC,N/A - From RDC,143
23076,ASN-20235,Uni-Gold,South Sudan,12-Sep-13,12-Sep-13,MIssing,Test kit,Yes,2329.14,Direct Drop,"HIV 1/2, Uni-Gold HIV Kit, 20 Tests",17.81,450,14400.0,PMO - US,"Trinity Biotech, Plc","HIV 1/2, Uni-Gold HIV Kit",32.0,04-01-13,SCMS-181381,FPQ-11754,2/22/13,HRDT,105-SS-T30,12-Sep-13,Air,HIV test,20,1.6,"Trinity Biotech, Plc",EXW,165
85719,DN-2041,Generic,Zimbabwe,25-Nov-10,25-Nov-10,150/30mg,Tablet - FDC,No,See DN-2041 (ID#:83461),From RDC,"Lamivudine/Stavudine 150/30mg, tablets, 60 Tabs",40.71,5900,18880.0,PMO - US,"Cipla, Goa, India",Lamivudine/Stavudine,3.2,N/A - From RDC,SO-35370,FPQ-4694,12-08-09,ARV,113-ZW-T30,30-Nov-10,Truck,Adult,60,0.05,SCMS from RDC,N/A - From RDC,See DN-2041 (ID#:83461)
37612,ASN-26975,Generic,Zimbabwe,10-Sep-14,30-Oct-14,100/25mg,Tablet,Yes,25189.51,Direct Drop,"Lopinavir/Ritonavir 100/25mg [Aluvia], tablets, 60 Tabs",255.49,41840,248529.6,PMO - US,ABBVIE Ludwigshafen Germany,Lopinavir/Ritonavir,5.94,5/15/14,SCMS-239170,FPQ-13969,04-08-14,ARV,103-ZW-T30,10-Sep-14,Ocean,Pediatric,60,0.1,ABBVIE LOGISTICS (FORMERLY ABBOTT LOGISTICS BV),EXW,4528
5037,ASN-3610,Generic,South Africa,02-Feb-09,02-Feb-09,600mg,Tablet,Yes,Freight Included in Commodity Cost,Direct Drop,"Efavirenz 600mg, tablets, 30 Tabs",97.63,3414,49810.26,PMO - US,"Cipla, Goa, India",Efavirenz,14.59,Date Not Captured,SCMS-40880,Pre-PQ Process,Pre-PQ Process,ARV,116-ZA-T01,07-Jul-09,Air,Adult,30,0.49,S. BUYS WHOLESALER,DDP,Weight Captured Separately
305,ASN-1269,Generic,Nigeria,05-Feb-08,05-Feb-08,MIssing,Test kit - Ancillary,Yes,Invoiced Separately,Direct Drop,"HIV, Lancet, Safety, for HIV Test kits, 100 Pcs",0.01,650,6.5,PMO - US,Inverness Japan,"HIV, Lancet, Safety, for HIV Test kits, 100 Pcs",0.01,Date Not Captured,SCMS-15550,Pre-PQ Process,Pre-PQ Process,HRDT,123-NG-T01,05-Feb-08,Air,HIV test - Ancillary,100,0.0,"Orgenics, Ltd",EXW,Weight Captured Separately
3771,ASN-4386,Retrovir,South Africa,21-Apr-09,21-Apr-09,100mg,Capsule,Yes,Freight Included in Commodity Cost,Direct Drop,"Zidovudine 100mg [Retrovir], capsules, 100 Caps",19.38,800,9888.0,PMO - US,GSK Crawley,Zidovudine,12.36,3/27/09,SCMS-41585,Pre-PQ Process,Pre-PQ Process,ARV,116-ZA-T01,25-Jun-09,Air,Pediatric,100,0.12,S. BUYS WHOLESALER,DDP,Weight Captured Separately
3039,ASN-1651,Generic,Mozambique,13-Jun-08,13-Jun-08,MIssing,Test kit - Ancillary,Yes,Invoiced Separately,Direct Drop,"HIV, Lancet, Safety, for HIV Test kits, 100 Pcs",0.07,4200,42.0,PMO - US,Inverness Japan,"HIV, Lancet, Safety, for HIV Test kits, 100 Pcs",0.01,2/25/08,SCMS-18060,Pre-PQ Process,Pre-PQ Process,HRDT,111-MZ-T01,13-Jun-08,Air,HIV test - Ancillary,100,0.0,"Orgenics, Ltd",EXW,Weight Captured Separately
86530,DN-2925,Generic,Uganda,28-Nov-12,28-Nov-12,200/50mg,Tablet,Yes,10977.65,From RDC,"Lopinavir/Ritonavir 200/50mg, tablets, 120 Tabs",275.29,8335,222544.5,PMO - US,"Aurobindo Unit III, India",Lopinavir/Ritonavir,26.7,N/A - From RDC,SO-43530,FPQ-10786,10-10-12,ARV,114-UG-T30,07-Dec-12,Air,Adult,120,0.22,SCMS from RDC,N/A - From RDC,2034
12480,DN-717,Generic,Nigeria,18-Apr-08,18-Apr-08,300mg,Tablet,No,See DN-717 (ID#:11858),From RDC,"Abacavir 300mg, tablets, 60 Tabs",0.66,15,412.95,PMO - US,Mylan (formerly Matrix) Nashik,Abacavir,27.53,N/A - From RDC,SO-2351,Pre-PQ Process,Pre-PQ Process,ARV,112-NG-T01,18-Apr-08,Air,Adult,60,0.46,SCMS from RDC,N/A - From RDC,See DN-717 (ID#:11858)
11321,DN-1235,Generic,Ghana,12-Aug-09,12-Aug-09,100mg,Chewable/dispersible tablet,No,See DN-1235 (ID#:10769),From RDC,"Didanosine 100mg, chewable/dispersible tablets, 60 Tabs",0.02,888,8.88,PMO - US,"Aurobindo Unit III, India",Didanosine,0.01,N/A - From RDC,SO-30700,Pre-PQ Process,Date Not Captured,ARV,100-GH-T01,12-Aug-09,Truck,Pediatric,60,0.0,SCMS from RDC,N/A - From RDC,See DN-1235 (ID#:10769)
82349,DN-2007,Generic,Ethiopia,13-Sep-10,13-Sep-10,150mg,Tablet,Yes,530.36,From RDC,"Lamivudine 150mg, tablets, 60 Tabs",10.05,2000,4660.0,PMO - US,"Aurobindo Unit III, India",Lamivudine,2.33,N/A - From RDC,SO-36812,FPQ-5668,05-07-10,ARV,117-ET-T30,30-Aug-10,Air,Adult,60,0.04,SCMS from RDC,N/A - From RDC,84
24246,ASN-15260,Kaletra,Ethiopia,27-Jun-12,27-Jun-12,80/20mg/ml,Oral solution,Yes,4672.77,Direct Drop,"Lopinavir/Ritonavir 80/20mg/ml [Kaletra], oral solution, cool, Bottle 5 x 60 ml",30.25,700,21574.0,PMO - US,ABBVIE (Abbott) Logis. UK,Lopinavir/Ritonavir,30.82,06-01-12,SCMS-148080,FPQ-9990,5/24/12,ARV,117-ET-T30,27-Jun-12,Air,Pediatric,300,0.1,ABBVIE LOGISTICS (FORMERLY ABBOTT LOGISTICS BV),FCA,1050
4611,ASN-2397,Uni-Gold,Botswana,18-Nov-08,18-Nov-08,MIssing,Test kit,Yes,1225.17,Direct Drop,"HIV 1/2, Uni-Gold HIV Kit, 20 Tests",0.26,5,160.0,PMO - US,"Trinity Biotech, Plc","HIV 1/2, Uni-Gold HIV Kit",32.0,7/28/08,SCMS-27750,Pre-PQ Process,Pre-PQ Process,HRDT,102-BW-T01,18-Nov-08,Air,HIV test,20,1.6,"Trinity Biotech, Plc",EXW,3
85882,DN-2770,Generic,Rwanda,16-Aug-12,16-Aug-12,300mg,Tablet,Yes,721.36,From RDC,"Zidovudine 300mg, tablets, 60 Tabs",0.85,90,608.4,PMO - US,Hetero Unit III Hyderabad IN,Zidovudine,6.76,N/A - From RDC,SO-42750,FPQ-10119,6/18/12,ARV,107-RW-T30,31-Aug-12,Air,Adult,60,0.11,SCMS from RDC,N/A - From RDC,5
27462,ASN-21852,Kaletra,Guyana,29-Oct-13,29-Oct-13,80/20mg/ml,Oral solution,Yes,749.36,Direct Drop,"Lopinavir/Ritonavir 80/20mg/ml [Kaletra], oral solution, cool, Bottle 5 x 60 ml",0.9,12,729.84,PMO - US,ABBVIE (Abbott) Logis. UK,Lopinavir/Ritonavir,60.82,5/23/13,SCMS-188860,FPQ-12057,4/15/13,ARV,105-GY-T30,29-Oct-13,Air,Pediatric,300,0.2,ABBVIE LOGISTICS (FORMERLY ABBOTT LOGISTICS BV),FCA,48
61720,ASN-24983,Determine,Tanzania,24-May-14,26-May-14,MIssing,Test kit,Yes,2508.46,Direct Drop,"HIV 1/2, Determine Complete HIV Kit, 100 Tests",28.78,350,28000.0,PMO - US,"Alere Medical Co., Ltd.","HIV 1/2, Determine Complete HIV Kit",80.0,03-05-14,SCMS-225860,FPQ-13675,02-03-14,HRDT,109-TZ-T30,24-May-14,Air,HIV test,100,0.8,"Orgenics, Ltd",EXW,143
67600,ASN-8037,Aluvia,Zambia,15-Sep-10,15-Sep-10,200/50mg,Tablet,Yes,2173.4,Direct Drop,"Lopinavir/Ritonavir 200/50mg [Aluvia], tablets, 120 Tabs",1759.73,22000,816200.0,PMO - US,ABBVIE Ludwigshafen Germany,Lopinavir/Ritonavir,37.1,11/17/09,SCMS-77910,FPQ-5987,6/29/10,ARV,110-ZM-T30,15-Sep-10,Air,Adult,120,0.31,ABBVIE LOGISTICS (FORMERLY ABBOTT LOGISTICS BV),CIP,4959
17870,ASN-5341,Generic,South Africa,07-Oct-09,07-Oct-09,1mg/ml,Oral solution,Yes,Freight Included in Commodity Cost,Direct Drop,"Stavudine 1mg/ml, powder for oral solution, 200 ml",2.55,500,1303.53,PMO - US,"Aurobindo Unit III, India",Stavudine,2.61,08-07-09,SCMS-51251,FPQ-4054,7/29/09,ARV,116-ZA-T30,07-Oct-09,Truck,Pediatric,200,0.01,S. BUYS WHOLESALER,DDP,Weight Captured Separately
83913,DN-4285,Generic,"Congo, DRC",30-Jul-15,30-Jul-15,600/300mg,Tablet - FDC,No,See DN-4285 (ID#:82806),From RDC,"Abacavir/Lamivudine 600/300mg, tablets, 30 Tabs",12.69,820,10783.0,PMO - US,Mylan (formerly Matrix) Nashik,Abacavir/Lamivudine,13.15,N/A - From RDC,SO-51270,FPQ-16158,3/31/15,ARV,101-CD-T30,08-Jul-15,Air,Adult,30,0.44,SCMS from RDC,N/A - From RDC,See DN-4285 (ID#:82806)
5428,ASN-794,Bioline,CÃte dIvoire,23-Oct-07,23-Oct-07,MIssing,Test kit,Yes,7961.7,Direct Drop,"HIV 1/2, Bioline 3.0 Kit, (no accessories), 30 Tests",75.2,2000,47000.0,PMO - US,"Standard Diagnostics, Korea","HIV 1/2, Bioline 3.0 Kit (no accessories)",23.5,9/18/07,SCMS-12400,Pre-PQ Process,Pre-PQ Process,HRDT,104-CI-T01,23-Oct-07,Air,HIV test,30,0.78,"Standard Diagnostics, Inc.",EXW,750
83019,DN-2590,Generic,Mozambique,24-May-12,24-May-12,150/300/200mg,Tablet - FDC,Yes,12405.54,From RDC,"Lamivudine/Nevirapine/Zidovudine 150/200/300mg, tablets, 60 Tabs",3441.1,185875,2085517.5,PMO - US,"Aurobindo Unit III, India",Lamivudine/Nevirapine/Zidovudine,11.22,N/A - From RDC,SO-40381,FPQ-8157,08-04-11,ARV,111-MZ-T30,07-May-12,Truck,Adult,60,0.19,SCMS from RDC,N/A - From RDC,26760
83110,DN-3020,Generic,CÃte dIvoire,28-Feb-13,28-Feb-13,200/300mg,Tablet - FDC,Yes,4880.14,From RDC,"Emtricitabine/Tenofovir Disoproxil Fumarate 200/300mg, tablets, 30 Tabs",62.32,8300,50381.0,PMO - US,"Aurobindo Unit III, India",Emtricitabine/Tenofovir Disoproxil Fumarate,6.07,N/A - From RDC,SO-44240,FPQ-11306,12/14/12,ARV,104-CI-T30,06-Mar-13,Air,Adult,30,0.2,SCMS from RDC,N/A - From RDC,760
82871,DN-1745,Generic,Nigeria,30-Mar-10,30-Mar-10,300mg,Tablet,Yes,Freight Included in Commodity Cost,From RDC,"Zidovudine 300mg, tablets, 60 Tabs",0.81,50,375.0,PMO - US,Mylan (formerly Matrix) Nashik,Zidovudine,7.5,N/A - From RDC,SO-35095,FPQ-4537,11-06-09,ARV,151-NG-T30,19-Apr-10,Air Charter,Adult,60,0.12,SCMS from RDC,N/A - From RDC,3
60391,ASN-9939,Generic,South Africa,26-Apr-11,26-Apr-11,600mg,Tablet,Yes,Freight Included in Commodity Cost,Direct Drop,"Efavirenz 600mg, tablets, 30 Tabs",250.93,25692,116384.76,PMO - US,"Aurobindo Unit III, India",Efavirenz,4.53,9/24/10,SCMS-83770,FPQ-6262,8/31/10,ARV,161-ZA-T30,26-Apr-11,Ocean,Adult,30,0.15,Aurobindo Pharma Limited,DDP,Weight Captured Separately
57754,ASN-26882,Generic,South Africa,25-Jun-14,25-Jun-14,300mg,Tablet,No,Freight Included in Commodity Cost,Direct Drop,"Abacavir 300mg, tablets, 60 Tabs",3.19,45,3104.58,PMO - US,"Aurobindo Unit III, India",Abacavir,68.99,6/25/14,SCMS-238551,FPQ-13973,4/30/14,ARV,116-ZA-T30,25-Jun-14,Truck,Adult,60,1.15,PHARMACY DIRECT,DDP,Weight Captured Separately
12869,DN-972,Generic,Zimbabwe,31-Oct-08,31-Oct-08,150/30mg,Tablet - FDC,Yes,2947.59,From RDC,"Lamivudine/Stavudine 150/30mg, tablets, 30 Tabs",31.36,8000,16000.0,PMO - US,"Cipla, Goa, India",Lamivudine/Stavudine,2.0,N/A - From RDC,SO-13980,Pre-PQ Process,Pre-PQ Process,ARV,113-ZW-T01,31-Oct-08,Truck,Adult,30,0.07,SCMS from RDC,N/A - From RDC,483
82544,DN-3021,Generic,CÃte dIvoire,28-Feb-13,28-Feb-13,300/300mg,Tablet - FDC,Yes,10680.14,From RDC,"Lamivudine/Tenofovir Disoproxil Fumarate 300/300mg, tablets, 30 Tabs",65.89,10000,47000.0,PMO - US,Hetero Unit III Hyderabad IN,Lamivudine/Tenofovir Disoproxil Fumarate,4.7,N/A - From RDC,SO-43300,FPQ-10626,09-06-12,ARV,104-CI-T30,28-Mar-13,Truck,Adult,30,0.16,SCMS from RDC,N/A - From RDC,1387
10708,DN-765,Generic,Tanzania,01-Jul-08,01-Jul-08,150mg,Tablet,Yes,6308.6,From RDC,"Lamivudine 150mg, tablets, 60 Tabs",108.16,23230,67599.3,PMO - US,"Aurobindo Unit III, India",Lamivudine,2.91,N/A - From RDC,SO-2720,Pre-PQ Process,Pre-PQ Process,ARV,109-TZ-T01,01-Jul-08,Air,Adult,60,0.05,SCMS from RDC,N/A - From RDC,1156
56332,ASN-25486,Generic,CÃte dIvoire,29-Apr-14,02-May-14,250mg,Delayed-release capsules,Yes,1510.05,Direct Drop,"Didanosine 250mg, delayed-release capsules, 30 Caps",9.35,1200,9096.0,PMO - US,"Aurobindo Unit III, India",Didanosine,7.58,03-03-14,SCMS-228860,FPQ-13622,1/23/14,ARV,104-CI-T30,29-Apr-14,Air,Adult,30,0.25,Aurobindo Pharma Limited,EXW,96
86048,DN-3551,Generic,Nigeria,10-Feb-14,19-Feb-14,150/300/200mg,Tablet - FDC,No,See DN-3551 (ID#:84895),From RDC,"Lamivudine/Nevirapine/Zidovudine 150/200/300mg, tablets, 60 Tabs",796.96,77999,644271.74,PMO - US,"Cipla, Goa, India",Lamivudine/Nevirapine/Zidovudine,8.26,N/A - From RDC,SO-45665,FPQ-12248,05-06-13,ARV,151-NG-T30,28-Feb-14,Air Charter,Adult,60,0.14,SCMS from RDC,N/A - From RDC,See DN-3551 (ID#:84895)
52617,ASN-13476,Generic,Rwanda,24-Jan-12,24-Jan-12,300/300mg,Tablet - FDC,Yes,2964.49,Direct Drop,"Lamivudine/Tenofovir Disoproxil Fumarate 300/300mg, tablets, 30 Tabs",21,2800,14980.0,PMO - US,"Aurobindo Unit VII, IN",Lamivudine/Tenofovir Disoproxil Fumarate,5.35,12/13/11,SCMS-129870,FPQ-8932,12-06-11,ARV,107-RW-T30,24-Jan-12,Air,Adult,30,0.18,Aurobindo Pharma Limited,EXW,273
85883,DN-2777,Generic,CÃte dIvoire,18-Aug-12,18-Aug-12,600/200/300mg,Tablet - FDC,Yes,4754.53,From RDC,"Efavirenz/Emtricitabine/Tenofovir Disoproxil Fumarate 600/200/300mg, tablets, 30 Tabs",182.18,8640,129945.6,PMO - US,Mylan (formerly Matrix) Nashik,Efavirenz/Emtricitabine/Tenofovir Disoproxil Fumarate,15.04,N/A - From RDC,SO-41480,FPQ-9261,1/30/12,ARV,104-CI-T30,20-Aug-12,Truck,Adult,30,0.5,SCMS from RDC,N/A - From RDC,972
55072,ASN-22348,Determine,Nigeria,07-Nov-13,17-Nov-13,MIssing,Test kit,Yes,20705.23,Direct Drop,"HIV 1/2, Determine Complete HIV Kit, 100 Tests",336.11,3053,271717.0,PMO - US,"Alere Medical Co., Ltd.","HIV 1/2, Determine Complete HIV Kit",89.0,07-10-13,SCMS-196561,FPQ-12456,06-10-13,HRDT,133-NG-T30,07-Nov-13,Air,HIV test,100,0.89,"Orgenics, Ltd",EXW,1240
23238,ASN-27545,Generic,Haiti,20-Oct-14,06-Nov-14,60/30mg,Tablet - FDC,No,See ASN-27545 (ID#:22160),Direct Drop,"Abacavir/Lamivudine 60/30mg, tablets, 60 Tabs",8.77,2160,8532.0,PMO - US,Mylan (formerly Matrix) Nashik,Abacavir/Lamivudine,3.95,06-02-14,SCMS-240201,FPQ-14083,05-11-14,ARV,106-HT-T30,20-Oct-14,Ocean,Pediatric,60,0.07,MYLAN LABORATORIES LTD (FORMERLY MATRIX LABORATORIES),EXW,See ASN-27545 (ID#:22160)
86580,DN-3211,Generic,Zambia,22-Oct-13,11-Nov-13,200mg,Tablet,Yes,4356.75,From RDC,"Nevirapine 200mg, tablets, 60 Tabs",119.58,42773,96666.98,PMO - US,Hetero Unit III Hyderabad IN,Nevirapine,2.26,N/A - From RDC,SO-44477,FPQ-11553,1/28/13,ARV,110-ZM-T30,22-Oct-13,Truck,Adult,60,0.04,SCMS from RDC,N/A - From RDC,2270
85201,DN-2361,Generic,Guyana,28-Sep-11,28-Sep-11,10mg/ml,Oral suspension,No,See DN-2361 (ID#:84673),From RDC,"Nevirapine 10mg/ml, oral suspension w/syringe, Bottle, 240 ml",2.12,659,1285.05,PMO - US,"Aurobindo Unit III, India",Nevirapine,1.95,N/A - From RDC,SO-40450,FPQ-8024,8/19/11,ARV,105-GY-T30,15-Dec-11,Air,Pediatric,240,0.01,SCMS from RDC,N/A - From RDC,See DN-2361 (ID#:84673)
38099,ASN-27525,Generic,Haiti,30-Oct-14,12-Nov-14,300/300mg,Tablet - FDC,Yes,22100.46,Direct Drop,"Lamivudine/Tenofovir Disoproxil Fumarate 300/300mg, tablets, 30 Tabs",161.17,33936,156784.32,PMO - US,Hetero Unit III Hyderabad IN,Lamivudine/Tenofovir Disoproxil Fumarate,4.62,06-02-14,SCMS-240160,FPQ-14083,05-11-14,ARV,106-HT-T30,30-Oct-14,Ocean,Adult,30,0.15,HETERO LABS LIMITED,EXW,14925
84022,DN-1947,Generic,Tanzania,21-Jul-10,21-Jul-10,200mg,Tablet,Yes,13457.25,From RDC,"Nevirapine 200mg, tablets, 60 Tabs",226.61,38500,105105.0,PMO - US,"Strides, Bangalore, India.",Nevirapine,2.73,N/A - From RDC,SO-36043,FPQ-5237,03-01-10,ARV,109-TZ-T30,21-Jul-10,Air,Adult,60,0.05,SCMS from RDC,N/A - From RDC,2695
82503,DN-2820,Generic,Tanzania,26-Oct-12,26-Oct-12,150/300mg,Tablet - FDC,Yes,82283.9,From RDC,"Lamivudine/Zidovudine 150/300mg, tablets, 60 Tabs",571.15,52770,407384.4,PMO - US,Mylan (formerly Matrix) Nashik,Lamivudine/Zidovudine,7.72,N/A - From RDC,SO-43010,FPQ-10391,7/26/12,ARV,900-TZ-T30,26-Oct-12,Air,Adult,60,0.13,SCMS from RDC,N/A - From RDC,16510
82461,DN-2584,Uni-Gold,Rwanda,05-Mar-12,05-Mar-12,MIssing,Test kit,Yes,3494.5,From RDC,"HIV 1/2, Uni-Gold HIV Kit, 20 Tests",44.86,1000,32000.0,PMO - US,"Trinity Biotech, Plc","HIV 1/2, Uni-Gold HIV Kit",32.0,N/A - From RDC,SO-41440,FPQ-9238,1/26/12,HRDT,107-RW-T30,12-Mar-12,Air,HIV test,20,1.6,SCMS from RDC,N/A - From RDC,334
22615,ASN-27483,Generic,"Congo, DRC",30-Sep-14,29-Oct-14,150/300/200mg,Tablet - FDC,Yes,2322.08,Direct Drop,"Lamivudine/Nevirapine/Zidovudine 150/200/300mg, tablets, 60 Tabs",8.17,980,7947.8,PMO - US,"Strides, Bangalore, India.",Lamivudine/Nevirapine/Zidovudine,8.11,05-05-14,SCMS-234320,FPQ-13555,3/19/14,ARV,101-CD-T30,30-Sep-14,Air,Adult,60,0.14,STRIDES ARCOLAB LIMITED,EXW,116
10746,DN-1066,Generic,Nigeria,09-Feb-09,09-Feb-09,150/200/30mg,Tablet - FDC,Yes,3852.55,From RDC,"Lamivudine/Nevirapine/Stavudine 150/200/30mg, tablets, 60 Tabs",75.67,5217,38605.8,PMO - US,"Cipla, Goa, India",Lamivudine/Nevirapine/Stavudine,7.4,N/A - From RDC,SO-22550,Pre-PQ Process,Pre-PQ Process,ARV,112-NG-T01,09-Feb-09,Air,Adult,60,0.12,SCMS from RDC,N/A - From RDC,563
28160,ASN-33330,Kaletra,South Africa,14-Jul-15,14-Jul-15,80/20mg/ml,Oral solution,Yes,Freight Included in Commodity Cost,Direct Drop,"Lopinavir/Ritonavir 80/20mg/ml [Kaletra], oral solution, cool, Bottle 5 x 60 ml",0.07,4,68.56,PMO - US,ABBVIE (Abbott) Logis. UK,Lopinavir/Ritonavir,17.14,7/14/15,SCMS-259083,FPQ-14942,09-11-14,ARV,116-ZA-T30,14-Jul-15,Truck,Pediatric,300,0.06,PHARMACY DIRECT,DDP,Weight Captured Separately
86514,DN-2858,Generic,South Sudan,23-Oct-12,23-Oct-12,200mg,Tablet,No,See DN-2858 (ID#:82511),From RDC,"Nevirapine 200mg, tablets, 60 Tabs",0.76,225,544.5,PMO - US,Mylan (formerly Matrix) Nashik,Nevirapine,2.42,N/A - From RDC,SO-43070,FPQ-10517,8/17/12,ARV,900-SS-T30,15-Nov-12,Air,Adult,60,0.04,SCMS from RDC,N/A - From RDC,See DN-2858 (ID#:82511)
11731,DN-199,Generic,CÃte dIvoire,05-Jul-07,05-Jul-07,600mg,Tablet,No,See DN-199 (ID#:11391),From RDC,"Efavirenz 600mg, tablets, 30 Tabs",1599.15,61468,999469.68,PMO - US,"Aurobindo Unit III, India",Efavirenz,16.26,N/A - From RDC,SO-519,Pre-PQ Process,Pre-PQ Process,ARV,104-CI-T01,05-Jul-07,MIssing,Adult,30,0.54,SCMS from RDC,N/A - From RDC,See DN-199 (ID#:11391)
11100,DN-122,Generic,Zambia,04-May-07,04-May-07,300mg,Tablet,Yes,18375.7,From RDC,"Abacavir 300mg, tablets, 60 Tabs",MIssing,1000,35800.0,PMO - US,"Aurobindo Unit III, India",Abacavir,35.8,N/A - From RDC,SO-310,Pre-PQ Process,Pre-PQ Process,ARV,110-ZM-T01,04-May-07,MIssing,Adult,60,0.6,SCMS from RDC,N/A - From RDC,4436
85088,DN-1647,Generic,CÃte dIvoire,19-Feb-10,19-Feb-10,200mg,Tablet,Yes,7779.96,From RDC,"Nevirapine 200mg, tablets, 60 Tabs",58.13,9876,26961.48,PMO - US,"Aurobindo Unit III, India",Nevirapine,2.73,N/A - From RDC,SO-35820,FPQ-4659,12-08-09,ARV,104-CI-T30,10-May-10,Air,Adult,60,0.05,SCMS from RDC,N/A - From RDC,941
11640,DN-1235,Generic,Ghana,12-Aug-09,12-Aug-09,20mg,Capsule,No,See DN-1235 (ID#:10769),From RDC,"Stavudine 20mg, capsules, 60 Caps",0.01,477,4.77,PMO - US,"Aurobindo Unit III, India",Stavudine,0.01,N/A - From RDC,SO-30700,Pre-PQ Process,Date Not Captured,ARV,100-GH-T01,12-Aug-09,Truck,Adult,60,0.0,SCMS from RDC,N/A - From RDC,See DN-1235 (ID#:10769)
85127,DN-1926,Generic,Nigeria,28-Jun-10,28-Jun-10,150/300/200mg,Tablet - FDC,Yes,Freight Included in Commodity Cost,From RDC,"Lamivudine/Nevirapine/Zidovudine 150/200/300mg, tablets, 60 Tabs",831.64,34379,385732.38,PMO - US,"Aurobindo Unit III, India",Lamivudine/Nevirapine/Zidovudine,11.22,N/A - From RDC,SO-37030,FPQ-5689,5/27/10,ARV,151-NG-T30,15-Jul-10,Air,Adult,60,0.19,SCMS from RDC,N/A - From RDC,4013
12683,DN-290,Aluvia,Tanzania,10-Sep-07,10-Sep-07,200/50mg,Tablet,No,See DN-290 (ID#:10859),From RDC,"Lopinavir/Ritonavir 200/50mg [Aluvia], tablets, 120 Tabs",273.23,4155,170770.5,PMO - US,ABBVIE Ludwigshafen Germany,Lopinavir/Ritonavir,41.1,N/A - From RDC,SO-455,Pre-PQ Process,Pre-PQ Process,ARV,109-TZ-T01,10-Sep-07,MIssing,Adult,120,0.34,SCMS from RDC,N/A - From RDC,See DN-290 (ID#:10859)
10705,DN-691,Generic,Haiti,02-Apr-08,02-Apr-08,150mg,Tablet,Yes,5974.7,From RDC,"Lamivudine 150mg, tablets, 60 Tabs",47.88,10283,29923.53,PMO - US,"Aurobindo Unit III, India",Lamivudine,2.91,N/A - From RDC,SO-2057,Pre-PQ Process,Pre-PQ Process,ARV,106-HT-T01,02-Apr-08,Air,Adult,60,0.05,SCMS from RDC,N/A - From RDC,519
85237,DN-2552,Generic,CÃte dIvoire,24-Feb-12,24-Feb-12,600mg,Tablet,Yes,9657.88,From RDC,"Efavirenz 600mg, tablets, 30 Tabs",275.03,47614,196169.68,PMO - US,"Strides, Bangalore, India.",Efavirenz,4.12,N/A - From RDC,SO-41160,FPQ-8787,11-11-11,ARV,104-CI-T30,19-Mar-12,Air,Adult,30,0.14,SCMS from RDC,N/A - From RDC,3453
6846,ASN-1251,Viramune,South Africa,29-Jan-08,29-Jan-08,200mg,Tablet,No,Freight Included in Commodity Cost,Direct Drop,"Nevirapine 200mg [Viramune], tablets, 60 Tabs",11.64,300,7272.0,PMO - US,"BI, Ingelheim, Germany",Nevirapine,24.24,11-12-07,SCMS-14050,Pre-PQ Process,Pre-PQ Process,ARV,116-ZA-T01,29-Jan-08,MIssing,Adult,60,0.4,"JSI R&T INSTITUTE, INC.",DDP,Weight Captured Separately
4311,ASN-2449,Determine,CÃte dIvoire,26-Sep-08,26-Sep-08,MIssing,Test kit,Yes,4014.57,Direct Drop,"HIV 1/2, Determine HIV Kit, without Lancets, 100 Tests",124.99,1116,78120.0,PMO - US,Inverness Japan,"HIV 1/2, Determine HIV Kit, without Lancets",70.0,2/29/08,SCMS-18460,Pre-PQ Process,Pre-PQ Process,HRDT,104-CI-T01,26-Sep-08,Air,HIV test,100,0.7,"Orgenics, Ltd",EXW,256
12251,DN-1156,Generic,Nigeria,08-May-09,08-May-09,150/300/200mg,Tablet - FDC,Yes,15128.37,From RDC,"Lamivudine/Nevirapine/Zidovudine 150/200/300mg, tablets, 60 Tabs",594.71,26616,303422.4,PMO - US,"Aurobindo Unit III, India",Lamivudine/Nevirapine/Zidovudine,11.4,N/A - From RDC,SO-21809,Pre-PQ Process,Pre-PQ Process,ARV,151-NG-T01,08-May-09,Air Charter,Adult,60,0.19,SCMS from RDC,N/A - From RDC,2993
53650,ASN-7116,Ziagen,South Africa,14-May-10,14-May-10,20mg/ml,Oral solution,Yes,Freight Included in Commodity Cost,Direct Drop,"Abacavir 20mg/ml [Ziagen], oral solution, Bottle, 240 ml",1.42,40,656.64,PMO - US,GSK Mississauga (Canada),Abacavir,16.42,05-05-10,SCMS-72760,FPQ-5630,4/30/10,ARV,116-ZA-T30,14-May-10,Truck,Pediatric,240,0.07,S. BUYS WHOLESALER,DDP,Weight Captured Separately
84474,DN-4280,Generic,Nigeria,15-May-15,22-May-15,150/300/200mg,Tablet - FDC,Yes,4065,From RDC,"Lamivudine/Nevirapine/Zidovudine 150/200/300mg, tablets, 60 Tabs",111.11,14000,108080.0,PMO - US,"Cipla, Goa, India",Lamivudine/Nevirapine/Zidovudine,7.72,N/A - From RDC,SO-51426,FPQ-14989,9/19/14,ARV,151-NG-T30,30-Jun-15,Air Charter,Adult,60,0.13,SCMS from RDC,N/A - From RDC,1983
21380,ASN-9000,Determine,Zambia,21-Dec-10,21-Dec-10,MIssing,Test kit,Yes,19610.11,Direct Drop,"HIV 1/2, Determine Complete HIV Kit, 100 Tests",416.54,2415,193200.0,PMO - US,Inverness Japan,"HIV 1/2, Determine Complete HIV Kit",80.0,10-07-10,SCMS-87290,FPQ-6263,09-08-10,HRDT,110-ZM-T30,17-Dec-10,Air,HIV test,100,0.8,"Orgenics, Ltd",EXW,1167
11394,DN-186,Stocrin/Sustiva,Zambia,12-Jun-07,12-Jun-07,50mg,Capsule,Yes,505.17,From RDC,"Efavirenz 50mg [Stocrin/Sustiva], capsule, 30 Caps",MIssing,570,1977.9,PMO - US,"MSD Manati, Puerto Rico, (USA)",Efavirenz,3.47,N/A - From RDC,SO-479,Pre-PQ Process,Pre-PQ Process,ARV,110-ZM-T01,12-Jun-07,MIssing,Pediatric,30,0.12,SCMS from RDC,N/A - From RDC,26
48216,ASN-14309,Uni-Gold,Tanzania,25-May-12,25-May-12,MIssing,Test kit,Yes,13215.15,Direct Drop,"HIV 1/2, Uni-Gold HIV Kit, 20 Tests",190.67,4250,136000.0,PMO - US,"Trinity Biotech, Plc","HIV 1/2, Uni-Gold HIV Kit",32.0,02-03-12,SCMS-136810,FPQ-9259,1/27/12,HRDT,109-TZ-T30,25-May-12,Air,HIV test,20,1.6,"Trinity Biotech, Plc",EXW,1386
76263,ASN-28034,Generic,South Africa,29-Aug-14,29-Aug-14,100/25mg,Tablet,No,Freight Included in Commodity Cost,Direct Drop,"Lopinavir/Ritonavir 100/25mg [Aluvia], tablets, 60 Tabs",0.02,3,19.32,PMO - US,ABBVIE Ludwigshafen Germany,Lopinavir/Ritonavir,6.44,8/29/14,SCMS-199289,FPQ-12522,07-11-13,ARV,116-ZA-T30,29-Aug-14,Truck,Pediatric,60,0.11,S. BUYS WHOLESALER,DDP,Weight Captured Separately
45287,ASN-11431,Generic,South Africa,14-Sep-11,14-Sep-11,200mg,Capsule,Yes,5192.74,Direct Drop,"Efavirenz 200mg, capsule, 90 Caps",337.01,25000,204250.0,PMO - US,"Aurobindo Unit III, India",Efavirenz,8.17,3/24/11,SCMS-103340,FPQ-7175,03-10-11,ARV,161-ZA-T30,14-Sep-11,Ocean,Pediatric,90,0.09,Aurobindo Pharma Limited,DDP,3313
15795,ASN-29597,Generic,South Africa,28-Nov-14,28-Nov-14,300mg,Tablet,No,Freight Included in Commodity Cost,Direct Drop,"Zidovudine 300mg, tablets, 60 Tabs",0.22,12,216.37,PMO - US,"Aurobindo Unit III, India",Zidovudine,18.03,11/28/14,SCMS-259071,FPQ-14942,09-11-14,ARV,116-ZA-T30,28-Nov-14,Truck,Adult,60,0.3,PHARMACY DIRECT,DDP,Weight Captured Separately
10766,DN-1232,Generic,Uganda,01-Jun-09,01-Jun-09,150/300mg,Tablet - FDC,Yes,1375.36,From RDC,"Lamivudine/Zidovudine 150/300mg, tablets, 60 Tabs",61.36,3574,31308.24,PMO - US,Mylan (formerly Matrix) Nashik,Lamivudine/Zidovudine,8.76,N/A - From RDC,SO-30100,Pre-PQ Process,Pre-PQ Process,ARV,114-UG-T01,01-Jun-09,Air,Adult,60,0.15,SCMS from RDC,N/A - From RDC,14
86198,DN-4253,Generic,CÃte dIvoire,08-Jun-15,19-Jun-15,150/300mg,Tablet - FDC,No,See DN-4253 (ID#:83334),From RDC,"Lamivudine/Zidovudine 150/300mg, tablets, 60 Tabs",251.37,37503,244519.56,PMO - US,"Aurobindo Unit III, India",Lamivudine/Zidovudine,6.52,N/A - From RDC,SO-49040,FPQ-14370,5/23/14,ARV,104-CI-T30,08-Jun-15,Truck,Adult,60,0.11,SCMS from RDC,N/A - From RDC,See DN-4253 (ID#:83334)
11527,DN-604,Generic,Zimbabwe,05-Mar-08,05-Mar-08,150/200/30mg,Tablet - FDC,Yes,12894.85,From RDC,"Lamivudine/Nevirapine/Stavudine 150/200/30mg, tablets, 60 Tabs",29.69,2508,18559.2,PMO - US,"Cipla, Goa, India",Lamivudine/Nevirapine/Stavudine,7.4,N/A - From RDC,SO-711,Pre-PQ Process,Pre-PQ Process,ARV,100-ZW-T01,05-Mar-08,Air,Adult,60,0.12,SCMS from RDC,N/A - From RDC,4303
6272,ASN-3415,Determine,Tanzania,31-Mar-09,31-Mar-09,MIssing,Test kit,Yes,4323.93,Direct Drop,"HIV 1/2, Determine Complete HIV Kit, 100 Tests",159.75,1132,81504.0,PMO - US,Inverness Japan,"HIV 1/2, Determine Complete HIV Kit",72.0,1/27/09,SCMS-37790,Pre-PQ Process,Pre-PQ Process,HRDT,109-TZ-T01,31-Mar-09,Air,HIV test,100,0.72,"Orgenics, Ltd",EXW,337
82649,DN-3526,Generic,Mozambique,20-Feb-14,19-Mar-14,600/300/300mg,Tablet - FDC,Yes,7928.11,From RDC,"Efavirenz/Lamivudine/Tenofovir Disoproxil Fumarate 600/300/300mg, tablets, 30 Tabs",900.17,66946,727703.02,PMO - US,Hetero Unit III Hyderabad IN,Efavirenz/Lamivudine/Tenofovir Disoproxil Fumarate,10.87,N/A - From RDC,SO-45901,FPQ-12421,6/28/13,ARV,111-MZ-T30,10-Mar-14,Truck,Adult,30,0.36,SCMS from RDC,N/A - From RDC,36903
82922,DN-2033,Generic,CÃte dIvoire,23-Nov-10,23-Nov-10,200/300mg,Tablet - FDC,Yes,7816.45,From RDC,"Emtricitabine/Tenofovir Disoproxil Fumarate 200/300mg, tablets, 30 Tabs",211.24,8640,97977.6,PMO - US,Mylan (formerly Matrix) Nashik,Emtricitabine/Tenofovir Disoproxil Fumarate,11.34,N/A - From RDC,SO-37120,FPQ-5925,6/23/10,ARV,104-CI-T30,28-Oct-10,Truck,Adult,30,0.38,SCMS from RDC,N/A - From RDC,11468
11153,DN-291,Generic,Tanzania,29-Aug-07,29-Aug-07,600mg,Tablet,Yes,5834,From RDC,"Efavirenz 600mg, tablets, 30 Tabs",619.55,23814,387215.64,PMO - US,"Aurobindo Unit III, India",Efavirenz,16.26,N/A - From RDC,SO-456,Pre-PQ Process,Pre-PQ Process,ARV,109-TZ-T01,29-Aug-07,Air,Adult,30,0.54,SCMS from RDC,N/A - From RDC,2102
82857,DN-1629,Generic,CÃte dIvoire,02-Feb-10,02-Feb-10,200mg,Chewable/dispersible tablet,Yes,1945.66,From RDC,"Didanosine 200mg, chewable/dispersible tablets, 60 Tabs",0.7,23,356.5,PMO - US,"Aurobindo Unit III, India",Didanosine,15.5,N/A - From RDC,SO-33171,FPQ-3964,7/24/09,ARV,104-CI-T30,11-Feb-10,Air,Pediatric,60,0.26,SCMS from RDC,N/A - From RDC,379
39208,ASN-6888,Generic,Rwanda,29-May-10,29-May-10,600mg,Tablet,Yes,889.55,Direct Drop,"Efavirenz 600mg, tablets, 30 Tabs",0.36,31,185.69,PMO - US,"Emcure Plot No.P-2, I.T-B.T. Park, Phase II, MIDC, Hinjwadi, Pune, India",Efavirenz,5.99,7/15/09,SCMS-49100,FPQ-3859,6/30/09,ARV,107-RW-T30,29-May-10,Air,Adult,30,0.2,EMCURE PHARMACEUTICALS LTD,CIP,4
65363,ASN-9567,Generic,Ethiopia,14-Feb-11,14-Feb-11,400mg,Delayed-release capsules,No,See ASN-9567 (ID#:15946),Direct Drop,"Didanosine 400mg, delayed-release capsules, 30 Caps",32.34,750,15000.0,PMO - US,"Aurobindo Unit III, India",Didanosine,20.0,4/29/10,SCMS-72390,FPQ-5582,4/28/10,ARV,117-ET-T30,14-Feb-11,Air,Adult,30,0.67,Aurobindo Pharma Limited,EXW,See ASN-9567 (ID#:15946)
44922,ASN-15679,Determine,Haiti,05-Jul-12,05-Jul-12,MIssing,Test kit,Yes,Freight Included in Commodity Cost,Direct Drop,"HIV 1/2, Determine Complete HIV Kit, 100 Tests",225.63,1250,160937.5,PMO - US,"Alere Medical Co., Ltd.","HIV 1/2, Determine Complete HIV Kit",128.75,06-05-12,SCMS-147600,FPQ-9894,5/22/12,HRDT,106-HT-T30,28-Jun-12,Truck,HIV test,100,1.29,REINBOLD EXPORT IMPORT,DDP,Weight Captured Separately
71840,ASN-29971,Stat-Pak,CÃte dIvoire,23-Jan-15,23-Jan-15,MIssing,Test kit,Yes,8291.96,Direct Drop,"HIV 1/2, Stat-Pak HIV, Kit, 20 Tests",67.56,2120,65720.0,PMO - US,Chembio Diagnostics Sys. Inc.,"HIV 1/2, Stat-Pak HIV, Kit",31.0,2/27/14,SCMS-228090,FPQ-13603,1/23/14,HRDT,104-CI-T30,23-Jan-15,Air,HIV test,20,1.55,"CHEMBIO DIAGNOSTIC SYSTEMS, INC.",EXW,610
7127,ASN-2293,Generic,South Africa,08-May-08,08-May-08,600mg,Tablet,No,Freight Included in Commodity Cost,Direct Drop,"Efavirenz 600mg, tablets, 30 Tabs",38.06,1500,23790.0,PMO - US,"Cipla, Goa, India",Efavirenz,15.86,Date Not Captured,SCMS-23500,Pre-PQ Process,Pre-PQ Process,ARV,116-ZA-T01,20-Aug-08,Truck,Adult,30,0.53,S. BUYS WHOLESALER,DDP,Weight Captured Separately
14811,ASN-25543,Colloidal Gold,Rwanda,28-Apr-14,28-Apr-14,MIssing,Test kit,Yes,37680.04,Direct Drop,"HIV 1/2, SKB Colloidal Gold, Diagnostic Kit, Antibody, 50 Tests",102.46,4068,99666.0,PMO - US,"KHB Test Kit Facility, Shanghai China","HIV 1/2, Colloidal Gold, Diagnostic Kit, Antibody",24.5,04-03-14,SCMS-232310,FPQ-13874,03-12-14,HRDT,107-RW-T30,28-Apr-14,Air,HIV test,1,24.5,"SHANGHAI KEHUA BIOENGINEERING CO.,LTD.  (KHB)",EXW,2712
11240,DN-800,Generic,Nigeria,19-Jun-08,19-Jun-08,300mg,Tablet,No,See DN-800 (ID#:10953),From RDC,"Abacavir 300mg, tablets, 60 Tabs",0.17,4,105.2,PMO - US,Mylan (formerly Matrix) Nashik,Abacavir,26.3,N/A - From RDC,SO-2726,Pre-PQ Process,Pre-PQ Process,ARV,112-NG-T01,19-Jun-08,Air,Adult,60,0.44,SCMS from RDC,N/A - From RDC,See DN-800 (ID#:10953)
84251,DN-3129,Generic,Burundi,09-May-13,09-May-13,200/300mg,Tablet - FDC,No,See DN-3129 (ID#:83135),From RDC,"Emtricitabine/Tenofovir Disoproxil Fumarate 200/300mg, tablets, 30 Tabs",8.11,1080,6555.6,PMO - US,Mylan (formerly Matrix) Nashik,Emtricitabine/Tenofovir Disoproxil Fumarate,6.07,N/A - From RDC,SO-44660,FPQ-11661,2/20/13,ARV,102-BI-T30,30-Jun-13,Air,Adult,30,0.2,SCMS from RDC,N/A - From RDC,See DN-3129 (ID#:83135)
12648,DN-77,Generic,CÃte dIvoire,30-Apr-07,30-Apr-07,600mg,Tablet,Yes,2660,From RDC,"Efavirenz 600mg, tablets, 30 Tabs",MIssing,8148,132405.0,PMO - US,"Aurobindo Unit III, India",Efavirenz,16.25,N/A - From RDC,SO-433,Pre-PQ Process,Pre-PQ Process,ARV,100-CI-T01,30-Apr-07,MIssing,Adult,30,0.54,SCMS from RDC,N/A - From RDC,743
70041,ASN-32156,Generic,Rwanda,27-May-15,28-May-15,300/100mg,Tablet,Yes,6949.93,Direct Drop,"Atazanavir/Ritonavir 300/100mg, tablets, 30 Tabs",148.03,8000,144000.0,PMO - US,"Emcure Plot No.P-2, I.T-B.T. Park, Phase II, MIDC, Hinjwadi, Pune, India",Atazanavir/Ritonavir,18.0,12/15/14,SCMS-261780,FPQ-14813,10-09-14,ARV,107-RW-T30,27-May-15,Air,Adult,30,0.6,EMCURE PHARMACEUTICALS LTD,EXW,1045
82311,DN-1752,Generic,Uganda,25-Mar-10,25-Mar-10,150/300mg,Tablet - FDC,Yes,4097,From RDC,"Lamivudine/Zidovudine 150/300mg, tablets, 60 Tabs",307.27,17896,156768.96,PMO - US,Hetero Unit III Hyderabad IN,Lamivudine/Zidovudine,8.76,N/A - From RDC,SO-35660,FPQ-4325,9/23/09,ARV,114-UG-T30,01-Apr-10,Truck,Adult,60,0.15,SCMS from RDC,N/A - From RDC,1188
4824,ASN-3853,Atripla,Tanzania,15-Jun-09,15-Jun-09,600/200/300mg,Tablet - FDC,Yes,3451.41,Direct Drop,"Efavirenz/Emtricitabine/Tenofovir Disoproxil Fumarate 600/200/300mg [Atripla], tablets, 30 Tabs",2465.94,24963,1258135.2,PMO - US,"MSD, Haarlem, NL",Efavirenz/Emtricitabine/Tenofovir Disoproxil Fumarate,50.4,12/30/08,SCMS-34690,Pre-PQ Process,Pre-PQ Process,ARV,109-TZ-T01,15-Jun-09,Air,Adult,30,1.68,MERCK SHARP & DOHME IDEA GMBH (FORMALLY MERCK SHARP & DOHME B.V.),CIP,2462
22280,ASN-27979,Generic,South Africa,27-Aug-14,27-Aug-14,150mg,Tablet,No,Freight Included in Commodity Cost,Direct Drop,"Lamivudine 150mg, tablets, 60 Tabs",2.23,183,1802.16,PMO - US,Hetero Unit III Hyderabad IN,Lamivudine,9.85,8/27/14,SCMS-199283,FPQ-12522,07-11-13,ARV,116-ZA-T30,27-Aug-14,Truck,Adult,60,0.16,S. BUYS WHOLESALER,DDP,Weight Captured Separately
85139,DN-1986,Generic,Uganda,27-Aug-10,27-Aug-10,200/300mg,Tablet - FDC,Yes,6068.75,From RDC,"Emtricitabine/Tenofovir Disoproxil Fumarate 200/300mg, tablets, 30 Tabs",101.33,4000,47000.0,PMO - US,Mylan (formerly Matrix) Nashik,Emtricitabine/Tenofovir Disoproxil Fumarate,11.75,N/A - From RDC,SO-36071,FPQ-5238,03-02-10,ARV,114-UG-T30,29-Aug-10,Air,Adult,30,0.39,SCMS from RDC,N/A - From RDC,365
77068,ASN-31854,Generic,South Africa,28-Apr-15,28-Apr-15,150/300mg,Tablet - FDC,No,Freight Included in Commodity Cost,Direct Drop,"Lamivudine/Zidovudine 150/300mg, tablets, 60 Tabs",0.22,7,218.34,PMO - US,"Aurobindo Unit III, India",Lamivudine/Zidovudine,31.19,4/28/15,SCMS-238556,FPQ-13973,4/30/14,ARV,116-ZA-T30,28-Apr-15,Truck,Adult,60,0.52,PHARMACY DIRECT,DDP,Weight Captured Separately
37664,ASN-17529,Determine,Nigeria,10-Jan-13,10-Jan-13,MIssing,Test kit,Yes,24927.19,Direct Drop,"HIV 1/2, Determine Complete HIV Kit, 100 Tests",342.39,2744,244216.0,PMO - US,"Alere Medical Co., Ltd.","HIV 1/2, Determine Complete HIV Kit",89.0,10/16/12,SCMS-162440,FPQ-10765,10-05-12,HRDT,133-NG-T30,09-Jan-13,Air,HIV test,100,0.89,"Orgenics, Ltd",EXW,1186
85043,DN-4309,Generic,Uganda,23-Jul-15,23-Jul-15,30/60mg,Chewable/dispersible tablet - FDC,No,See DN-4309 (ID#:82809),From RDC,"Lamivudine/Zidovudine 30/60mg, dispersible tablets, 60 Tabs",11.58,5126,9841.92,PMO - US,"Cipla, Goa, India",Lamivudine/Zidovudine,1.92,N/A - From RDC,SO-50052,FPQ-15294,11-03-14,ARV,114-UG-T30,31-Jul-15,Truck,Pediatric,60,0.03,SCMS from RDC,N/A - From RDC,See DN-4309 (ID#:82809)
5522,ASN-1340,Aluvia,Vietnam,06-Mar-08,06-Mar-08,200/50mg,Tablet,Yes,3120.92,Direct Drop,"Lopinavir/Ritonavir 200/50mg [Aluvia], tablets, 120 Tabs",131.52,1000,82200.0,PMO - US,ABBVIE Ludwigshafen Germany,Lopinavir/Ritonavir,82.2,11/22/07,SCMS-14210,Pre-PQ Process,Pre-PQ Process,ARV,108-VN-T01,06-Mar-08,Air,Adult,120,0.68,ABBVIE LOGISTICS (FORMERLY ABBOTT LOGISTICS BV),FCA,249
84125,DN-2446,Generic,Tanzania,22-Dec-11,22-Dec-11,600/300/300mg,Tablet - FDC,Yes,Freight Included in Commodity Cost,From RDC,"Efavirenz/Lamivudine/Tenofovir Disoproxil Fumarate 600/300/300mg, tablets, 30 Tabs",563.64,20000,341600.0,PMO - US,Mylan (formerly Matrix) Nashik,Efavirenz/Lamivudine/Tenofovir Disoproxil Fumarate,17.08,N/A - From RDC,SO-40550,FPQ-8301,09-02-11,ARV,109-TZ-T30,10-Jan-12,Truck,Adult,30,0.57,SCMS from RDC,N/A - From RDC,2302
71956,ASN-30463,Generic,Haiti,09-Apr-15,13-Apr-15,150/300/200mg,Tablet - FDC,No,See ASN-30463 (ID#:15460),Direct Drop,"Lamivudine/Nevirapine/Zidovudine 150/200/300mg, tablets, 60 Tabs",306.8,36000,298440.0,PMO - US,Hetero Unit III Hyderabad IN,Lamivudine/Nevirapine/Zidovudine,8.29,01-07-15,SCMS-262980,FPQ-15038,10/22/14,ARV,106-HT-T30,09-Apr-15,Ocean,Adult,60,0.14,HETERO LABS LIMITED,EXW,See ASN-30463 (ID#:15460)
35300,ASN-10792,Generic,Vietnam,06-Jun-11,06-Jun-11,30mg,Capsule,Yes,11915.51,Direct Drop,"Stavudine 30mg, capsules, 60 Caps",50.24,21000,30450.0,PMO - US,Hetero Unit III Hyderabad IN,Stavudine,1.45,02-09-11,SCMS-97840,FPQ-6818,1/17/11,ARV,108-VN-T30,06-Jun-11,Air,Adult,60,0.02,HETERO LABS LIMITED,EXW,1516
82395,DN-2304,Generic,CÃte dIvoire,12-Sep-11,12-Sep-11,150/300/200mg,Tablet - FDC,Yes,60432.88,From RDC,"Lamivudine/Nevirapine/Zidovudine 150/200/300mg, tablets, 60 Tabs",2963.15,160058,1795850.76,PMO - US,Mylan (formerly Matrix) Nashik,Lamivudine/Nevirapine/Zidovudine,11.22,N/A - From RDC,SO-40121,FPQ-7659,05-03-11,ARV,104-CI-T30,27-Sep-11,Air,Adult,60,0.19,SCMS from RDC,N/A - From RDC,26409
12788,DN-744,Generic,Haiti,02-Jun-08,02-Jun-08,20mg/ml,Oral solution,No,See DN-744 (ID#:10684),From RDC,"Abacavir 20mg/ml, oral solution, Bottle, 240 ml",5.91,224,3696.0,PMO - US,"Aurobindo Unit III, India",Abacavir,16.5,N/A - From RDC,SO-2053,Pre-PQ Process,Pre-PQ Process,ARV,106-HT-T01,02-Jun-08,Air,Pediatric,240,0.07,SCMS from RDC,N/A - From RDC,See DN-744 (ID#:10684)
24300,ASN-27976,Generic,South Africa,27-Aug-14,27-Aug-14,10mg/ml,Oral solution,No,Freight Included in Commodity Cost,Direct Drop,"Lamivudine 10mg/ml, oral solution w/syringe, Bottle, 240 ml",0.13,13,103.95,PMO - US,"Aurobindo Unit III, India",Lamivudine,8.0,8/27/14,SCMS-199283,FPQ-12522,07-11-13,ARV,116-ZA-T30,27-Aug-14,Truck,Pediatric,240,0.03,S. BUYS WHOLESALER,DDP,Weight Captured Separately
27842,ASN-25464,Uni-Gold,Uganda,13-May-14,13-May-14,MIssing,Test kit,Yes,5024.15,Direct Drop,"HIV 1/2, Uni-Gold HIV Kit, 20 Tests",81.61,2481,79392.0,PMO - US,"Trinity Biotech, Plc","HIV 1/2, Uni-Gold HIV Kit",32.0,3/20/14,SCMS-231310,FPQ-13816,2/27/14,HRDT,114-UG-T30,13-May-14,Air,HIV test,20,1.6,"Trinity Biotech, Plc",EXW,780
82431,DN-2487,Generic,Zambia,20-Jan-12,20-Jan-12,200mg,Tablet,Yes,6476.7,From RDC,"Nevirapine 200mg, tablets, 60 Tabs",57.3,13836,34728.36,PMO - US,"Aurobindo Unit VII, IN",Nevirapine,2.51,N/A - From RDC,SO-38740,FPQ-7085,02-03-11,ARV,110-ZM-T30,30-Jan-12,Truck,Adult,60,0.04,SCMS from RDC,N/A - From RDC,1332
10386,ASN-3896,Uni-Gold,Guyana,18-May-09,18-May-09,MIssing,Test kit,Yes,8727.54,Direct Drop,"HIV 1/2, Uni-Gold HIV Kit, 20 Tests",127.07,2026,64832.0,PMO - US,"Trinity Biotech, Plc","HIV 1/2, Uni-Gold HIV Kit",32.0,3/30/09,SCMS-42310,Pre-PQ Process,Pre-PQ Process,HRDT,102-GY-T01,18-May-09,Air,HIV test,20,1.6,"Trinity Biotech, Plc",EXW,675
85360,DN-3138,Generic,Nigeria,03-May-13,03-May-13,600/200/300mg,Tablet - FDC,Yes,14547.55,From RDC,"Efavirenz/Emtricitabine/Tenofovir Disoproxil Fumarate 600/200/300mg, tablets, 30 Tabs",1083.2,59615,772610.4,PMO - US,"Cipla, Goa, India",Efavirenz/Emtricitabine/Tenofovir Disoproxil Fumarate,12.96,N/A - From RDC,SO-43040,FPQ-10477,08-09-12,ARV,151-NG-T30,06-May-13,Air Charter,Adult,30,0.43,SCMS from RDC,N/A - From RDC,7722
66690,ASN-7772,Generic,South Africa,20-Sep-10,20-Sep-10,300mg,Tablet,Yes,1697.9,Direct Drop,"Zidovudine 300mg, tablets, 60 Tabs",707.53,44168,328168.24,PMO - US,"Aurobindo Unit III, India",Zidovudine,7.43,3/19/10,SCMS-69030,FPQ-5303,3/18/10,ARV,161-ZA-T30,20-Sep-10,Air,Adult,60,0.12,Aurobindo Pharma Limited,DDP,2373
84118,DN-2405,Generic,CÃte dIvoire,31-Oct-11,31-Oct-11,15mg,Capsule,Yes,3274.41,From RDC,"Stavudine 15mg, capsules, 60 Caps",3.29,1512,1995.84,PMO - US,"Aurobindo Unit III, India",Stavudine,1.32,N/A - From RDC,SO-40770,FPQ-8295,8/25/11,ARV,104-CI-T30,11-Nov-11,Truck,Adult,60,0.02,SCMS from RDC,N/A - From RDC,360
85892,DN-2812,Generic,"Congo, DRC",14-Feb-13,14-Feb-13,200/50mg,Tablet,No,See DN-2812 (ID#:83068),From RDC,"Lopinavir/Ritonavir 200/50mg, tablets, 120 Tabs",12.57,306,8968.86,PMO - US,Mylan (formerly Matrix) Nashik,Lopinavir/Ritonavir,29.31,N/A - From RDC,SO-42340,FPQ-9906,5/15/12,ARV,102-CD-T30,14-Feb-13,Air,Adult,120,0.24,SCMS from RDC,N/A - From RDC,See DN-2812 (ID#:83068)
82653,DN-3553,Generic,Mozambique,03-Jun-14,11-Jun-14,300mg,Tablet,Yes,4768.06,From RDC,"Abacavir 300mg, tablets, 60 Tabs",140.52,10000,113600.0,PMO - US,Mylan (formerly Matrix) Nashik,Abacavir,11.36,N/A - From RDC,SO-45890,FPQ-12416,6/28/13,ARV,111-MZ-T30,03-Jun-14,Truck,Adult,60,0.19,SCMS from RDC,N/A - From RDC,3118
85629,DN-1429,Generic,Uganda,08-Oct-09,08-Oct-09,600mg,Tablet,Yes,1140.08,From RDC,"Efavirenz 600mg, tablets, 30 Tabs",2.69,200,1370.0,PMO - US,"Aurobindo Unit III, India",Efavirenz,6.85,N/A - From RDC,SO-33180,FPQ-4065,08-06-09,ARV,114-UG-T30,08-Oct-09,Air,Adult,30,0.23,SCMS from RDC,N/A - From RDC,18
12364,DN-184,Trizivir,Mozambique,11-Jul-07,11-Jul-07,300/150/300mg,Tablet - FDC,No,See DN-184 (ID#:12060),From RDC,"Abacavir/Lamivudine/Zidovudine 300/150/300mg [Trizivir], tablets, 60 Tabs",MIssing,1171,81970.0,PMO - US,GSK Ware (UK),Abacavir/Lamivudine/Zidovudine,70.0,N/A - From RDC,SO-578,Pre-PQ Process,Pre-PQ Process,ARV,111-MZ-T01,11-Jul-07,Air,Adult,60,1.17,SCMS from RDC,N/A - From RDC,See DN-184 (ID#:12060)
70516,ASN-29933,Determine,Nigeria,19-Jan-15,22-Jan-15,MIssing,Test kit,Yes,16002.97,Direct Drop,"HIV 1/2, Determine Complete HIV Kit, 100 Tests",290.58,3176,282664.0,PMO - US,"Alere Medical Co., Ltd.","HIV 1/2, Determine Complete HIV Kit",89.0,10/29/14,SCMS-260700,FPQ-14995,9/22/14,HRDT,133-NG-T30,19-Jan-15,Air,HIV test,100,0.89,"Orgenics, Ltd",EXW,1288
34122,ASN-24897,Bioline,CÃte dIvoire,17-Mar-14,18-Mar-14,MIssing,Test kit,Yes,9024.04,Direct Drop,"HIV 1/2, Bioline 3.0 Kit, Lancets, Capillary pipets, Alcohol swabs included, 25 Tests",56.9,2700,55350.0,PMO - US,"Standard Diagnostics, Korea","HIV 1/2, Bioline 3.0 Kit, Lancets, Capillary pipets, Alcohol swabs included",20.5,11/21/13,SCMS-215031,FPQ-13125,10/25/13,HRDT,104-CI-T30,17-Mar-14,Air,HIV test,25,0.82,"Standard Diagnostics, Inc.",EXW,900
21044,ASN-22999,Generic,Vietnam,23-Dec-13,23-Dec-13,150/300mg,Tablet - FDC,Yes,746.89,Direct Drop,"Lamivudine/Zidovudine 150/300mg, tablets, 60 Tabs",13.26,1652,10721.48,PMO - US,Mylan (formerly Matrix) Nashik,Lamivudine/Zidovudine,6.49,08-02-13,SCMS-199800,FPQ-12539,07-11-13,ARV,108-VN-T30,23-Dec-13,Air,Adult,60,0.11,MYLAN LABORATORIES LTD (FORMERLY MATRIX LABORATORIES),EXW,146
85180,DN-2140,Generic,CÃte dIvoire,29-Mar-11,29-Mar-11,20mg/ml,Oral solution,Yes,17941.47,From RDC,"Abacavir 20mg/ml, oral solution w/syringe, Bottle, 240 ml",10.13,448,6137.6,PMO - US,"Aurobindo Unit III, India",Abacavir,13.7,N/A - From RDC,SO-38530,FPQ-6891,12/21/10,ARV,104-CI-T30,31-Mar-11,Air,Pediatric,240,0.06,SCMS from RDC,N/A - From RDC,1135
28664,ASN-10816,Invirase,Mozambique,24-May-11,24-May-11,200mg,Capsule,Yes,5017.18,Direct Drop,"Saquinavir 200mg [Invirase], capsules, 270 Caps",71.74,420,43478.98,PMO - US,Roche Basel,Saquinavir,103.52,02-08-11,SCMS-98420,FPQ-7054,1/21/11,ARV,111-MZ-T30,24-May-11,Air,Adult,270,0.38,Hoffmann-La Roche ltd Basel,FCA,446
4369,ASN-2205,Generic,Vietnam,19-Sep-08,19-Sep-08,150/200/30mg,Tablet - FDC,Yes,7265.05,Direct Drop,"Lamivudine/Nevirapine/Stavudine 150/200/30mg, tablets, 60 Tabs",113.66,9600,71040.0,PMO - US,"Cipla, Goa, India",Lamivudine/Nevirapine/Stavudine,7.4,3/31/08,SCMS-20400,Pre-PQ Process,Pre-PQ Process,ARV,108-VN-T01,19-Sep-08,Air,Adult,60,0.12,CIPLA LIMITED,EXW,920
9567,ASN-1520,Viread,South Africa,04-Jan-08,04-Jan-08,300mg,Tablet,No,Freight Included in Commodity Cost,Direct Drop,"Tenofovir Disoproxil Fumarate 300mg [Viread], tablets, 30 Tabs",6.14,150,3838.5,PMO - US,"Aspen-OSD, Port Elizabeth, SA",Tenofovir Disoproxil Fumarate,25.59,01-04-08,SCMS-16600,Pre-PQ Process,Pre-PQ Process,ARV,116-ZA-T01,21-Jan-08,MIssing,Adult,30,0.85,"JSI R&T INSTITUTE, INC.",DDP,Weight Captured Separately
8735,ASN-3507,Determine,Mozambique,14-Apr-09,14-Apr-09,MIssing,Test kit,Yes,13093.27,Direct Drop,"HIV 1/2, Determine Complete HIV Kit, 100 Tests",677.38,4800,345600.0,PMO - US,Inverness Japan,"HIV 1/2, Determine Complete HIV Kit",72.0,10/14/08,SCMS-31750,Pre-PQ Process,Pre-PQ Process,HRDT,111-MZ-T01,14-Apr-09,Air,HIV test,100,0.72,"Orgenics, Ltd",EXW,1417
84412,DN-3942,Generic,Zambia,10-Oct-14,29-Oct-14,300mg,Tablet,Yes,4937.65,From RDC,"Zidovudine 300mg, tablets, 60 Tabs",7.11,1240,6919.2,PMO - US,"Aurobindo Unit III, India",Zidovudine,5.58,N/A - From RDC,SO-47993,FPQ-13692,02-06-14,ARV,110-ZM-T30,31-Oct-14,Truck,Adult,60,0.09,SCMS from RDC,N/A - From RDC,73
86051,DN-3561,Generic,"Congo, DRC",19-May-14,26-Jun-14,150mg,Tablet,No,See DN-3561 (ID#:82654),From RDC,"Lamivudine 150mg, tablets, 60 Tabs",2.2,960,2140.8,PMO - US,"Micro labs, Verna, Goa, India",Lamivudine,2.23,N/A - From RDC,SO-47630,FPQ-13554,1/15/14,ARV,101-CD-T30,30-May-14,Air,Adult,60,0.04,SCMS from RDC,N/A - From RDC,See DN-3561 (ID#:82654)
84460,DN-4178,Generic,Burundi,25-Mar-15,30-Mar-15,600/300/300mg,Tablet - FDC,Yes,7006.47,From RDC,"Efavirenz/Lamivudine/Tenofovir Disoproxil Fumarate 600/300/300mg, tablets, 30 Tabs",86.78,7380,73726.2,PMO - US,Mylan (formerly Matrix) Nashik,Efavirenz/Lamivudine/Tenofovir Disoproxil Fumarate,9.99,N/A - From RDC,SO-50280,FPQ-15406,11/19/14,ARV,102-BI-T30,29-May-15,Air,Adult,30,0.33,SCMS from RDC,N/A - From RDC,1115
41578,ASN-17808,Kaletra,Zimbabwe,09-Feb-13,09-Feb-13,80/20mg/ml,Oral solution,Yes,15509.16,Direct Drop,"Lopinavir/Ritonavir 80/20mg/ml [Kaletra], oral solution, cool, Bottle 5 x 60 ml",64.81,1500,46230.0,PMO - US,ABBVIE (Abbott) Logis. UK,Lopinavir/Ritonavir,30.82,7/18/12,SCMS-148310,FPQ-9905,5/29/12,ARV,103-ZW-T30,09-Feb-13,Air,Pediatric,300,0.1,ABBVIE LOGISTICS (FORMERLY ABBOTT LOGISTICS BV),FCA,1374
54792,ASN-30488,Colloidal Gold,Rwanda,18-Feb-15,19-Feb-15,MIssing,Test kit,Yes,36060,Direct Drop,"HIV 1/2, SKB Colloidal Gold, Diagnostic Kit, Antibody, 50 Tests",103.24,4099,100425.5,PMO - US,"KHB Test Kit Facility, Shanghai China","HIV 1/2, Colloidal Gold, Diagnostic Kit, Antibody",24.5,12/18/14,SCMS-263330,FPQ-15065,10/15/14,HRDT,107-RW-T30,18-Feb-15,Air,HIV test,1,24.5,"SHANGHAI KEHUA BIOENGINEERING CO.,LTD.  (KHB)",EXW,2733
10636,DN-605,Generic,Zambia,21-Feb-08,21-Feb-08,200mg,Tablet,Yes,15220.18,From RDC,"Nevirapine 200mg, tablets, 60 Tabs",393.49,72333,245932.2,PMO - US,Hetero Unit III Hyderabad IN,Nevirapine,3.4,N/A - From RDC,SO-1317,Pre-PQ Process,Pre-PQ Process,ARV,110-ZM-T01,21-Feb-08,Truck,Adult,60,0.06,SCMS from RDC,N/A - From RDC,4957
30998,ASN-6121,Uni-Gold,Botswana,04-Jun-10,04-Jun-10,MIssing,Test kit,Yes,559.89,Direct Drop,"HIV 1/2, Uni-Gold HIV Kit, 20 Tests",1.72,25,800.0,PMO - US,"Trinity Biotech, Plc","HIV 1/2, Uni-Gold HIV Kit",32.0,02-05-10,SCMS-64790,FPQ-4903,1/13/10,HRDT,102-BW-T30,04-Jun-10,Air,HIV test,20,1.6,"Trinity Biotech, Plc",EXW,10
10786,DN-1361,Generic,Zambia,04-Sep-09,04-Sep-09,300mg,Tablet,Yes,2448.71,From RDC,"Zidovudine 300mg, tablets, 60 Tabs",146.58,9700,74787.0,PMO - US,"Aurobindo Unit III, India",Zidovudine,7.71,N/A - From RDC,SO-31950,Pre-PQ Process,Date Not Captured,ARV,110-ZM-T01,04-Sep-09,Truck,Adult,60,0.13,SCMS from RDC,N/A - From RDC,551
33833,ASN-8303,Ziagen,South Africa,01-Jul-10,01-Jul-10,20mg/ml,Oral solution,Yes,Freight Included in Commodity Cost,Direct Drop,"Abacavir 20mg/ml [Ziagen], oral solution, Bottle, 240 ml",2629.74,80884,1219730.72,PMO - US,GSK Mississauga (Canada),Abacavir,15.08,3/25/10,SCMS-69550,FPQ-5379,3/24/10,ARV,161-ZA-T30,01-Jul-10,Air,Pediatric,240,0.06,ASPEN PHARMACARE,DDP,Weight Captured Separately
11620,DN-1124,Generic,Nigeria,19-Mar-09,19-Mar-09,150/200/30mg,Tablet - FDC,Yes,11492.86,From RDC,"Lamivudine/Nevirapine/Stavudine 150/200/30mg, tablets, 60 Tabs",161.99,11608,82648.96,PMO - US,"Cipla, Goa, India",Lamivudine/Nevirapine/Stavudine,7.12,N/A - From RDC,SO-20960,Pre-PQ Process,Pre-PQ Process,ARV,112-NG-T01,19-Mar-09,Air Charter,Adult,60,0.12,SCMS from RDC,N/A - From RDC,1871
11900,DN-706,Bioline,Kenya,08-Apr-08,08-Apr-08,MIssing,Test kit,Yes,838.83,From RDC,"HIV 1/2, Bioline 3.0 Kit, Lancets, Capillary pipets, Alcohol swabs included, 25 Tests",86.02,2688,53760.0,PMO - US,"Standard Diagnostics, Korea","HIV 1/2, Bioline 3.0 Kit, Lancets, Capillary pipets, Alcohol swabs included",20.0,N/A - From RDC,SO-1599,Pre-PQ Process,Pre-PQ Process,HRDT,102-KE-T01,08-Apr-08,Truck,HIV test,25,0.8,SCMS from RDC,N/A - From RDC,965
63907,ASN-12152,Videx,Guatemala,12-Sep-11,12-Sep-11,25mg,Chewable/dispersible tablet,No,Freight Included in Commodity Cost,Direct Drop,"Didanosine 25mg [Videx], chewable tablets, 60 Tabs",11.29,150,6843.0,PMO - US,"BMS Meymac, France",Didanosine,45.62,1/25/11,SCMS-98040,FPQ-6944,1/17/11,ARV,202-GT-T30,12-Sep-11,Air,Pediatric,60,0.76,IDIS LIMITED,DDU,Weight Captured Separately
41214,ASN-21501,Generic,Tanzania,04-Oct-13,04-Oct-13,600/200/300mg,Tablet - FDC,Yes,118541.26,Direct Drop,"Efavirenz/Emtricitabine/Tenofovir Disoproxil Fumarate 600/200/300mg, tablets, 30 Tabs",3281.86,216755,2653081.2,PMO - US,Mylan (formerly Matrix) Nashik,Efavirenz/Emtricitabine/Tenofovir Disoproxil Fumarate,12.24,7/16/13,SCMS-198800,FPQ-12540,07-03-13,ARV,109-TZ-T30,04-Oct-13,Air,Adult,30,0.41,MYLAN LABORATORIES LTD (FORMERLY MATRIX LABORATORIES),EXW,28678
31847,ASN-32412,Norvir,South Africa,27-May-15,27-May-15,80mg/ml,Oral solution,Yes,Freight Included in Commodity Cost,Direct Drop,"Ritonavir 80mg/ml [Norvir], oral solution, cool, Bottle, 90 ml",0.01,1,4.97,PMO - US,ABBVIE (Abbott) France,Ritonavir,4.97,5/27/15,SCMS-277982,FPQ-15950,2/20/15,ARV,116-ZA-T30,27-May-15,Truck,Pediatric,90,0.06,PHARMACY DIRECT,DDP,Weight Captured Separately
62158,ASN-32122,Generic,South Africa,12-May-15,12-May-15,600mg,Tablet,No,Freight Included in Commodity Cost,Direct Drop,"Efavirenz 600mg, tablets, 30 Tabs",0.39,34,383.14,PMO - US,"Aurobindo Unit III, India",Efavirenz,11.27,05-11-15,SCMS-259075,FPQ-14942,09-11-14,ARV,116-ZA-T30,12-May-15,Truck,Adult,30,0.38,PHARMACY DIRECT,DDP,Weight Captured Separately
10401,ASN-4500,Determine,Kenya,07-Aug-09,07-Aug-09,MIssing,Test kit,Yes,17662.98,Direct Drop,"HIV 1/2, Determine Complete HIV Kit, 100 Tests",1176,7500,600000.0,PMO - US,Inverness Japan,"HIV 1/2, Determine Complete HIV Kit",80.0,04-06-09,SCMS-42960,Pre-PQ Process,Pre-PQ Process,HRDT,102-KE-T01,07-Aug-09,Air,HIV test,100,0.8,"Orgenics, Ltd",EXW,2215
82752,DN-3999,Generic,Nigeria,30-Oct-14,03-Nov-14,150/300/200mg,Tablet - FDC,Yes,49570,From RDC,"Lamivudine/Nevirapine/Zidovudine 150/200/300mg, tablets, 60 Tabs",377.73,45307,367439.77,PMO - US,Mylan (formerly Matrix) Nashik,Lamivudine/Nevirapine/Zidovudine,8.11,N/A - From RDC,SO-48891,FPQ-14156,4/25/14,ARV,151-NG-T30,30-Nov-14,Air Charter,Adult,60,0.14,SCMS from RDC,N/A - From RDC,20329
10541,DN-17,Viread,Mozambique,09-Jan-07,09-Jan-07,300mg,Tablet,Yes,1338.04,From RDC,"Tenofovir Disoproxil Fumarate 300mg [Viread], tablets, 30 Tabs",MIssing,747,12699.0,PMO - US,Gilead(Nycomed) Oranienburg DE,Tenofovir Disoproxil Fumarate,17.0,N/A - From RDC,SO-324,Pre-PQ Process,Pre-PQ Process,ARV,111-MZ-T01,09-Jan-07,Air,Adult,30,0.57,SCMS from RDC,N/A - From RDC,84
12073,DN-247,Kaletra,Tanzania,30-Jul-07,30-Jul-07,80/20mg/ml,Oral solution,No,See DN-247 (ID#:11139),From RDC,"Lopinavir/Ritonavir 80/20mg/ml [Kaletra], oral solution, cool, Bottle 5 x 60 ml",9.67,147,6041.7,PMO - US,ABBVIE (Abbott) Logis. UK,Lopinavir/Ritonavir,41.1,N/A - From RDC,SO-496,Pre-PQ Process,Pre-PQ Process,ARV,109-TZ-T01,30-Jul-07,Air,Pediatric,300,0.14,SCMS from RDC,N/A - From RDC,See DN-247 (ID#:11139)
84274,DN-3218,Generic,Uganda,23-Jul-13,23-Jul-13,600/300/300mg,Tablet - FDC,Yes,2486.5,From RDC,"Efavirenz/Lamivudine/Tenofovir Disoproxil Fumarate 600/300/300mg, tablets, 30 Tabs",467.57,35930,377983.6,PMO - US,Hetero Unit III Hyderabad IN,Efavirenz/Lamivudine/Tenofovir Disoproxil Fumarate,10.52,N/A - From RDC,SO-43631,FPQ-10945,11-06-12,ARV,114-UG-T30,31-Jul-13,Air,Adult,30,0.35,SCMS from RDC,N/A - From RDC,4811
41418,ASN-5461,Generic,South Africa,28-Oct-09,28-Oct-09,1mg/ml,Oral solution,Yes,Freight Included in Commodity Cost,Direct Drop,"Stavudine 1mg/ml, powder for oral solution, 200 ml",24.14,4500,12317.21,PMO - US,"Aurobindo Unit III, India",Stavudine,2.74,9/22/09,SCMS-50370,FPQ-3596,05-07-09,ARV,116-ZA-T30,28-Oct-09,Truck,Pediatric,200,0.01,S. BUYS WHOLESALER,DDP,Weight Captured Separately
30462,ASN-5453,Generic,South Africa,28-Oct-09,28-Oct-09,1mg/ml,Oral solution,Yes,Freight Included in Commodity Cost,Direct Drop,"Stavudine 1mg/ml, powder for oral solution, 200 ml",2.68,500,1368.58,PMO - US,"Aurobindo Unit III, India",Stavudine,2.74,9/22/09,SCMS-50360,FPQ-3596,05-07-09,ARV,116-ZA-T30,28-Oct-09,Truck,Pediatric,200,0.01,S. BUYS WHOLESALER,DDP,Weight Captured Separately
10761,DN-1194,Truvada,Nigeria,30-Apr-09,30-Apr-09,300/200mg,Tablet - FDC,Yes,2922.53,From RDC,"Emtricitabine/Tenofovir Disoproxil Fumarate 200/300mg [Truvada], tablets, 30 Tabs",174.52,3392,89040.0,PMO - US,"Aspen-OSD, Port Elizabeth, SA",Emtricitabine/Tenofovir Disoproxil Fumarate,26.25,N/A - From RDC,SO-21787,Pre-PQ Process,Pre-PQ Process,ARV,151-NG-T01,30-Apr-09,Air,Adult,30,0.88,SCMS from RDC,N/A - From RDC,298
86510,DN-2818,Generic,Nigeria,13-Aug-12,13-Aug-12,200mg,Tablet,No,See DN-2818 (ID#:85894),From RDC,"Nevirapine 200mg, tablets, 60 Tabs",294.37,86761,209961.62,PMO - US,Hetero Unit III Hyderabad IN,Nevirapine,2.42,N/A - From RDC,SO-42936,FPQ-9432,03-01-12,ARV,151-NG-T30,31-Aug-12,Air,Adult,60,0.04,SCMS from RDC,N/A - From RDC,See DN-2818 (ID#:85894)
19346,ASN-28021,Generic,South Africa,28-Aug-14,28-Aug-14,200/300mg,Tablet - FDC,No,Freight Included in Commodity Cost,Direct Drop,"Emtricitabine/Tenofovir Disoproxil Fumarate 200/300mg, tablets, 30 Tabs",0.34,11,332.32,PMO - US,"Aurobindo Unit III, India",Emtricitabine/Tenofovir Disoproxil Fumarate,30.21,8/28/14,SCMS-238553,FPQ-13973,4/30/14,ARV,116-ZA-T30,28-Aug-14,Truck,Adult,30,1.01,PHARMACY DIRECT,DDP,Weight Captured Separately
86024,DN-3439,Generic,Mozambique,30-Jan-14,17-Feb-14,600mg,Tablet,No,See DN-3439 (ID#:85423),From RDC,"Efavirenz 600mg, tablets, 30 Tabs",205.96,50000,166500.0,PMO - US,"Cipla, Goa, India",Efavirenz,3.33,N/A - From RDC,SO-45894,FPQ-12416,6/28/13,ARV,111-MZ-T30,31-Jan-14,Truck,Adult,30,0.11,SCMS from RDC,N/A - From RDC,See DN-3439 (ID#:85423)
26849,ASN-8694,Generic,South Africa,15-Dec-10,15-Dec-10,600mg,Tablet,Yes,Freight Included in Commodity Cost,Direct Drop,"Efavirenz 600mg, tablets, 30 Tabs",1052.2,108211,488031.61,PMO - US,"Aurobindo Unit III, India",Efavirenz,4.51,6/17/10,SCMS-75660,FPQ-5648,06-02-10,ARV,161-ZA-T30,12-Oct-10,Ocean,Adult,30,0.15,Aurobindo Pharma Limited,DDP,Weight Captured Separately
86104,DN-3833,Aluvia,Zambia,04-Sep-14,06-Oct-14,200/50mg,Tablet,No,See DN-3833 (ID#:82691),From RDC,"Lopinavir/Ritonavir 200/50mg [Aluvia], tablets, 120 Tabs",695.99,35822,677035.8,PMO - US,ABBVIE Ludwigshafen Germany,Lopinavir/Ritonavir,18.9,N/A - From RDC,SO-47204,FPQ-13221,10/31/13,ARV,110-ZM-T30,29-Aug-14,Truck,Adult,120,0.16,SCMS from RDC,N/A - From RDC,See DN-3833 (ID#:82691)
11974,DN-1176,Generic,Mozambique,20-May-09,20-May-09,200mg,Capsule,No,See DN-1176 (ID#:11973),From RDC,"Efavirenz 200mg, capsule, 90 Caps",21.53,720,10987.2,PMO - US,"Aurobindo Unit III, India",Efavirenz,15.26,N/A - From RDC,SO-17530,Pre-PQ Process,Pre-PQ Process,ARV,111-MZ-T01,20-May-09,Air,Pediatric,90,0.17,SCMS from RDC,N/A - From RDC,See DN-1176 (ID#:11973)
70144,ASN-29503,Uni-Gold,South Sudan,09-Jan-15,19-Jan-15,MIssing,Test kit,No,See ASN-29503 (ID#:13571),Direct Drop,"HIV 1/2, Uni-Gold HIV Kit, 20 Tests",1.15,35,1120.0,PMO - US,"Trinity Biotech, Plc","HIV 1/2, Uni-Gold HIV Kit",32.0,07-01-14,SCMS-245240,FPQ-14470,6/17/14,HRDT,105-SS-T30,09-Jan-15,Air,HIV test,20,1.6,"Trinity Biotech, Plc",EXW,See ASN-29503 (ID#:13571)
33948,ASN-27606,Generic,South Africa,05-Aug-14,05-Aug-14,600mg,Tablet,No,Freight Included in Commodity Cost,Direct Drop,"Efavirenz 600mg, tablets, 30 Tabs",0.96,60,935.76,PMO - US,"Aurobindo Unit III, India",Efavirenz,15.6,08-05-14,SCMS-238552,FPQ-13973,4/30/14,ARV,116-ZA-T30,05-Aug-14,Truck,Adult,30,0.52,PHARMACY DIRECT,DDP,Weight Captured Separately
12109,DN-332,Generic,Ethiopia,04-Sep-07,04-Sep-07,10mg/ml,Oral solution,No,See DN-332 (ID#:10613),From RDC,"Lamivudine 10mg/ml, oral solution, Bottle, 240 ml",37.67,11950,23541.5,PMO - US,"Aurobindo Unit III, India",Lamivudine,1.97,N/A - From RDC,SO-914,Pre-PQ Process,Pre-PQ Process,ARV,117-ET-T01,04-Sep-07,MIssing,Pediatric,240,0.01,SCMS from RDC,N/A - From RDC,See DN-332 (ID#:10613)
40936,ASN-17176,Generic,Vietnam,14-Dec-12,14-Dec-12,300mg,Tablet,No,See ASN-17176 (ID#:20219),Direct Drop,"Abacavir 300mg, tablets, 60 Tabs",6.96,385,4966.5,PMO - US,Hetero Unit III Hyderabad IN,Abacavir,12.9,8/15/12,SCMS-156310,FPQ-10286,7/25/12,ARV,108-VN-T30,14-Dec-12,Air,Adult,60,0.22,HETERO LABS LIMITED,EXW,See ASN-17176 (ID#:20219)
86283,DN-1717,Generic,Nigeria,31-Mar-10,31-Mar-10,150/300mg,Tablet - FDC,Yes,Freight Included in Commodity Cost,From RDC,"Lamivudine/Zidovudine 150/300mg, tablets, 60 Tabs",203.46,10773,94371.48,PMO - US,Mylan (formerly Matrix) Nashik,Lamivudine/Zidovudine,8.76,N/A - From RDC,SO-35052,FPQ-4537,11-06-09,ARV,151-NG-T30,19-Apr-10,Air Charter,Adult,60,0.15,SCMS from RDC,N/A - From RDC,859
83196,DN-3458,Generic,Tanzania,25-Feb-14,13-Mar-14,200/300mg,Tablet - FDC,Yes,5989.25,From RDC,"Emtricitabine/Tenofovir Disoproxil Fumarate 200/300mg, tablets, 30 Tabs",15.81,2178,12784.86,PMO - US,"Aurobindo Unit III, India",Emtricitabine/Tenofovir Disoproxil Fumarate,5.87,N/A - From RDC,SO-45995,FPQ-12587,07-04-13,ARV,109-TZ-T30,31-Dec-13,Truck,Adult,30,0.2,SCMS from RDC,N/A - From RDC,2304
12044,DN-60,Generic,CÃte dIvoire,04-May-07,04-May-07,150/300mg,Tablet - FDC,Yes,1470,From RDC,"Lamivudine/Zidovudine 150/300mg, tablets, 60 Tabs",MIssing,1000,10250.0,PMO - US,"Aurobindo Unit III, India",Lamivudine/Zidovudine,10.25,N/A - From RDC,SO-411,Pre-PQ Process,Pre-PQ Process,ARV,100-CI-T01,04-May-07,MIssing,Adult,60,0.17,SCMS from RDC,N/A - From RDC,114
85558,DN-4112,Generic,Zimbabwe,06-Feb-15,06-Feb-15,600/300/300mg,Tablet - FDC,No,See DN-4112 (ID#:84448),From RDC,"Efavirenz/Lamivudine/Tenofovir Disoproxil Fumarate 600/300/300mg, tablets, 30 Tabs",745.93,74346,725616.96,PMO - US,Hetero Unit III Hyderabad IN,Efavirenz/Lamivudine/Tenofovir Disoproxil Fumarate,9.76,N/A - From RDC,SO-49170,FPQ-14458,6/13/14,ARV,113-ZW-T30,06-Mar-15,Truck,Adult,30,0.33,SCMS from RDC,N/A - From RDC,See DN-4112 (ID#:84448)
84743,DN-2809,Generic,CÃte dIvoire,27-Aug-12,27-Aug-12,200/50mg,Tablet,No,See DN-2809 (ID#:83616),From RDC,"Lopinavir/Ritonavir 200/50mg, tablets, 120 Tabs",535.56,13033,381997.23,PMO - US,"Aurobindo Unit III, India",Lopinavir/Ritonavir,29.31,N/A - From RDC,SO-41490,FPQ-9261,1/30/12,ARV,104-CI-T30,17-Sep-12,Truck,Adult,120,0.24,SCMS from RDC,N/A - From RDC,See DN-2809 (ID#:83616)
86651,DN-3517,Generic,CÃte dIvoire,05-Feb-14,04-Mar-14,150/300/200mg,Tablet - FDC,Yes,42859.56,From RDC,"Lamivudine/Nevirapine/Zidovudine 150/200/300mg, tablets, 60 Tabs",957.39,93700,773962.0,PMO - US,Hetero Unit III Hyderabad IN,Lamivudine/Nevirapine/Zidovudine,8.26,N/A - From RDC,SO-44200,FPQ-11253,12/14/12,ARV,104-CI-T30,10-Feb-14,Truck,Adult,60,0.14,SCMS from RDC,N/A - From RDC,12220
84423,DN-3995,Generic,Nigeria,30-Oct-14,03-Nov-14,150/300mg,Tablet - FDC,Yes,14251,From RDC,"Lamivudine/Zidovudine 150/300mg, tablets, 60 Tabs",514.97,76832,500944.64,PMO - US,Mylan (formerly Matrix) Nashik,Lamivudine/Zidovudine,6.52,N/A - From RDC,SO-48904,FPQ-14156,4/25/14,ARV,151-NG-T30,31-Oct-14,Air Charter,Adult,60,0.11,SCMS from RDC,N/A - From RDC,6780
83077,DN-2845,Generic,Rwanda,30-Oct-12,30-Oct-12,200/50mg,Tablet,Yes,5825.17,From RDC,"Lopinavir/Ritonavir 200/50mg, tablets, 120 Tabs",456.85,10979,325856.72,PMO - US,Mylan (formerly Matrix) Nashik,Lopinavir/Ritonavir,29.68,N/A - From RDC,SO-42760,FPQ-10119,6/18/12,ARV,107-RW-T30,31-Oct-12,Air,Adult,120,0.25,SCMS from RDC,N/A - From RDC,2881
54471,ASN-32901,Generic,Nigeria,05-Aug-15,10-Aug-15,300/100mg,Tablet,Yes,Invoiced Separately,Direct Drop,"Atazanavir/Ritonavir 300/100mg, tablets, 30 Tabs",211.69,11440,205920.0,PMO - US,"Emcure Plot No.P-2, I.T-B.T. Park, Phase II, MIDC, Hinjwadi, Pune, India",Atazanavir/Ritonavir,18.0,8/29/14,SCMS-254170,FPQ-14780,8/13/14,ARV,151-NG-T30,05-Aug-15,Air,Adult,30,0.6,EMCURE PHARMACEUTICALS LTD,EXW,Weight Captured Separately
12277,DN-1215,Generic,Mozambique,28-Jun-09,28-Jun-09,150/200/30mg,Tablet - FDC,No,See DN-1215 (ID#:10764),From RDC,"Lamivudine/Nevirapine/Stavudine 150/200/30mg, tablets, 60 Tabs",248.63,17618,126849.6,PMO - US,"Cipla, Goa, India",Lamivudine/Nevirapine/Stavudine,7.2,N/A - From RDC,SO-28550,Pre-PQ Process,Pre-PQ Process,ARV,111-MZ-T01,28-Jun-09,Air,Adult,60,0.12,SCMS from RDC,N/A - From RDC,See DN-1215 (ID#:10764)
82810,DN-4309,Aluvia,Uganda,23-Jul-15,23-Jul-15,200/50mg,Tablet,No,See DN-4309 (ID#:82809),From RDC,"Lopinavir/Ritonavir 200/50mg [Aluvia], tablets, 120 Tabs",593.41,27048,504174.72,PMO - US,ABBVIE Ludwigshafen Germany,Lopinavir/Ritonavir,18.64,N/A - From RDC,SO-50052,FPQ-15294,11-03-14,ARV,114-UG-T30,31-Jul-15,Truck,Adult,120,0.16,SCMS from RDC,N/A - From RDC,See DN-4309 (ID#:82809)
82962,DN-2272,Generic,Zambia,05-Aug-11,05-Aug-11,300mg,Tablet,Yes,3949.19,From RDC,"Abacavir 300mg, tablets, 60 Tabs",127.18,5125,77080.0,PMO - US,Mylan (formerly Matrix) Nashik,Abacavir,15.04,N/A - From RDC,SO-38940,FPQ-6677,11-08-10,ARV,110-ZM-T30,22-Aug-11,Truck,Adult,60,0.25,SCMS from RDC,N/A - From RDC,523
85705,DN-2006,Generic,Ethiopia,13-Sep-10,13-Sep-10,150mg,Tablet,Yes,530.36,From RDC,"Lamivudine 150mg, tablets, 60 Tabs",9.04,1800,4194.0,PMO - US,"Aurobindo Unit III, India",Lamivudine,2.33,N/A - From RDC,SO-36680,FPQ-5581,4/28/10,ARV,117-ET-T30,15-Sep-10,Air,Adult,60,0.04,SCMS from RDC,N/A - From RDC,74
24285,ASN-28627,Generic,South Africa,03-Oct-14,03-Oct-14,250mg,Delayed-release capsules,No,Freight Included in Commodity Cost,Direct Drop,"Didanosine 250mg, delayed-release capsules, 30 Caps",0.02,1,15.25,PMO - US,"Aurobindo Unit III, India",Didanosine,15.25,10-03-14,SCMS-238554,FPQ-13973,4/30/14,ARV,116-ZA-T30,03-Oct-14,Truck,Adult,30,0.51,PHARMACY DIRECT,DDP,Weight Captured Separately
2947,ASN-1231,Generic,Vietnam,22-Jan-08,22-Jan-08,15mg,Capsule,Yes,2426.05,Direct Drop,"Stavudine 15mg, capsules, 60 Caps",0.96,400,600.0,PMO - US,"Aurobindo Unit III, India",Stavudine,1.5,12-05-07,SCMS-14930,Pre-PQ Process,Pre-PQ Process,ARV,108-VN-T01,22-Jan-08,Air,Adult,60,0.02,Aurobindo Pharma Limited,EXW,83
85296,DN-2811,Generic,Guyana,29-Aug-12,29-Aug-12,10mg/ml,Oral suspension,No,See DN-2811 (ID#:83067),From RDC,"Nevirapine 10mg/ml, oral suspension w/syringe, Bottle, 240 ml",0.79,288,561.6,PMO - US,"Aurobindo Unit III, India",Nevirapine,1.95,N/A - From RDC,SO-42780,FPQ-10252,07-05-12,ARV,105-GY-T30,02-Oct-12,Air,Pediatric,240,0.01,SCMS from RDC,N/A - From RDC,See DN-2811 (ID#:83067)
84696,DN-2496,Generic,"Congo, DRC",14-Feb-12,14-Feb-12,200/50mg,Tablet,No,See DN-2496 (ID#:82434),From RDC,"Lopinavir/Ritonavir 200/50mg, tablets, 120 Tabs",0.8,17,573.58,PMO - US,"Aurobindo Unit III, India",Lopinavir/Ritonavir,33.74,N/A - From RDC,SO-41134,FPQ-8840,11/21/11,ARV,101-CD-T30,16-Mar-12,Air,Adult,120,0.28,SCMS from RDC,N/A - From RDC,See DN-2496 (ID#:82434)
19656,ASN-9052,Generic,South Africa,15-Dec-10,15-Dec-10,150mg,Tablet,Yes,12225.76,Direct Drop,"Lamivudine 150mg, tablets, 60 Tabs",898.44,168711,416716.17,PMO - US,"Strides, Bangalore, India.",Lamivudine,2.47,9/21/10,SCMS-84250,FPQ-6262,8/31/10,ARV,161-ZA-T30,15-Dec-10,Ocean,Adult,60,0.04,STRIDES ARCOLAB LIMITED,DDP,8183
36784,ASN-24415,Generic,South Africa,06-Feb-14,06-Feb-14,200mg,Capsule,No,Freight Included in Commodity Cost,Direct Drop,"Efavirenz 200mg, capsule, 90 Caps",4.59,168,3709.29,PMO - US,"Aurobindo Unit III, India",Efavirenz,22.08,12-02-13,SCMS-215370,FPQ-13035,10-08-13,ARV,116-ZA-T30,06-Feb-14,Truck,Pediatric,90,0.25,S. BUYS WHOLESALER,DDP,Weight Captured Separately
22661,ASN-27796,Generic,Haiti,14-Oct-14,20-Oct-14,150/300/200mg,Tablet - FDC,Yes,17036.99,Direct Drop,"Lamivudine/Nevirapine/Zidovudine 150/200/300mg, tablets, 60 Tabs",165.16,19835,160663.5,PMO - US,"Cipla, Goa, India",Lamivudine/Nevirapine/Zidovudine,8.1,4/30/14,SCMS-233970,FPQ-13797,3/20/14,ARV,106-HT-T30,14-Oct-14,Air,Adult,60,0.13,CIPLA LIMITED,EXW,2866
17796,ASN-31639,Kaletra,Zambia,09-Jun-15,09-Jun-15,80/20mg/ml,Oral solution,Yes,13894.08,Direct Drop,"Lopinavir/Ritonavir 80/20mg/ml [Kaletra], oral solution, cool, Bottle 5 x 60 ml",71.79,2266,69838.12,PMO - US,ABBVIE (Abbott) Logis. UK,Lopinavir/Ritonavir,30.82,8/20/14,SCMS-253021,FPQ-14790,8/13/14,ARV,110-ZM-T30,09-Jun-15,Air,Pediatric,300,0.1,ABBVIE LOGISTICS (FORMERLY ABBOTT LOGISTICS BV),FCA,2277
79785,ASN-26882,Generic,South Africa,25-Jun-14,25-Jun-14,200mg,Capsule,No,Freight Included in Commodity Cost,Direct Drop,"Efavirenz 200mg, capsule, 90 Caps",0.48,20,471.74,PMO - US,"Aurobindo Unit III, India",Efavirenz,23.59,6/25/14,SCMS-238551,FPQ-13973,4/30/14,ARV,116-ZA-T30,25-Jun-14,Truck,Pediatric,90,0.26,PHARMACY DIRECT,DDP,Weight Captured Separately
86027,DN-3458,Generic,Tanzania,25-Feb-14,13-Mar-14,200/300mg,Tablet - FDC,No,See DN-3458 (ID#:83196),From RDC,"Emtricitabine/Tenofovir Disoproxil Fumarate 200/300mg, tablets, 30 Tabs",2.45,337,1978.19,PMO - US,Mylan (formerly Matrix) Nashik,Emtricitabine/Tenofovir Disoproxil Fumarate,5.87,N/A - From RDC,SO-45995,FPQ-12587,07-04-13,ARV,109-TZ-T30,31-Dec-13,Truck,Adult,30,0.2,SCMS from RDC,N/A - From RDC,See DN-3458 (ID#:83196)
84944,DN-3780,Generic,Zimbabwe,11-Jul-14,04-Aug-14,200mg,Tablet,Yes,13770.65,From RDC,"Nevirapine 200mg, tablets, 60 Tabs",103.89,44716,101058.16,PMO - US,Hetero Unit III Hyderabad IN,Nevirapine,2.26,N/A - From RDC,SO-47530,FPQ-13508,12/24/13,ARV,113-ZW-T30,30-Jul-14,Truck,Adult,60,0.04,SCMS from RDC,N/A - From RDC,5925
12218,DN-964,Determine,Kenya,21-Oct-08,21-Oct-08,MIssing,Test kit,No,See DN-964 (ID#:10987),From RDC,"HIV 1/2, Determine HIV Kit, without Lancets, 100 Tests",783.9,5000,399950.0,PMO - US,Inverness Japan,"HIV 1/2, Determine HIV Kit, without Lancets",79.99,N/A - From RDC,SO-11430,Pre-PQ Process,Pre-PQ Process,HRDT,102-KE-T01,21-Oct-08,Truck,HIV test,100,0.8,SCMS from RDC,N/A - From RDC,See DN-964 (ID#:10987)
72892,ASN-10576,Generic,South Africa,03-Jun-11,03-Jun-11,200mg,Capsule,Yes,4573.2,Direct Drop,"Efavirenz 200mg, capsule, 90 Caps",373.47,17357,173222.86,PMO - US,"Aurobindo Unit III, India",Efavirenz,9.98,9/24/10,SCMS-83730,FPQ-6262,8/31/10,ARV,161-ZA-T30,03-May-11,Ocean,Pediatric,90,0.11,Aurobindo Pharma Limited,DDP,2301
12874,DN-1168,Generic,Zimbabwe,27-Apr-09,27-Apr-09,150/200/30mg,Tablet - FDC,No,See DN-1168 (ID#:11031),From RDC,"Lamivudine/Nevirapine/Stavudine 150/200/30mg, tablets, 60 Tabs",1102.3,76000,562400.0,PMO - US,"Cipla, Goa, India",Lamivudine/Nevirapine/Stavudine,7.4,N/A - From RDC,SO-18110,Pre-PQ Process,Pre-PQ Process,ARV,113-ZW-T01,27-Apr-09,Truck,Adult,60,0.12,SCMS from RDC,N/A - From RDC,See DN-1168 (ID#:11031)
85140,DN-1994,Generic,Nigeria,17-Aug-10,17-Aug-10,200mg,Tablet,Yes,6147.14,From RDC,"Nevirapine 200mg, tablets, 60 Tabs",168.34,28600,78078.0,PMO - US,"Aurobindo Unit III, India",Nevirapine,2.73,N/A - From RDC,SO-36464,FPQ-5023,02-10-10,ARV,151-NG-T30,12-Aug-10,Air Charter,Adult,60,0.05,SCMS from RDC,N/A - From RDC,3344
42757,ASN-9989,Norvir,CÃte dIvoire,09-Mar-11,09-Mar-11,100mg,Tablet,Yes,4520.66,Direct Drop,"Ritonavir 100mg [Norvir], film coated tablets, 60 Tabs",59.28,4014,27495.9,PMO - US,ABBVIE Ludwigshafen Germany,Ritonavir,6.85,1/15/10,SCMS-62970,FPQ-4698,12/28/09,ARV,104-CI-T30,09-Mar-11,Air,Adult,60,0.11,ABBVIE LOGISTICS (FORMERLY ABBOTT LOGISTICS BV),FCA,507
12413,DN-382,Bioline,Zimbabwe,05-Oct-07,05-Oct-07,MIssing,Test kit,Yes,3085.84,From RDC,"HIV 1/2, Bioline 3.0 Kit, Lancets, Capillary pipets, Alcohol swabs included, 25 Tests",79.74,2492,49840.0,PMO - US,"Standard Diagnostics, Korea","HIV 1/2, Bioline 3.0 Kit, Lancets, Capillary pipets, Alcohol swabs included",20.0,N/A - From RDC,SO-891,Pre-PQ Process,Pre-PQ Process,HRDT,113-ZW-T01,05-Oct-07,Truck,HIV test,25,0.8,SCMS from RDC,N/A - From RDC,738
68268,ASN-13723,Kaletra,Ethiopia,20-Feb-12,20-Feb-12,80/20mg/ml,Oral solution,Yes,6941.12,Direct Drop,"Lopinavir/Ritonavir 80/20mg/ml [Kaletra], oral solution, cool, Bottle 5 x 60 ml",30.2,699,21543.18,PMO - US,ABBVIE (Abbott) Logis. UK,Lopinavir/Ritonavir,30.82,1/30/12,SCMS-135780,FPQ-9247,1/26/12,ARV,117-ET-T30,20-Feb-12,Air,Pediatric,300,0.1,ABBVIE LOGISTICS (FORMERLY ABBOTT LOGISTICS BV),FCA,728
84055,DN-2080,Generic,Nigeria,09-Jan-11,09-Jan-11,300/300mg,Tablet - FDC,Yes,27457,From RDC,"Lamivudine/Tenofovir Disoproxil Fumarate 300/300mg, tablets, 30 Tabs",950.8,50000,441000.0,PMO - US,Mylan (formerly Matrix) Nashik,Lamivudine/Tenofovir Disoproxil Fumarate,8.82,N/A - From RDC,SO-37430,FPQ-6243,8/25/10,ARV,151-NG-T30,30-Mar-11,Air Charter,Adult,30,0.29,SCMS from RDC,N/A - From RDC,4502
59896,ASN-21767,Generic,Uganda,03-Oct-13,06-Nov-13,150/300mg,Tablet - FDC,Yes,32208.32,Direct Drop,"Lamivudine/Zidovudine 150/300mg, tablets, 60 Tabs",793.83,97380,641734.2,PMO - US,"Cipla, Goa, India",Lamivudine/Zidovudine,6.59,7/31/13,SCMS-198540,FPQ-12477,07-08-13,ARV,114-UG-T30,03-Oct-13,Air,Adult,60,0.11,CIPLA LIMITED,EXW,8722
86401,DN-2319,Generic,CÃte dIvoire,10-Sep-11,10-Sep-11,150mg,Tablet,Yes,12606.03,From RDC,"Lamivudine 150mg, tablets, 60 Tabs",68.51,17820,41520.6,PMO - US,Hetero Unit III Hyderabad IN,Lamivudine,2.33,N/A - From RDC,SO-40130,FPQ-7659,05-03-11,ARV,104-CI-T30,27-Sep-11,Air,Adult,60,0.04,SCMS from RDC,N/A - From RDC,955
27833,ASN-20042,Generic,Vietnam,13-Jul-13,13-Jul-13,600/300/300mg,Tablet - FDC,Yes,18700.09,Direct Drop,"Efavirenz/Lamivudine/Tenofovir Disoproxil Fumarate 600/300/300mg, tablets, 30 Tabs",606.89,42699,490611.51,PMO - US,Mylan (formerly Matrix) Nashik,Efavirenz/Lamivudine/Tenofovir Disoproxil Fumarate,11.49,2/13/13,SCMS-177630,FPQ-11560,02-07-13,ARV,108-VN-T30,13-Jul-13,Air,Adult,30,0.38,MYLAN LABORATORIES LTD (FORMERLY MATRIX LABORATORIES),EXW,4806
84360,DN-3648,Generic,Zambia,19-May-14,12-Jun-14,300/300mg,Tablet - FDC,Yes,19564.23,From RDC,"Lamivudine/Tenofovir Disoproxil Fumarate 300/300mg, tablets, 30 Tabs",133.08,27900,129456.0,PMO - US,Ranbaxy per Shasun Pharma Ltd,Lamivudine/Tenofovir Disoproxil Fumarate,4.64,N/A - From RDC,SO-47201,FPQ-13221,10/31/13,ARV,110-ZM-T30,06-May-14,Truck,Adult,30,0.15,SCMS from RDC,N/A - From RDC,17018
31909,ASN-24571,Generic,Vietnam,22-Apr-14,22-Apr-14,600/300/300mg,Tablet - FDC,Yes,8036.88,Direct Drop,"Efavirenz/Lamivudine/Tenofovir Disoproxil Fumarate 600/300/300mg, tablets, 30 Tabs",276.03,21252,223146.0,PMO - US,Hetero Unit III Hyderabad IN,Efavirenz/Lamivudine/Tenofovir Disoproxil Fumarate,10.5,10-10-13,SCMS-210150,FPQ-13034,10-04-13,ARV,108-VN-T30,22-Apr-14,Air,Adult,30,0.35,HETERO LABS LIMITED,EXW,2982
85839,DN-2593,Generic,Tanzania,11-Apr-12,11-Apr-12,30/60mg,Tablet - FDC,Yes,3279.25,From RDC,"Lamivudine/Zidovudine 30/60mg, tablets, 60 Tabs",168.01,34054,101821.46,PMO - US,Mylan (formerly Matrix) Nashik,Lamivudine/Zidovudine,2.99,N/A - From RDC,SO-40502,FPQ-8303,8/22/11,ARV,109-TZ-T30,30-Apr-12,Truck,Pediatric,60,0.05,SCMS from RDC,N/A - From RDC,1309
84793,DN-3015,Generic,Haiti,14-Mar-13,14-Mar-13,150mg,Tablet,No,See DN-3015 (ID#:82554),From RDC,"Lamivudine 150mg, tablets, 60 Tabs",4.87,1980,3940.2,PMO - US,Hetero Unit III Hyderabad IN,Lamivudine,1.99,N/A - From RDC,SO-44400,FPQ-11281,1/16/13,ARV,106-HT-T30,09-Apr-13,Air,Adult,60,0.03,SCMS from RDC,N/A - From RDC,See DN-3015 (ID#:82554)
85752,DN-2171,Generic,Nigeria,10-May-11,10-May-11,200mg,Tablet,Yes,12601.07,From RDC,"Nevirapine 200mg, tablets, 60 Tabs",536.56,129557,325188.07,PMO - US,"Aurobindo Unit III, India",Nevirapine,2.51,N/A - From RDC,SO-39210,FPQ-6800,12-07-10,ARV,151-NG-T30,21-Jun-11,Air Charter,Adult,60,0.04,SCMS from RDC,N/A - From RDC,14710
85956,DN-3101,Generic,Tanzania,14-May-13,14-May-13,600/200/300mg,Tablet - FDC,No,See DN-3101 (ID#:83672),From RDC,"Efavirenz/Emtricitabine/Tenofovir Disoproxil Fumarate 600/200/300mg, tablets, 30 Tabs",321.99,19014,260301.66,PMO - US,Mylan (formerly Matrix) Nashik,Efavirenz/Emtricitabine/Tenofovir Disoproxil Fumarate,13.69,N/A - From RDC,SO-44381,FPQ-11393,12/30/12,ARV,109-TZ-T30,31-May-13,Truck,Adult,30,0.46,SCMS from RDC,N/A - From RDC,See DN-3101 (ID#:83672)
12130,DN-475,Generic,Nigeria,03-Dec-07,03-Dec-07,150/200/40mg,Tablet - FDC,No,See DN-475 (ID#:10642),From RDC,"Lamivudine/Nevirapine/Stavudine 150/200/40mg, tablets, 60 Tabs",14.66,1190,9163.0,PMO - US,"Cipla, Goa, India",Lamivudine/Nevirapine/Stavudine,7.7,N/A - From RDC,SO-567,Pre-PQ Process,Pre-PQ Process,ARV,112-NG-T01,03-Dec-07,Air,Adult,60,0.13,SCMS from RDC,N/A - From RDC,See DN-475 (ID#:10642)
78120,ASN-12079,Generic,Vietnam,19-Oct-11,19-Oct-11,200mg,Tablet,Yes,6015.18,Direct Drop,"Nevirapine 200mg, tablets, 60 Tabs",28.07,7000,17010.0,PMO - US,Hetero Unit III Hyderabad IN,Nevirapine,2.43,4/14/11,SCMS-105500,FPQ-7427,3/31/11,ARV,108-VN-T30,19-Oct-11,Air,Adult,60,0.04,HETERO LABS LIMITED,EXW,512
72695,ASN-10663,Generic,Rwanda,25-Apr-11,25-Apr-11,250mg,Delayed-release capsules,No,See ASN-10663 (ID#:32313),Direct Drop,"Didanosine 250mg, delayed-release capsules, 30 Caps",16.28,570,7552.5,PMO - US,"Aurobindo Unit III, India",Didanosine,13.25,9/27/10,SCMS-84400,FPQ-6185,09-03-10,ARV,107-RW-T30,25-Apr-11,Air,Adult,30,0.44,Aurobindo Pharma Limited,CIP,See ASN-10663 (ID#:32313)
29951,ASN-20242,Determine,Uganda,15-Jul-13,15-Jul-13,MIssing,Test kit - Ancillary,Yes,534.86,Direct Drop,"Capillary Tubes, for Determine, EDTA, 50uL,100 Pcs",17.09,1727,13816.0,PMO - US,"Alere Medical Co., Ltd.","HIV, Capillary Tubes, for Determine, EDTA, 50uL,100 Pcs",8.0,05-09-13,SCMS-188330,FPQ-12154,4/23/13,HRDT,114-UG-T30,15-Jul-13,Air,HIV test - Ancillary,100,0.08,"Orgenics, Ltd",EXW,130
85952,DN-3084,Generic,Zimbabwe,08-Apr-13,08-Apr-13,200mg,Tablet,No,See DN-3084 (ID#:83125),From RDC,"Nevirapine 200mg, tablets, 60 Tabs",241.86,86515,195523.9,PMO - US,Hetero Unit III Hyderabad IN,Nevirapine,2.26,N/A - From RDC,SO-43700,FPQ-11002,11/16/12,ARV,113-ZW-T30,30-Apr-13,Truck,Adult,60,0.04,SCMS from RDC,N/A - From RDC,See DN-3084 (ID#:83125)
65308,ASN-6620,Determine,Nigeria,15-May-10,15-May-10,MIssing,Test kit,Yes,14829.77,Direct Drop,"HIV 1/2, Determine Complete HIV Kit, 100 Tests",301.84,1750,140000.0,PMO - US,Inverness Japan,"HIV 1/2, Determine Complete HIV Kit",80.0,02-05-10,SCMS-64780,FPQ-4891,1/15/10,HRDT,133-NG-T30,05-May-10,Air,HIV test,100,0.8,"Orgenics, Ltd",EXW,842
81509,ASN-27328,Determine,South Sudan,03-Oct-14,12-Nov-14,MIssing,Test kit,No,See ASN-27328 (ID#:27829),Direct Drop,"HIV 1/2, Determine Complete HIV Kit, 100 Tests",32.02,350,31150.0,PMO - US,"Alere Medical Co., Ltd.","HIV 1/2, Determine Complete HIV Kit",89.0,6/30/14,SCMS-245250,FPQ-14470,6/17/14,HRDT,105-SS-T30,03-Oct-14,Air,HIV test,100,0.89,"Orgenics, Ltd",EXW,See ASN-27328 (ID#:27829)
8263,ASN-2267,Stat-Pak,Nigeria,20-Aug-08,20-Aug-08,MIssing,Test kit,Yes,12768.47,Direct Drop,"HIV 1/2, Stat-Pak HIV, Kit, 20 Tests",281.66,6520,176040.0,PMO - US,Chembio Diagnostics Sys. Inc.,"HIV 1/2, Stat-Pak HIV, Kit",27.0,1/29/08,SCMS-16890,Pre-PQ Process,Pre-PQ Process,HRDT,102-NG-T01,19-Sep-08,Air,HIV test,20,1.35,"CHEMBIO DIAGNOSTIC SYSTEMS, INC.",EXW,2224
86413,DN-2361,Generic,Guyana,28-Sep-11,28-Sep-11,100mg,Capsule,No,See DN-2361 (ID#:84673),From RDC,"Zidovudine 100mg, capsules, 100 Caps",3.32,423,2013.48,PMO - US,"Aurobindo Unit III, India",Zidovudine,4.76,N/A - From RDC,SO-40450,FPQ-8024,8/19/11,ARV,105-GY-T30,15-Dec-11,Air,Pediatric,100,0.05,SCMS from RDC,N/A - From RDC,See DN-2361 (ID#:84673)
29957,ASN-5373,Retrovir,South Africa,19-Oct-09,19-Oct-09,10mg/ml,Oral solution,No,Freight Included in Commodity Cost,Direct Drop,"Zidovudine 10mg/ml [Retrovir], oral solution, Bottle, 200 ml",7.63,500,3894.27,PMO - US,GSK Mississauga (Canada),Zidovudine,7.79,10/15/09,SCMS-54980,FPQ-4359,10-08-09,ARV,116-ZA-T30,19-Oct-09,Truck,Pediatric,200,0.04,S. BUYS WHOLESALER,DDP,Weight Captured Separately
72377,ASN-28820,Uni-Gold,Zambia,26-Mar-15,31-Mar-15,MIssing,Test kit,Yes,10203.1,Direct Drop,"HIV 1/2, Uni-Gold HIV Kit, 20 Tests",98.69,3000,96000.0,PMO - US,"Trinity Biotech, Plc","HIV 1/2, Uni-Gold HIV Kit",32.0,9/25/14,SCMS-256330,FPQ-14827,8/19/14,HRDT,110-ZM-T30,26-Mar-15,Air,HIV test,20,1.6,"Trinity Biotech, Plc",EXW,909
11224,DN-569,Generic,CÃte dIvoire,29-Jan-08,29-Jan-08,150/300mg,Tablet - FDC,Yes,30167,From RDC,"Lamivudine/Zidovudine 150/300mg, tablets, 60 Tabs",449.81,29593,281133.5,PMO - US,"Aurobindo Unit III, India",Lamivudine/Zidovudine,9.5,N/A - From RDC,SO-1104,Pre-PQ Process,Pre-PQ Process,ARV,104-CI-T01,29-Jan-08,Air,Adult,60,0.16,SCMS from RDC,N/A - From RDC,10877
58398,ASN-12093,Bioline,Tanzania,29-Sep-11,29-Sep-11,MIssing,Test kit,Yes,17773.94,Direct Drop,"HIV 1/2, Bioline 3.0 Kit, Lancets, Capillary pipets, Alcohol swabs included, 25 Tests",264,8000,160000.0,PMO - US,"Standard Diagnostics, Korea","HIV 1/2, Bioline 3.0 Kit, Lancets, Capillary pipets, Alcohol swabs included",20.0,7/18/11,SCMS-114980,FPQ-7909,6/24/11,HRDT,109-TZ-T30,29-Sep-11,Air,HIV test,25,0.8,"Standard Diagnostics, Inc.",EXW,2667
21839,ASN-28034,Generic,South Africa,29-Aug-14,29-Aug-14,400mg,Delayed-release capsules,No,Freight Included in Commodity Cost,Direct Drop,"Didanosine 400mg, delayed-release capsules, 30 Caps",0.54,20,434.11,PMO - US,"Aurobindo Unit III, India",Didanosine,21.71,8/29/14,SCMS-199289,FPQ-12522,07-11-13,ARV,116-ZA-T30,29-Aug-14,Truck,Adult,30,0.72,S. BUYS WHOLESALER,DDP,Weight Captured Separately
5645,ASN-1608,Determine,Botswana,04-Jun-08,04-Jun-08,MIssing,Test kit,Yes,1028.18,Direct Drop,"HIV 1/2, Determine HIV Kit, without Lancets, 100 Tests",23.04,200,14398.0,PMO - US,Inverness Japan,"HIV 1/2, Determine HIV Kit, without Lancets",71.99,03-11-08,SCMS-18730,Pre-PQ Process,Pre-PQ Process,HRDT,102-BW-T01,23-Jun-08,Air,HIV test,100,0.72,"Orgenics, Ltd",EXW,46
70368,ASN-28021,Generic,South Africa,28-Aug-14,28-Aug-14,200mg,Capsule,No,Freight Included in Commodity Cost,Direct Drop,"Efavirenz 200mg, capsule, 90 Caps",1.41,58,1368.05,PMO - US,"Aurobindo Unit III, India",Efavirenz,23.59,8/28/14,SCMS-238553,FPQ-13973,4/30/14,ARV,116-ZA-T30,28-Aug-14,Truck,Pediatric,90,0.26,PHARMACY DIRECT,DDP,Weight Captured Separately
56996,ASN-6753,Determine,Zimbabwe,31-May-10,31-May-10,MIssing,Test kit,Yes,21170.3,Direct Drop,"HIV 1/2, Determine Complete HIV Kit, 100 Tests",380.32,2450,176400.0,PMO - US,Inverness Japan,"HIV 1/2, Determine Complete HIV Kit",72.0,2/17/10,SCMS-65350,FPQ-5018,02-02-10,HRDT,100-ZW-T30,20-May-10,Air,HIV test,100,0.72,"Orgenics, Ltd",EXW,1183
11340,DN-1343,Generic,Nigeria,04-Aug-09,04-Aug-09,150/300/200mg,Tablet - FDC,Yes,7445.8,From RDC,"Lamivudine/Nevirapine/Zidovudine 150/200/300mg, tablets, 60 Tabs",593.23,26550,302670.0,PMO - US,"Aurobindo Unit III, India",Lamivudine/Nevirapine/Zidovudine,11.4,N/A - From RDC,SO-32641,Pre-PQ Process,Date Not Captured,ARV,151-NG-T01,04-Aug-09,Air Charter,Adult,60,0.19,SCMS from RDC,N/A - From RDC,2991
83962,DN-1524,Generic,CÃte dIvoire,02-Dec-09,02-Dec-09,200mg,Chewable/dispersible tablet,Yes,1211.48,From RDC,"Didanosine 200mg, chewable/dispersible tablets, 60 Tabs",55.69,1833,28411.5,PMO - US,"Aurobindo Unit III, India",Didanosine,15.5,N/A - From RDC,SO-33170,FPQ-3964,7/24/09,ARV,104-CI-T30,01-Dec-09,Air,Pediatric,60,0.26,SCMS from RDC,N/A - From RDC,378
28691,ASN-27979,Aluvia,South Africa,27-Aug-14,27-Aug-14,200/50mg,Tablet,No,Freight Included in Commodity Cost,Direct Drop,"Lopinavir/Ritonavir 200/50mg [Aluvia], tablets, 120 Tabs",0.99,31,798.55,PMO - US,ABBVIE Ludwigshafen Germany,Lopinavir/Ritonavir,25.76,8/27/14,SCMS-199283,FPQ-12522,07-11-13,ARV,116-ZA-T30,27-Aug-14,Truck,Adult,120,0.21,S. BUYS WHOLESALER,DDP,Weight Captured Separately
12598,DN-1329,Generic,Zambia,04-Sep-09,04-Sep-09,150/200/30mg,Tablet - FDC,Yes,2448.71,From RDC,"Lamivudine/Nevirapine/Stavudine 150/200/30mg, tablets, 60 Tabs",488.43,35000,249200.0,PMO - US,"Strides, Bangalore, India.",Lamivudine/Nevirapine/Stavudine,7.12,N/A - From RDC,SO-32510,Pre-PQ Process,Date Not Captured,ARV,110-ZM-T01,04-Sep-09,Truck,Adult,60,0.12,SCMS from RDC,N/A - From RDC,2604
10625,DN-373,Generic,Nigeria,20-Sep-07,20-Sep-07,150/200/40mg,Tablet - FDC,No,See DN-373 (ID#:10623),From RDC,"Lamivudine/Nevirapine/Stavudine 150/200/40mg, tablets, 60 Tabs",13.95,1132,8716.4,PMO - US,"Cipla, Goa, India",Lamivudine/Nevirapine/Stavudine,7.7,N/A - From RDC,SO-565,Pre-PQ Process,Pre-PQ Process,ARV,112-NG-T01,20-Sep-07,Air,Adult,60,0.13,SCMS from RDC,N/A - From RDC,See DN-373 (ID#:10623)
4457,ASN-2275,Generic,Vietnam,19-Sep-08,19-Sep-08,200mg,Tablet,Yes,5881.57,Direct Drop,"Nevirapine 200mg, tablets, 60 Tabs",11.2,2180,6997.8,PMO - US,"Aurobindo Unit III, India",Nevirapine,3.21,5/13/08,SCMS-23320,Pre-PQ Process,Pre-PQ Process,ARV,108-VN-T01,19-Sep-08,Air,Adult,60,0.05,Aurobindo Pharma Limited,EXW,242
58958,ASN-17229,Kaletra,Tanzania,16-Jan-13,16-Jan-13,80/20mg/ml,Oral solution,Yes,1818.56,Direct Drop,"Lopinavir/Ritonavir 80/20mg/ml [Kaletra], oral solution, cool, Bottle 5 x 60 ml",2.94,68,2095.76,PMO - US,ABBVIE (Abbott) Logis. UK,Lopinavir/Ritonavir,30.82,09-12-12,SCMS-159620,FPQ-10546,8/24/12,ARV,109-TZ-T30,16-Jan-13,Air,Pediatric,300,0.1,ABBVIE LOGISTICS (FORMERLY ABBOTT LOGISTICS BV),FCA,116
2506,ASN-4206,Aluvia,Nigeria,14-Jul-09,14-Jul-09,200/50mg,Tablet,Yes,3777.93,Direct Drop,"Lopinavir/Ritonavir 200/50mg [Aluvia], tablets, 120 Tabs",164.33,2040,83844.0,PMO - US,ABBVIE Ludwigshafen Germany,Lopinavir/Ritonavir,41.1,04-07-09,SCMS-36892,Pre-PQ Process,Pre-PQ Process,ARV,123-NG-T01,14-Jul-09,Air,Adult,120,0.34,ABBVIE LOGISTICS (FORMERLY ABBOTT LOGISTICS BV),FCA,309
10736,DN-1081,Generic,Nigeria,16-Feb-09,16-Feb-09,150/300mg,Tablet - FDC,Yes,3680.33,From RDC,"Lamivudine/Zidovudine 150/300mg, tablets, 60 Tabs",20.45,1116,10434.6,PMO - US,"Aurobindo Unit III, India",Lamivudine/Zidovudine,9.35,N/A - From RDC,SO-22530,Pre-PQ Process,Pre-PQ Process,ARV,112-NG-T01,16-Feb-09,Air,Adult,60,0.16,SCMS from RDC,N/A - From RDC,102
10892,DN-399,Trizivir,Mozambique,22-Nov-07,22-Nov-07,300/150/300mg,Tablet - FDC,Yes,549.44,From RDC,"Abacavir/Lamivudine/Zidovudine 300/150/300mg [Trizivir], tablets, 60 Tabs",91.95,821,57470.0,PMO - US,GSK Ware (UK),Abacavir/Lamivudine/Zidovudine,70.0,N/A - From RDC,SO-821,Pre-PQ Process,Pre-PQ Process,ARV,111-MZ-T01,22-Nov-07,Air,Adult,60,1.17,SCMS from RDC,N/A - From RDC,186
83377,DN-1514,Generic,CÃte dIvoire,13-Nov-09,13-Nov-09,150/300/200mg,Tablet - FDC,Yes,7100.04,From RDC,"Lamivudine/Nevirapine/Zidovudine 150/200/300mg, tablets, 60 Tabs",951.02,42750,485212.5,PMO - US,"Aurobindo Unit III, India",Lamivudine/Nevirapine/Zidovudine,11.35,N/A - From RDC,SO-34510,FPQ-3964,7/24/09,ARV,104-CI-T30,26-Nov-09,Air,Adult,60,0.19,SCMS from RDC,N/A - From RDC,4814
83909,DN-4249,Generic,Uganda,15-May-15,17-May-15,150/300mg,Tablet - FDC,Yes,4112.56,From RDC,"Lamivudine/Zidovudine 150/300mg, tablets, 60 Tabs",350.48,45671,297774.92,PMO - US,Hetero Unit III Hyderabad IN,Lamivudine/Zidovudine,6.52,N/A - From RDC,SO-50671,FPQ-15639,12/22/14,ARV,114-UG-T30,30-Apr-15,Truck,Adult,60,0.11,SCMS from RDC,N/A - From RDC,4055
3896,ASN-4836,Retrovir,South Africa,28-Jul-09,28-Jul-09,300mg,Tablet,No,Freight Included in Commodity Cost,Direct Drop,"Zidovudine 300mg [Retrovir], tablets, 60 Tabs",6.15,200,3136.0,PMO - US,GSK Ware (UK),Zidovudine,15.68,06-05-09,SCMS-47051,Pre-PQ Process,Pre-PQ Process,ARV,116-ZA-T01,12-Oct-09,Truck,Adult,60,0.26,S. BUYS WHOLESALER,DDP,Weight Captured Separately
11751,DN-258,Generic,Mozambique,15-Aug-07,15-Aug-07,20mg/ml,Oral solution,No,See DN-258 (ID#:11425),From RDC,"Abacavir 20mg/ml, oral solution, Bottle, 240 ml",44.93,1306,28079.0,PMO - US,"Aurobindo Unit III, India",Abacavir,21.5,N/A - From RDC,SO-499,Pre-PQ Process,Pre-PQ Process,ARV,111-MZ-T01,15-Aug-07,Air,Pediatric,240,0.09,SCMS from RDC,N/A - From RDC,See DN-258 (ID#:11425)
85105,DN-1781,Generic,Nigeria,18-May-10,18-May-10,600mg,Tablet,Yes,9736.1,From RDC,"Efavirenz 600mg, tablets, 30 Tabs",1.93,188,893.0,PMO - US,"Aurobindo Unit III, India",Efavirenz,4.75,N/A - From RDC,SO-34915,FPQ-4537,11-06-09,ARV,151-NG-T30,31-May-10,Air Charter,Adult,30,0.16,SCMS from RDC,N/A - From RDC,17
86602,DN-3324,Generic,Nigeria,12-Sep-13,12-Sep-13,150/300/200mg,Tablet - FDC,No,See DN-3324 (ID#:84854),From RDC,"Lamivudine/Nevirapine/Zidovudine 150/200/300mg, tablets, 60 Tabs",79.13,7456,63972.48,PMO - US,Mylan (formerly Matrix) Nashik,Lamivudine/Nevirapine/Zidovudine,8.58,N/A - From RDC,SO-44931,FPQ-11864,3/14/13,ARV,151-NG-T30,18-Sep-13,Air Charter,Adult,60,0.14,SCMS from RDC,N/A - From RDC,See DN-3324 (ID#:84854)
63274,ASN-7510,Generic,Vietnam,09-Aug-10,09-Aug-10,300mg,Tablet,No,See ASN-7510 (ID#:35983),Direct Drop,"Abacavir 300mg, tablets, 60 Tabs",8.53,249,3956.61,PMO - US,Mylan (formerly Matrix) Nashik,Abacavir,15.89,3/29/10,SCMS-69710,FPQ-5317,3/22/10,ARV,108-VN-T30,09-Aug-10,Air,Adult,60,0.26,MYLAN LABORATORIES LTD (FORMERLY MATRIX LABORATORIES),EXW,See ASN-7510 (ID#:35983)
23267,ASN-28037,Generic,South Africa,29-Aug-14,29-Aug-14,50mg,Capsule,No,Freight Included in Commodity Cost,Direct Drop,"Efavirenz 50mg, capsule, 30 Caps",0.38,92,305.1,PMO - US,"Aurobindo Unit III, India",Efavirenz,3.32,8/29/14,SCMS-199289,FPQ-12522,07-11-13,ARV,116-ZA-T30,29-Aug-14,Truck,Pediatric,30,0.11,S. BUYS WHOLESALER,DDP,Weight Captured Separately
82678,DN-3711,Generic,CÃte dIvoire,16-Jun-14,10-Jul-14,200mg,Tablet,Yes,3132.77,From RDC,"Efavirenz 200mg, scored tablets, 90 Tabs",67.18,5840,54312.0,PMO - US,"Strides, Bangalore, India.",Efavirenz,9.3,N/A - From RDC,SO-45640,FPQ-12144,4/22/13,ARV,104-CI-T30,04-Jun-14,Truck,Pediatric,90,0.1,SCMS from RDC,N/A - From RDC,347
9628,ASN-1503,Determine,Guyana,09-Apr-08,09-Apr-08,MIssing,Test kit,Yes,1442.92,Direct Drop,"HIV 1/2, Determine HIV Kit, without Lancets, 100 Tests",27.64,240,17277.6,PMO - US,Inverness Japan,"HIV 1/2, Determine HIV Kit, without Lancets",71.99,2/28/08,SCMS-18480,Pre-PQ Process,Pre-PQ Process,HRDT,102-GY-T01,09-Apr-08,Air,HIV test,100,0.72,"Orgenics, Ltd",EXW,55
25760,ASN-8081,Generic,Vietnam,21-Sep-10,21-Sep-10,200mg,Tablet,Yes,4035.45,Direct Drop,"Nevirapine 200mg, tablets, 60 Tabs",6.83,1247,3167.38,PMO - US,"Strides, Bangalore, India.",Nevirapine,2.54,07-01-10,SCMS-77430,FPQ-5899,6/23/10,ARV,108-VN-T30,21-Sep-10,Air,Adult,60,0.04,STRIDES ARCOLAB LIMITED,EXW,71
14195,ASN-11115,Generic,Benin,12-Jul-11,12-Jul-11,600/300/300mg,Tablet - FDC,Yes,5864.56,Direct Drop,"Efavirenz/Lamivudine/Tenofovir Disoproxil Fumarate 600/300/300mg, tablets, 30 Tabs",28.94,1244,17540.4,PMO - US,Mylan (formerly Matrix) Nashik,Efavirenz/Lamivudine/Tenofovir Disoproxil Fumarate,14.1,5/27/11,SCMS-109830,FPQ-7660,5/16/11,ARV,100-BJ-T30,12-Jul-11,Air,Adult,30,0.47,MYLAN LABORATORIES LTD (FORMERLY MATRIX LABORATORIES),EXW,175
18923,ASN-8079,Generic,Tanzania,01-Dec-10,01-Dec-10,150mg,Capsule,Yes,1013.19,Direct Drop,"Atazanavir 150mg, capsules, 60 Caps",23.96,426,11114.34,PMO - US,"Emcure Plot No.P-2, I.T-B.T. Park, Phase II, MIDC, Hinjwadi, Pune, India",Atazanavir,26.09,4/23/10,SCMS-71450,FPQ-5437,4/15/10,ARV,109-TZ-T30,01-Dec-10,Air,Pediatric,60,0.43,EMCURE PHARMACEUTICALS LTD,EXW,45
85942,DN-3034,Generic,Uganda,01-Mar-13,01-Mar-13,200mg,Tablet,No,See DN-3034 (ID#:84791),From RDC,"Efavirenz 200mg, scored tablets, 90 Tabs",2.32,257,1876.1,PMO - US,"Strides, Bangalore, India.",Efavirenz,7.3,N/A - From RDC,SO-43940,FPQ-11143,12/13/12,ARV,114-UG-T30,29-Mar-13,Air,Pediatric,90,0.08,SCMS from RDC,N/A - From RDC,See DN-3034 (ID#:84791)
85742,DN-2127,Generic,Zimbabwe,17-Mar-11,17-Mar-11,600mg,Tablet,No,See DN-2127 (ID#:82371),From RDC,"Efavirenz 600mg, tablets, 30 Tabs",59.81,6392,27741.28,PMO - US,Mylan (formerly Matrix) Nashik,Efavirenz,4.34,N/A - From RDC,SO-37830,FPQ-6470,10/13/10,ARV,113-ZW-T30,31-Mar-11,Truck,Adult,30,0.14,SCMS from RDC,N/A - From RDC,See DN-2127 (ID#:82371)
53002,ASN-15275,Generic,Rwanda,29-Jun-12,29-Jun-12,400mg,Delayed-release capsules,Yes,4822.01,Direct Drop,"Didanosine 400mg, delayed-release capsules, 30 Caps",41.13,1467,29340.0,PMO - US,"Aurobindo Unit III, India",Didanosine,20.0,06-01-12,SCMS-147040,FPQ-9910,5/16/12,ARV,107-RW-T30,29-Jun-12,Air,Adult,30,0.67,Aurobindo Pharma Limited,EXW,114
49076,ASN-19860,Generic,Vietnam,05-Jul-13,05-Jul-13,150/300/200mg,Tablet - FDC,Yes,7312.6,Direct Drop,"Lamivudine/Nevirapine/Zidovudine 150/200/300mg, tablets, 60 Tabs",396.53,39045,320559.45,PMO - US,Hetero Unit III Hyderabad IN,Lamivudine/Nevirapine/Zidovudine,8.21,02-06-13,SCMS-176270,FPQ-11418,1/29/13,ARV,108-VN-T30,05-Jul-13,Air,Adult,60,0.14,HETERO LABS LIMITED,EXW,5092
25982,ASN-8853,Bioline,Sudan,01-Dec-10,01-Dec-10,MIssing,Test kit,Yes,1629.85,Direct Drop,"HIV 1/2, Bioline 3.0 Kit, Lancets, Capillary pipets, Alcohol swabs included, 25 Tests",0.69,16,320.0,PMO - US,"Standard Diagnostics, Korea","HIV 1/2, Bioline 3.0 Kit, Lancets, Capillary pipets, Alcohol swabs included",20.0,8/23/10,SCMS-81730,FPQ-6171,08-05-10,HRDT,102-SD-T30,01-Dec-10,Air,HIV test,25,0.8,"Standard Diagnostics, Inc.",EXW,139
82292,DN-1628,Generic,Mozambique,14-Apr-10,14-Apr-10,150mg,Tablet,No,See DN-1628 (ID#:82291),From RDC,"Lamivudine 150mg, tablets, 60 Tabs",9.27,1939,4731.16,PMO - US,"Aurobindo Unit III, India",Lamivudine,2.44,N/A - From RDC,SO-33590,FPQ-4471,9/14/09,ARV,111-MZ-T30,14-Apr-10,Air,Adult,60,0.04,SCMS from RDC,N/A - From RDC,See DN-1628 (ID#:82291)
85852,DN-2612,Generic,CÃte dIvoire,19-Apr-12,19-Apr-12,150/300mg,Tablet - FDC,No,See DN-2612 (ID#:84157),From RDC,"Lamivudine/Zidovudine 150/300mg, tablets, 60 Tabs",0.07,5,41.3,PMO - US,Mylan (formerly Matrix) Nashik,Lamivudine/Zidovudine,8.26,N/A - From RDC,SO-40830,FPQ-8363,8/29/11,ARV,104-CI-T30,27-Apr-12,Truck,Adult,60,0.14,SCMS from RDC,N/A - From RDC,See DN-2612 (ID#:84157)
82755,DN-4012,Generic,Rwanda,14-Jan-15,19-Jan-15,300/300mg,Tablet - FDC,Yes,26620.36,From RDC,"Lamivudine/Tenofovir Disoproxil Fumarate 300/300mg, tablets, 30 Tabs",350.43,73467,340886.88,PMO - US,Hetero Unit III Hyderabad IN,Lamivudine/Tenofovir Disoproxil Fumarate,4.64,N/A - From RDC,SO-48790,FPQ-14111,4/22/14,ARV,107-RW-T30,16-Feb-15,Truck,Adult,30,0.15,SCMS from RDC,N/A - From RDC,17317
85029,DN-4255,Generic,CÃte dIvoire,08-Jun-15,19-Jun-15,600/300/300mg,Tablet - FDC,No,See DN-4255 (ID#:83911),From RDC,"Efavirenz/Lamivudine/Tenofovir Disoproxil Fumarate 600/300/300mg, tablets, 30 Tabs",1129.92,100000,960000.0,PMO - US,Hetero Unit III Hyderabad IN,Efavirenz/Lamivudine/Tenofovir Disoproxil Fumarate,9.6,N/A - From RDC,SO-50100,FPQ-15259,10/24/14,ARV,104-CI-T30,19-Jun-15,Truck,Adult,30,0.32,SCMS from RDC,N/A - From RDC,See DN-4255 (ID#:83911)
59743,ASN-15308,Uni-Gold,Malawi,13-Jul-12,13-Jul-12,MIssing,Test kit,Yes,3133.86,Direct Drop,"HIV 1/2, Uni-Gold HIV Kit, 20 Tests",11.04,246,7872.0,PMO - US,"Trinity Biotech, Plc","HIV 1/2, Uni-Gold HIV Kit",32.0,4/24/12,SCMS-144170,FPQ-9568,04-11-12,HRDT,102-MW-T30,13-Jul-12,Air,HIV test,20,1.6,"Trinity Biotech, Plc",EXW,86
16044,ASN-13540,Stat-Pak,CÃte dIvoire,06-Feb-12,06-Feb-12,MIssing,Test kit,Yes,4420.31,Direct Drop,"HIV 1/2, Stat-Pak HIV, Kit, 20 Tests",54.02,1129,32741.0,PMO - US,Chembio Diagnostics Sys. Inc.,"HIV 1/2, Stat-Pak HIV, Kit",29.0,10-05-11,SCMS-124140,FPQ-8210,08-11-11,HRDT,104-CI-T30,06-Feb-12,Air,HIV test,20,1.45,"CHEMBIO DIAGNOSTIC SYSTEMS, INC.",EXW,328
84408,DN-3876,Generic,Zambia,23-Sep-14,06-Oct-14,300/300mg,Tablet - FDC,Yes,1335.02,From RDC,"Lamivudine/Tenofovir Disoproxil Fumarate 300/300mg, tablets, 30 Tabs",66.9,14055,65074.65,PMO - US,"Cipla, Kurkumbh, India",Lamivudine/Tenofovir Disoproxil Fumarate,4.63,N/A - From RDC,SO-47206,FPQ-13221,10/31/13,ARV,110-ZM-T30,29-Aug-14,Truck,Adult,30,0.15,SCMS from RDC,N/A - From RDC,1406
52629,ASN-8566,Determine,CÃte dIvoire,22-Nov-10,22-Nov-10,MIssing,Test kit,Yes,2319.8,Direct Drop,"HIV 1/2, Determine HIV Kit, without Lancets, 100 Tests",46.07,275,21367.5,PMO - US,Inverness Japan,"HIV 1/2, Determine HIV Kit, without Lancets",77.7,9/16/10,SCMS-85440,FPQ-6252,8/26/10,HRDT,104-CI-T30,22-Nov-10,Air,HIV test,100,0.78,"Orgenics, Ltd",EXW,64
65156,ASN-28279,Uni-Gold,"Congo, DRC",04-Nov-14,20-Nov-14,MIssing,Test kit,No,See ASN-28279 (ID#:13547),Direct Drop,"HIV 1/2, Uni-Gold HIV Kit, 20 Tests",2.4,73,2336.0,PMO - US,"Trinity Biotech, Plc","HIV 1/2, Uni-Gold HIV Kit",32.0,8/27/14,SCMS-253260,FPQ-14654,08-11-14,HRDT,101-CD-T30,04-Nov-14,Air,HIV test,20,1.6,"Trinity Biotech, Plc",EXW,See ASN-28279 (ID#:13547)
86365,DN-2077,Generic,Uganda,23-Dec-10,23-Dec-10,600mg,Tablet,No,See DN-2077 (ID#:82369),From RDC,"Efavirenz 600mg, tablets, 30 Tabs",19.02,2550,11526.0,PMO - US,"Emcure Plot No.P-2, I.T-B.T. Park, Phase II, MIDC, Hinjwadi, Pune, India",Efavirenz,4.52,N/A - From RDC,SO-37990,FPQ-6614,10/31/10,ARV,114-UG-T30,08-Feb-11,Air,Adult,30,0.15,SCMS from RDC,N/A - From RDC,See DN-2077 (ID#:82369)
2647,ASN-16,Genie,CÃte dIvoire,06-Sep-06,06-Sep-06,MIssing,Test kit,Yes,1845.74,Direct Drop,"#108853** HIV, Genie II HIV-1/HIV-2 Kit, 40 Tests",MIssing,100,7535.0,PMO - US,Bio-Rad Laboratories,"HIV, Genie II HIV-1/HIV-2 Kit",75.35,Date Not Captured,SCMS-28,Pre-PQ Process,Pre-PQ Process,HRDT,104-CI-T01,06-Sep-06,Air,HIV test,40,1.88,BIO-RAD LABORATORIES (FRANCE),EXW,107
12372,DN-246,Generic,Tanzania,13-Aug-07,13-Aug-07,300mg,Tablet,No,See DN-246 (ID#:11138),From RDC,"Abacavir 300mg, tablets, 60 Tabs",273.57,4776,170980.8,PMO - US,"Aurobindo Unit III, India",Abacavir,35.8,N/A - From RDC,SO-441,Pre-PQ Process,Pre-PQ Process,ARV,109-TZ-T01,13-Aug-07,Air,Adult,60,0.6,SCMS from RDC,N/A - From RDC,See DN-246 (ID#:11138)
23015,ASN-29929,Determine,Nigeria,16-Jan-15,22-Jan-15,MIssing,Test kit,Yes,31305.04,Direct Drop,"HIV 1/2, Determine Complete HIV Kit, 100 Tests",559.02,6110,543790.0,PMO - US,"Alere Medical Co., Ltd.","HIV 1/2, Determine Complete HIV Kit",89.0,10/29/14,SCMS-260700,FPQ-14995,9/22/14,HRDT,133-NG-T30,19-Jan-15,Air,HIV test,100,0.89,"Orgenics, Ltd",EXW,2474
11697,DN-1558,Generic,Ethiopia,26-Nov-09,26-Nov-09,200mg,Tablet,Yes,4702.02,From RDC,"Nevirapine 200mg, tablets, 60 Tabs",41.65,6661,19316.9,PMO - US,"Aurobindo Unit III, India",Nevirapine,2.9,N/A - From RDC,SO-34570,Pre-PQ Process,Date Not Captured,ARV,117-ET-T01,26-Nov-09,Air,Adult,60,0.05,SCMS from RDC,N/A - From RDC,778
83597,DN-2716,Generic,CÃte dIvoire,03-Jul-12,03-Jul-12,300/150/300mg,Tablet - FDC,Yes,2394.27,From RDC,"Abacavir/Lamivudine/Zidovudine 300/150/300mg, tablets, 60 Tabs",50.47,1200,36000.0,PMO - US,Mylan (formerly Matrix) Nashik,Abacavir/Lamivudine/Zidovudine,30.0,N/A - From RDC,SO-41182,FPQ-8790,11-11-11,ARV,104-CI-T30,16-Jul-12,Air,Adult,60,0.5,SCMS from RDC,N/A - From RDC,464
84080,DN-2178,Generic,Zimbabwe,20-May-11,20-May-11,125mg,Delayed-release capsules,Yes,3403.99,From RDC,"Didanosine 125mg, delayed-release capsules, 30 Caps",1.92,105,892.5,PMO - US,"Aurobindo Unit III, India",Didanosine,8.5,N/A - From RDC,SO-39270,FPQ-6483,10/13/10,ARV,200-ZW-T30,04-Apr-11,Truck,Pediatric,30,0.28,SCMS from RDC,N/A - From RDC,10
65478,ASN-24094,Bioline,CÃte dIvoire,11-Feb-14,11-Feb-14,MIssing,Test kit,Yes,13222.33,Direct Drop,"HIV 1/2, Bioline 3.0 Kit, Lancets, Capillary pipets, Alcohol swabs included, 25 Tests",77.97,3700,75850.0,PMO - US,"Standard Diagnostics, Korea","HIV 1/2, Bioline 3.0 Kit, Lancets, Capillary pipets, Alcohol swabs included",20.5,11/21/13,SCMS-215030,FPQ-13125,10/25/13,HRDT,104-CI-T30,11-Feb-14,Air,HIV test,25,0.82,"Standard Diagnostics, Inc.",EXW,1281
11133,DN-190,Generic,Nigeria,26-Jun-07,26-Jun-07,30mg,Capsule,No,See DN-190 (ID#:10570),From RDC,"Stavudine 30mg, capsules, 60 Caps",1.7,700,1064.0,PMO - US,"Strides, Bangalore, India.",Stavudine,1.52,N/A - From RDC,SO-663,Pre-PQ Process,Pre-PQ Process,ARV,112-NG-T01,26-Jun-07,MIssing,Adult,60,0.03,SCMS from RDC,N/A - From RDC,See DN-190 (ID#:10570)
50968,ASN-28037,Generic,South Africa,29-Aug-14,29-Aug-14,300mg,Tablet,No,Freight Included in Commodity Cost,Direct Drop,"Abacavir 300mg, tablets, 60 Tabs",8.57,91,6925.86,PMO - US,"Aurobindo Unit III, India",Abacavir,76.11,8/29/14,SCMS-199289,FPQ-12522,07-11-13,ARV,116-ZA-T30,29-Aug-14,Truck,Adult,60,1.27,S. BUYS WHOLESALER,DDP,Weight Captured Separately
86568,DN-3102,Generic,Mozambique,01-Aug-13,01-Aug-13,150/300/200mg,Tablet - FDC,No,See DN-3102 (ID#:82573),From RDC,"Lamivudine/Nevirapine/Zidovudine 150/200/300mg, tablets, 60 Tabs",1153.68,108700,932646.0,PMO - US,Mylan (formerly Matrix) Nashik,Lamivudine/Nevirapine/Zidovudine,8.58,N/A - From RDC,SO-43790,FPQ-11033,11-12-12,ARV,111-MZ-T30,01-Aug-13,Truck,Adult,60,0.14,SCMS from RDC,N/A - From RDC,See DN-3102 (ID#:82573)
86474,DN-2661,Generic,Zambia,18-Jun-12,18-Jun-12,600mg,Tablet,No,See DN-2661 (ID#:83037),From RDC,"Efavirenz 600mg, tablets, 30 Tabs",155.97,28452,111247.32,PMO - US,"Strides, Bangalore, India.",Efavirenz,3.91,N/A - From RDC,SO-41710,FPQ-9472,03-08-12,ARV,110-ZM-T30,26-Jul-12,Truck,Adult,30,0.13,SCMS from RDC,N/A - From RDC,See DN-2661 (ID#:83037)
82494,DN-2764,Generic,Nigeria,24-Jul-12,24-Jul-12,150/300mg,Tablet - FDC,Yes,16532.5,From RDC,"Lamivudine/Zidovudine 150/300mg, tablets, 60 Tabs",566.91,52378,404358.16,PMO - US,"Cipla, Goa, India",Lamivudine/Zidovudine,7.72,N/A - From RDC,SO-42644,FPQ-9432,03-01-12,ARV,151-NG-T30,02-Aug-12,Air Charter,Adult,60,0.13,SCMS from RDC,N/A - From RDC,7666
12195,DN-637,Generic,Tanzania,28-Mar-08,28-Mar-08,600mg,Tablet,Yes,20395.6,From RDC,"Efavirenz 600mg, tablets, 30 Tabs",337.82,17000,211140.0,PMO - US,"Aurobindo Unit III, India",Efavirenz,12.42,N/A - From RDC,SO-1652,Pre-PQ Process,Pre-PQ Process,ARV,109-TZ-T01,28-Mar-08,Air,Adult,30,0.41,SCMS from RDC,N/A - From RDC,6007
72976,ASN-13852,Determine,Tanzania,07-Mar-12,07-Mar-12,MIssing,Test kit,Yes,24000.91,Direct Drop,"HIV 1/2, Determine Complete HIV Kit, 100 Tests",323.47,2884,230720.0,PMO - US,"Alere Medical Co., Ltd.","HIV 1/2, Determine Complete HIV Kit",80.0,1/27/12,SCMS-135870,FPQ-9211,1/25/12,HRDT,109-TZ-T30,07-Mar-12,Air,HIV test,100,0.8,"Orgenics, Ltd",EXW,1374
82378,DN-2177,Generic,Zimbabwe,20-May-11,20-May-11,150/30mg,Tablet - FDC,Yes,3403.98,From RDC,"Lamivudine/Stavudine 150/30mg, tablets, 60 Tabs",19.7,2786,9138.08,PMO - US,"Cipla, Goa, India",Lamivudine/Stavudine,3.28,N/A - From RDC,SO-39260,FPQ-6470,10/13/10,ARV,113-ZW-T30,31-Mar-11,Truck,Adult,60,0.05,SCMS from RDC,N/A - From RDC,213
58774,ASN-11024,Generic,Vietnam,22-Jun-11,22-Jun-11,200mg,Tablet,No,See ASN-11024 (ID#:15149),Direct Drop,"Nevirapine 200mg, tablets, 60 Tabs",57.67,13444,34954.4,PMO - US,Mylan (formerly Matrix) Nashik,Nevirapine,2.6,2/15/11,SCMS-97850,FPQ-6818,1/17/11,ARV,108-VN-T30,22-Jun-11,Air,Adult,60,0.04,MYLAN LABORATORIES LTD (FORMERLY MATRIX LABORATORIES),EXW,See ASN-11024 (ID#:15149)
11678,DN-1397,Generic,Uganda,24-Aug-09,24-Aug-09,200mg,Tablet,Yes,4999.48,From RDC,"Nevirapine 200mg, tablets, 60 Tabs",25.94,4564,13235.6,PMO - US,"Aurobindo Unit III, India",Nevirapine,2.9,N/A - From RDC,SO-32920,Pre-PQ Process,Date Not Captured,ARV,114-UG-T01,24-Aug-09,Air,Adult,60,0.05,SCMS from RDC,N/A - From RDC,847
86421,DN-2424,Generic,Zambia,28-Nov-11,28-Nov-11,150/300mg,Tablet - FDC,Yes,9978.08,From RDC,"Lamivudine/Zidovudine 150/300mg, tablets, 60 Tabs",1158.46,85000,702100.0,PMO - US,"Aurobindo Unit VII, IN",Lamivudine/Zidovudine,8.26,N/A - From RDC,SO-40290,FPQ-8113,08-02-11,ARV,110-ZM-T30,27-Dec-11,Truck,Adult,60,0.14,SCMS from RDC,N/A - From RDC,8296
83686,DN-3172,Generic,Nigeria,10-May-13,10-May-13,600/300/300mg,Tablet - FDC,Yes,20666.07,From RDC,"Efavirenz/Lamivudine/Tenofovir Disoproxil Fumarate 600/300/300mg, tablets, 30 Tabs",1561.59,120000,1262400.0,PMO - US,Hetero Unit III Hyderabad IN,Efavirenz/Lamivudine/Tenofovir Disoproxil Fumarate,10.52,N/A - From RDC,SO-44262,FPQ-11022,11/15/12,ARV,151-NG-T30,28-May-13,Air Charter,Adult,30,0.35,SCMS from RDC,N/A - From RDC,17470
33179,ASN-31496,Determine,Uganda,05-May-15,05-May-15,MIssing,Test kit,Yes,20534.4,Direct Drop,"HIV 1/2, Determine Complete HIV Kit, 100 Tests",586.33,6227,498160.0,PMO - US,"Alere Medical Co., Ltd.","HIV 1/2, Determine Complete HIV Kit",80.0,12-04-14,SCMS-264750,FPQ-15314,11-11-14,HRDT,114-UG-T30,05-May-15,Air,HIV test,100,0.8,"Orgenics, Ltd",EXW,2527
11990,DN-1314,Generic,CÃte dIvoire,14-Jul-09,14-Jul-09,600mg,Tablet,Yes,6111.2,From RDC,"Efavirenz 600mg, tablets, 30 Tabs",508.86,26710,259621.2,PMO - US,"Emcure Plot No.P-2, I.T-B.T. Park, Phase II, MIDC, Hinjwadi, Pune, India",Efavirenz,9.72,N/A - From RDC,SO-27531,Pre-PQ Process,Date Not Captured,ARV,104-CI-T01,14-Jul-09,Air,Adult,30,0.32,SCMS from RDC,N/A - From RDC,1866
86544,DN-3000,Generic,Uganda,07-Mar-13,07-Mar-13,300/300mg,Tablet - FDC,No,See DN-3000 (ID#:82542),From RDC,"Lamivudine/Tenofovir Disoproxil Fumarate 300/300mg, tablets, 30 Tabs",91.85,13620,65512.2,PMO - US,Hetero Unit III Hyderabad IN,Lamivudine/Tenofovir Disoproxil Fumarate,4.81,N/A - From RDC,SO-43491,FPQ-10780,10-10-12,ARV,114-UG-T30,11-Feb-13,Air,Adult,30,0.16,SCMS from RDC,N/A - From RDC,See DN-3000 (ID#:82542)
12823,DN-1011,Generic,Nigeria,20-Nov-08,20-Nov-08,150/30mg,Tablet - FDC,Yes,1266.05,From RDC,"Lamivudine/Stavudine 150/30mg, tablets, 60 Tabs",8.81,1152,4492.8,PMO - US,Mylan (formerly Matrix) Nashik,Lamivudine/Stavudine,3.9,N/A - From RDC,SO-10660,Pre-PQ Process,Pre-PQ Process,ARV,130-NG-T01,20-Nov-08,Air,Adult,60,0.06,SCMS from RDC,N/A - From RDC,85
26082,ASN-9043,Generic,Rwanda,09-Dec-10,09-Dec-10,200mg,Tablet,Yes,14890.63,Direct Drop,"Nevirapine 200mg, tablets, 60 Tabs",356.71,62671,165451.44,PMO - US,Hetero Unit III Hyderabad IN,Nevirapine,2.64,9/17/10,SCMS-84440,FPQ-6185,09-03-10,ARV,107-RW-T30,09-Dec-10,Air,Adult,60,0.04,HETERO LABS LIMITED,CIP,3666
84432,DN-4040,Generic,Rwanda,24-Dec-14,05-Jan-15,60/30mg,Chewable/dispersible tablet - FDC,No,See DN-4040 (ID#:82758),From RDC,"Abacavir/Lamivudine 60/30mg, dispersible tablets, 60 Tabs",16.94,3238,16481.42,PMO - US,"Cipla, Patalganga, India",Abacavir/Lamivudine,5.09,N/A - From RDC,SO-49951,FPQ-14811,10/15/14,ARV,107-RW-T30,14-Jan-15,Truck,Pediatric,60,0.08,SCMS from RDC,N/A - From RDC,See DN-4040 (ID#:82758)
82550,DN-3031,Generic,Zimbabwe,14-Mar-13,14-Mar-13,600/300/300mg,Tablet - FDC,Yes,9405.81,From RDC,"Efavirenz/Lamivudine/Tenofovir Disoproxil Fumarate 600/300/300mg, tablets, 30 Tabs",302,20160,244137.6,PMO - US,Mylan (formerly Matrix) Nashik,Efavirenz/Lamivudine/Tenofovir Disoproxil Fumarate,12.11,N/A - From RDC,SO-43540,FPQ-10895,10/25/12,ARV,113-ZW-T30,15-Mar-13,Truck,Adult,30,0.4,SCMS from RDC,N/A - From RDC,2268
28471,ASN-16928,Determine,Nigeria,09-Nov-12,09-Nov-12,MIssing,Test kit,Yes,31284.02,Direct Drop,"HIV 1/2, Determine Complete HIV Kit, 100 Tests",353.75,2835,252315.0,PMO - US,"Alere Medical Co., Ltd.","HIV 1/2, Determine Complete HIV Kit",89.0,8/13/12,SCMS-155320,FPQ-10349,7/17/12,HRDT,133-NG-T30,06-Nov-12,Air,HIV test,100,0.89,"Orgenics, Ltd",EXW,1352
71477,ASN-29372,Generic,Vietnam,17-Dec-14,17-Dec-14,600/300/300mg,Tablet - FDC,Yes,3789.5,Direct Drop,"Efavirenz/Lamivudine/Tenofovir Disoproxil Fumarate 600/300/300mg, tablets, 30 Tabs",170.98,15840,166320.0,PMO - US,Hetero Unit III Hyderabad IN,Efavirenz/Lamivudine/Tenofovir Disoproxil Fumarate,10.5,08-11-14,SCMS-249050,FPQ-14516,07-09-14,ARV,108-VN-T30,17-Dec-14,Air,Adult,30,0.35,HETERO LABS LIMITED,EXW,2517
82646,DN-3513,Generic,"Congo, DRC",26-Mar-14,28-Apr-14,60/30mg,Tablet - FDC,Yes,Invoiced Separately,From RDC,"Abacavir/Lamivudine 60/30mg, tablets, 60 Tabs",0.02,5,20.0,PMO - US,"Aurobindo Unit III, India",Abacavir/Lamivudine,4.0,N/A - From RDC,SO-45032,FPQ-12088,04-12-13,ARV,101-CD-T30,26-Mar-14,Air,Pediatric,60,0.07,SCMS from RDC,N/A - From RDC,Weight Captured Separately
20947,ASN-30671,Generic,South Africa,12-Feb-15,12-Feb-15,300mg,Tablet,No,Freight Included in Commodity Cost,Direct Drop,"Tenofovir Disoproxil Fumarate 300mg, tablets, 30 Tabs",1.92,135,1865.0,PMO - US,Mylan (formerly Matrix) Nashik,Tenofovir Disoproxil Fumarate,13.81,02-12-15,SCMS-259073,FPQ-14942,09-11-14,ARV,116-ZA-T30,12-Feb-15,Truck,Adult,30,0.46,PHARMACY DIRECT,DDP,Weight Captured Separately
71309,ASN-14984,Determine,South Sudan,15-Jun-12,15-Jun-12,MIssing,Test kit - Ancillary,No,See ASN-14984 (ID#:14988),Direct Drop,"Capillary Tubes, for Determine, EDTA, 50uL,100 Pcs",3.78,337,2696.0,PMO - US,"Alere Medical Co., Ltd.","HIV, Capillary Tubes, for Determine, EDTA, 50uL,100 Pcs",8.0,04-05-12,SCMS-137200,FPQ-9038,1/17/12,HRDT,102-SS-T30,15-Jun-12,Air,HIV test - Ancillary,100,0.08,"Orgenics, Ltd",EXW,See ASN-14984 (ID#:14988)
791,ASN-2717,Determine,Namibia,29-Oct-08,29-Oct-08,MIssing,Test kit,Yes,2698.04,Direct Drop,"HIV 1/2, Determine HIV Kit, without Lancets, 100 Tests",21.17,150,10798.5,PMO - US,Inverness Japan,"HIV 1/2, Determine HIV Kit, without Lancets",71.99,9/24/08,SCMS-31180,Pre-PQ Process,Pre-PQ Process,HRDT,119-NA-T01,29-Oct-08,Air,HIV test,100,0.72,"Orgenics, Ltd",EXW,46
9489,ASN-1172,Generic,Vietnam,25-Jan-08,25-Jan-08,300mg,Tablet,Yes,2127.22,Direct Drop,"Zidovudine 300mg, tablets, 60 Tabs",8.04,600,5028.0,PMO - US,"Ranbaxy, Paonta Shahib, India",Zidovudine,8.38,11/21/07,SCMS-14201,Pre-PQ Process,Pre-PQ Process,ARV,108-VN-T01,22-Jan-08,Air,Adult,60,0.14,SUN PHARMACEUTICAL INDUSTRIES LTD (RANBAXY LABORATORIES LIMITED),EXW,34
84284,DN-3297,Generic,Zambia,22-Oct-13,11-Nov-13,600/200/300mg,Tablet - FDC,Yes,4356.75,From RDC,"Efavirenz/Emtricitabine/Tenofovir Disoproxil Fumarate 600/200/300mg, tablets, 30 Tabs",277.62,16099,198017.7,PMO - US,Mylan (formerly Matrix) Nashik,Efavirenz/Emtricitabine/Tenofovir Disoproxil Fumarate,12.3,N/A - From RDC,SO-44772,FPQ-10728,10-05-12,ARV,110-ZM-T30,22-Oct-13,Truck,Adult,30,0.41,SCMS from RDC,N/A - From RDC,2004
83146,DN-3229,Generic,Tanzania,23-Sep-13,23-Sep-13,150/300/200mg,Tablet - FDC,Yes,44300.9,From RDC,"Lamivudine/Nevirapine/Zidovudine 150/200/300mg, tablets, 60 Tabs",782.11,73690,632260.2,PMO - US,"Cipla, Goa, India",Lamivudine/Nevirapine/Zidovudine,8.58,N/A - From RDC,SO-45730,FPQ-12278,5/16/13,ARV,109-TZ-T30,25-Sep-13,Truck,Adult,60,0.14,SCMS from RDC,N/A - From RDC,9886
83459,DN-2031,Generic,Uganda,26-Oct-10,26-Oct-10,150/200/30mg,Tablet - FDC,Yes,1413.56,From RDC,"Lamivudine/Nevirapine/Stavudine 150/200/30mg, tablets, 60 Tabs",14.74,1193,6835.89,PMO - US,"Cipla, Goa, India",Lamivudine/Nevirapine/Stavudine,5.73,N/A - From RDC,SO-37480,FPQ-6403,9/16/10,ARV,102-UG-T30,20-Oct-10,Air,Adult,60,0.1,SCMS from RDC,N/A - From RDC,144
47413,ASN-22712,Generic,Haiti,24-Jan-14,29-Jan-14,300/100mg,Tablet,Yes,7296.97,Direct Drop,"Atazanavir/Ritonavir 300/100mg, tablets, 30 Tabs",123.7,5000,100000.0,PMO - US,Mylan (formerly Matrix) Nashik,Atazanavir/Ritonavir,20.0,10/25/13,SCMS-210530,FPQ-12590,8/21/13,ARV,106-HT-T30,24-Jan-14,Air,Adult,30,0.67,MYLAN LABORATORIES LTD (FORMERLY MATRIX LABORATORIES),EXW,1189
11624,DN-1132,Truvada,Nigeria,24-Mar-09,24-Mar-09,300/200mg,Tablet - FDC,Yes,6443.61,From RDC,"Emtricitabine/Tenofovir Disoproxil Fumarate 200/300mg [Truvada], tablets, 30 Tabs",44.92,873,22916.25,PMO - US,"Aspen-OSD, Port Elizabeth, SA",Emtricitabine/Tenofovir Disoproxil Fumarate,26.25,N/A - From RDC,SO-21784,Pre-PQ Process,Pre-PQ Process,ARV,151-NG-T01,24-Mar-09,Air,Adult,30,0.88,SCMS from RDC,N/A - From RDC,76
64335,ASN-5953,Uni-Gold,Mozambique,23-Feb-10,23-Feb-10,MIssing,Test kit,No,See ASN-5953 (ID#:39606),Direct Drop,"HIV 1/2, Uni-Gold HIV Kit, 20 Tests",165.58,2400,76800.0,PMO - US,"Trinity Biotech, Plc","HIV 1/2, Uni-Gold HIV Kit",32.0,01-08-10,SCMS-62690,FPQ-4739,12-10-09,HRDT,111-MZ-T30,23-Feb-10,Air,HIV test,20,1.6,"Trinity Biotech, Plc",EXW,See ASN-5953 (ID#:39606)
61416,ASN-8387,Generic,South Africa,27-Oct-10,27-Oct-10,300mg,Tablet,Yes,3646.13,Direct Drop,"Tenofovir Disoproxil Fumarate 300mg, tablets, 30 Tabs",1091.48,64738,506251.16,PMO - US,"Cipla, Goa, India",Tenofovir Disoproxil Fumarate,7.82,3/19/10,SCMS-68750,FPQ-5303,3/18/10,ARV,161-ZA-T30,13-Oct-10,Air,Adult,30,0.26,CIPLA LIMITED,DDP,4457
15751,ASN-32231,Determine,"Congo, DRC",23-Jul-15,29-Jul-15,MIssing,Test kit,No,See ASN-32231 (ID#:13648),Direct Drop,"HIV 1/2, Determine Complete HIV Kit, 100 Tests",21.47,228,18240.0,PMO - US,"Alere Medical Co., Ltd.","HIV 1/2, Determine Complete HIV Kit",80.0,3/17/15,SCMS-280220,FPQ-16001,03-10-15,HRDT,101-CD-T30,23-Jul-15,Air,HIV test,100,0.8,"Orgenics, Ltd",EXW,See ASN-32231 (ID#:13648)
51641,ASN-24415,Ziagen,South Africa,06-Feb-14,06-Feb-14,20mg/ml,Oral solution,No,Freight Included in Commodity Cost,Direct Drop,"Abacavir 20mg/ml [Ziagen], oral solution, Bottle, 240 ml",0.18,6,144.28,PMO - US,GSK Mississauga (Canada),Abacavir,24.05,12-02-13,SCMS-215370,FPQ-13035,10-08-13,ARV,116-ZA-T30,06-Feb-14,Truck,Pediatric,240,0.1,S. BUYS WHOLESALER,DDP,Weight Captured Separately
41640,ASN-31765,Uni-Gold,South Sudan,25-Jul-15,29-Jul-15,MIssing,Test kit,Yes,1871.07,Direct Drop,"HIV 1/2, Uni-Gold HIV Kit, 20 Tests",16.95,450,14400.0,PMO - US,"Trinity Biotech, Plc","HIV 1/2, Uni-Gold HIV Kit",32.0,2/20/15,SCMS-272150,FPQ-15569,12/29/14,HRDT,105-SS-T30,25-Jul-15,Air,HIV test,20,1.6,"Trinity Biotech, Plc",EXW,164
35643,ASN-31603,Generic,Rwanda,04-May-15,05-May-15,300/100mg,Tablet,Yes,10743.33,Direct Drop,"Atazanavir/Ritonavir 300/100mg, tablets, 30 Tabs",255.78,13823,248814.0,PMO - US,"Emcure Plot No.P-2, I.T-B.T. Park, Phase II, MIDC, Hinjwadi, Pune, India",Atazanavir/Ritonavir,18.0,12/15/14,SCMS-261781,FPQ-14813,10-09-14,ARV,107-RW-T30,04-May-15,Air,Adult,30,0.6,EMCURE PHARMACEUTICALS LTD,EXW,1805
5676,ASN-1665,Epivir,South Africa,24-Apr-08,24-Apr-08,150mg,Tablet,No,Freight Included in Commodity Cost,Direct Drop,"Lamivudine 150mg [Epivir], tablets, 60 Tabs",26.16,3000,16350.0,PMO - US,GSK Cape Town Factory (South Africa),Lamivudine,5.45,2/20/08,SCMS-19800,Pre-PQ Process,Pre-PQ Process,ARV,116-ZA-T01,24-Apr-08,Truck,Adult,60,0.09,S. BUYS WHOLESALER,DDP,Weight Captured Separately
84739,DN-2793,Generic,Nigeria,14-Aug-12,14-Aug-12,200/300mg,Tablet - FDC,Yes,18461.22,From RDC,"Emtricitabine/Tenofovir Disoproxil Fumarate 200/300mg, tablets, 30 Tabs",415.33,41665,296238.15,PMO - US,"Aurobindo Unit III, India",Emtricitabine/Tenofovir Disoproxil Fumarate,7.11,N/A - From RDC,SO-42932,FPQ-9432,03-01-12,ARV,151-NG-T30,20-Aug-12,Air Charter,Adult,30,0.24,SCMS from RDC,N/A - From RDC,5110
12136,DN-495,Generic,Ethiopia,20-Dec-07,20-Dec-07,150mg,Tablet,No,See DN-495 (ID#:11824),From RDC,"Lamivudine 150mg, tablets, 60 Tabs",68.29,14040,42681.6,PMO - US,"Aurobindo Unit III, India",Lamivudine,3.04,N/A - From RDC,SO-1009,Pre-PQ Process,Pre-PQ Process,ARV,117-ET-T01,20-Dec-07,MIssing,Adult,60,0.05,SCMS from RDC,N/A - From RDC,See DN-495 (ID#:11824)
23159,ASN-7779,Norvir,Vietnam,06-Sep-10,06-Sep-10,100mg,Capsule,Yes,3981.97,Direct Drop,"Ritonavir 100mg [Norvir], capsules, cool, 4 x 84 Caps",15.88,24,7365.12,PMO - US,ABBVIE (Abbott) Logis. UK,Ritonavir,306.88,07-01-10,SCMS-77170,FPQ-5899,6/23/10,ARV,108-VN-T30,06-Sep-10,Air,Adult,336,0.91,ABBVIE LOGISTICS (FORMERLY ABBOTT LOGISTICS BV),FCA,60
82953,DN-2221,Generic,Nigeria,06-Jul-11,06-Jul-11,200mg,Capsule,Yes,13398.06,From RDC,"Efavirenz 200mg, capsule, 90 Caps",19.51,1220,11821.8,PMO - US,"Aurobindo Unit III, India",Efavirenz,9.69,N/A - From RDC,SO-39650,FPQ-7217,2/21/11,ARV,151-NG-T30,15-Jun-11,Air Charter,Pediatric,90,0.11,SCMS from RDC,N/A - From RDC,169
41232,ASN-27004,Generic,Haiti,25-Aug-14,28-Aug-14,200mg,Tablet,Yes,5586.53,Direct Drop,"Nevirapine 200mg, tablets, 60 Tabs",22.52,10050,21909.0,PMO - US,Hetero Unit III Hyderabad IN,Nevirapine,2.18,06-02-14,SCMS-240170,FPQ-14083,05-11-14,ARV,106-HT-T30,25-Aug-14,Air,Adult,60,0.04,HETERO LABS LIMITED,EXW,659
82693,DN-3885,Generic,"Congo, DRC",30-Sep-14,17-Nov-14,150/300/200mg,Tablet - FDC,Yes,12197.44,From RDC,"Lamivudine/Nevirapine/Zidovudine 150/200/300mg, tablets, 60 Tabs",62.36,7480,60662.8,PMO - US,Mylan (formerly Matrix) Nashik,Lamivudine/Nevirapine/Zidovudine,8.11,N/A - From RDC,SO-48852,FPQ-14252,05-07-14,ARV,101-CD-T30,22-Sep-14,Air,Adult,60,0.14,SCMS from RDC,N/A - From RDC,1278
34267,ASN-25469,Determine,Uganda,22-Apr-14,24-Apr-14,MIssing,Test kit,Yes,21346.47,Direct Drop,"HIV 1/2, Determine Complete HIV Kit, 100 Tests",451.17,5486,438880.0,PMO - US,"Alere Medical Co., Ltd.","HIV 1/2, Determine Complete HIV Kit",80.0,3/19/14,SCMS-231330,FPQ-13816,2/27/14,HRDT,114-UG-T30,22-Apr-14,Air,HIV test,100,0.8,"Orgenics, Ltd",EXW,2224
17124,ASN-6229,Invirase,CÃte dIvoire,05-Mar-10,05-Mar-10,500mg,Tablet,Yes,2527.94,Direct Drop,"Saquinavir 500mg [Invirase], tablets, 120 Tabs",322.93,1500,149780.99,PMO - US,Roche Basel,Saquinavir,99.85,11/23/09,SCMS-57730,FPQ-4530,11-05-09,ARV,104-CI-T30,05-Mar-10,Air,Adult,120,0.83,Hoffmann-La Roche ltd Basel,FCA,271
1647,ASN-2100,Determine,Guyana,28-Jul-08,28-Jul-08,MIssing,Test kit,Yes,959.46,Direct Drop,"HIV 1/2, Determine HIV Kit, without Lancets, 100 Tests",24.53,213,15333.87,PMO - US,Inverness Japan,"HIV 1/2, Determine HIV Kit, without Lancets",71.99,2/28/08,SCMS-18500,Pre-PQ Process,Pre-PQ Process,HRDT,102-GY-T01,28-Jul-08,Air,HIV test,100,0.72,"Orgenics, Ltd",EXW,49
85640,DN-1554,Generic,Zimbabwe,07-Dec-09,07-Dec-09,600mg,Tablet,No,See DN-1554 (ID#:84514),From RDC,"Efavirenz 600mg, tablets, 30 Tabs",45.32,4000,23120.0,PMO - US,"Aurobindo Unit III, India",Efavirenz,5.78,N/A - From RDC,SO-27200,FPQ-4472,3/17/09,ARV,113-ZW-T30,18-Dec-09,Truck,Adult,30,0.19,SCMS from RDC,N/A - From RDC,See DN-1554 (ID#:84514)
21125,ASN-9436,Generic,Tanzania,10-Mar-11,10-Mar-11,150mg,Capsule,Yes,1308.4,Direct Drop,"Atazanavir 150mg, capsules, 60 Caps",48.86,1135,29612.15,PMO - US,"Emcure Plot No.P-2, I.T-B.T. Park, Phase II, MIDC, Hinjwadi, Pune, India",Atazanavir,26.09,12-09-10,SCMS-94240,FPQ-6728,12-02-10,ARV,109-TZ-T30,10-Mar-11,Air,Pediatric,60,0.43,EMCURE PHARMACEUTICALS LTD,EXW,103
85219,DN-2474,Generic,Guyana,18-Jan-12,18-Jan-12,10mg/ml,Oral solution,Yes,1783.38,From RDC,"Lamivudine 10mg/ml, oral solution w/syringe, Bottle, 240 ml",0.87,284,525.4,PMO - US,"Aurobindo Unit III, India",Lamivudine,1.85,N/A - From RDC,SO-40451,FPQ-8024,8/19/11,ARV,105-GY-T30,31-Jan-12,Air,Pediatric,240,0.01,SCMS from RDC,N/A - From RDC,103
18316,ASN-27206,Generic,Zimbabwe,20-Aug-14,20-Aug-14,200mg,Tablet,Yes,8280.73,Direct Drop,"Efavirenz 200mg, scored tablets, 90 Tabs",135.41,14164,131725.2,PMO - US,"Strides, Bangalore, India.",Efavirenz,9.3,6/19/14,SCMS-245070,FPQ-14475,6/17/14,ARV,103-ZW-T30,20-Aug-14,Air,Pediatric,90,0.1,STRIDES ARCOLAB LIMITED,EXW,884
12253,DN-987,Generic,Uganda,06-Jan-09,06-Jan-09,150/30mg,Tablet - FDC,No,See DN-987 (ID#:12252),From RDC,"Lamivudine/Stavudine 150/30mg, tablets, 30 Tabs",4.24,1082,2164.0,PMO - US,"Cipla, Goa, India",Lamivudine/Stavudine,2.0,N/A - From RDC,SO-17900,Pre-PQ Process,Pre-PQ Process,ARV,114-UG-T01,06-Jan-09,Air,Adult,30,0.07,SCMS from RDC,N/A - From RDC,See DN-987 (ID#:12252)
7120,ASN-2335,Generic,Vietnam,20-Sep-08,20-Sep-08,300mg,Tablet,No,See ASN-2335 (ID#:5796),Direct Drop,"Tenofovir Disoproxil Fumarate 300mg, tablets, 30 Tabs",14.69,672,9179.52,PMO - US,Mylan (formerly Matrix) Nashik,Tenofovir Disoproxil Fumarate,13.66,5/13/08,SCMS-23440,Pre-PQ Process,Pre-PQ Process,ARV,108-VN-T01,20-Sep-08,Air,Adult,30,0.46,MYLAN LABORATORIES LTD (FORMERLY MATRIX LABORATORIES),EXW,See ASN-2335 (ID#:5796)
36053,ASN-5498,Generic,South Africa,30-Oct-09,30-Oct-09,50mg,Capsule,Yes,Freight Included in Commodity Cost,Direct Drop,"Efavirenz 50mg, capsule, 30 Caps",52.66,6690,26864.85,PMO - US,"Aurobindo Unit III, India",Efavirenz,4.02,08-03-09,SCMS-50941,FPQ-3560,05-07-09,ARV,116-ZA-T30,30-Oct-09,Truck,Pediatric,30,0.13,S. BUYS WHOLESALER,DDP,Weight Captured Separately
56234,ASN-13560,Uni-Gold,Kenya,16-Feb-12,16-Feb-12,MIssing,Test kit,Yes,40091.65,Direct Drop,"HIV 1/2, Uni-Gold HIV Kit, 20 Tests",807.55,18000,576000.0,PMO - US,"Trinity Biotech, Plc","HIV 1/2, Uni-Gold HIV Kit",32.0,01-06-12,SCMS-132950,FPQ-9119,01-03-12,HRDT,102-KE-T30,16-Feb-12,Air,HIV test,20,1.6,"Trinity Biotech, Plc",EXW,5876
60401,ASN-12094,Bioline,Tanzania,29-Sep-11,29-Sep-11,MIssing,Test kit,Yes,22523.12,Direct Drop,"HIV 1/2, Bioline 3.0 Kit, Lancets, Capillary pipets, Alcohol swabs included, 25 Tests",330,10000,200000.0,PMO - US,"Standard Diagnostics, Korea","HIV 1/2, Bioline 3.0 Kit, Lancets, Capillary pipets, Alcohol swabs included",20.0,7/18/11,SCMS-114990,FPQ-7909,6/24/11,HRDT,109-TZ-T30,29-Sep-11,Air,HIV test,25,0.8,"Standard Diagnostics, Inc.",EXW,3349
83409,DN-1725,Generic,Nigeria,31-Mar-10,31-Mar-10,150/300/200mg,Tablet - FDC,Yes,Freight Included in Commodity Cost,From RDC,"Lamivudine/Nevirapine/Zidovudine 150/200/300mg, tablets, 60 Tabs",41.66,1722,19320.84,PMO - US,"Aurobindo Unit III, India",Lamivudine/Nevirapine/Zidovudine,11.22,N/A - From RDC,SO-35065,FPQ-4537,11-06-09,ARV,151-NG-T30,19-Apr-10,Air Charter,Adult,60,0.19,SCMS from RDC,N/A - From RDC,202
11725,DN-201,Generic,Zambia,26-Jun-07,26-Jun-07,200mg,Capsule,Yes,1848.37,From RDC,"Efavirenz 200mg, capsule, 90 Caps",93.18,3436,58240.2,PMO - US,"Aurobindo Unit III, India",Efavirenz,16.95,N/A - From RDC,SO-615,Pre-PQ Process,Pre-PQ Process,ARV,110-ZM-T01,26-Jun-07,Air,Pediatric,90,0.19,SCMS from RDC,N/A - From RDC,395
64087,ASN-15132,Coartem,Nigeria,03-Jul-12,03-Jul-12,20/120mg,Tablet - FDC + blister,Yes,11216.78,Direct Drop,"Artemether/Lumefantrine 20/120mg [Coartem], scored tablets, Blister 30 x 24 Tabs",185.06,2500,132000.0,PMO - US,"Novartis Pharma Suffern, USA",Artemether/Lumefantrine,52.8,5/15/12,SCMS-140040,FPQ-9199,03-01-12,ACT,112-NG-T30,03-Jul-12,Air,ACT,720,0.07,NOVARTIS PHARMA SERVICES AG,EXW,1746
84498,DN-1333,Generic,Nigeria,14-Sep-09,14-Sep-09,150/300mg,Tablet - FDC,No,See DN-1333 (ID#:82839),From RDC,"Lamivudine/Zidovudine 150/300mg, tablets, 60 Tabs",5.43,316,2768.16,PMO - US,"Aurobindo Unit III, India",Lamivudine/Zidovudine,8.76,N/A - From RDC,SO-32273,FPQ-3815,5/26/09,ARV,154-NG-T30,17-Sep-09,Air,Adult,60,0.15,SCMS from RDC,N/A - From RDC,See DN-1333 (ID#:82839)
3360,ASN-2513,Clearview,Namibia,25-Sep-08,25-Sep-08,MIssing,Test kit,Yes,Invoiced Separately,Direct Drop,"HIV 1/2, Clearview Complete Kit, 25 Tests",0.12,1,75.0,PMO - US,Inverness Japan,"HIV 1/2, Clearview Complete Kit",75.0,8/26/08,SCMS-28850,Pre-PQ Process,Pre-PQ Process,HRDT,119-NA-T01,25-Sep-08,Air,HIV test,25,3.0,"Orgenics, Ltd",EXW,Weight Captured Separately
62987,ASN-21682,Determine,Malawi,02-Oct-13,02-Oct-13,MIssing,Test kit,Yes,1619.3,Direct Drop,"HIV 1/2, Determine Complete HIV Kit, 100 Tests",15.24,154,12320.0,PMO - US,"Alere Medical Co., Ltd.","HIV 1/2, Determine Complete HIV Kit",80.0,3/14/13,SCMS-179351,FPQ-11638,2/22/13,HRDT,102-MW-T30,02-Oct-13,Air,HIV test,100,0.8,"Orgenics, Ltd",EXW,60
11146,DN-238,Capillus,Rwanda,16-Jul-07,16-Jul-07,MIssing,Test kit,Yes,1676.91,From RDC,"HIV 1/2, Capillus HIV Kit, 100 Tests",33.36,150,20850.0,PMO - US,"Trinity Biotech, Plc","HIV 1/2, Capillus HIV Kit",139.0,N/A - From RDC,SO-756,Pre-PQ Process,Pre-PQ Process,HRDT,107-RW-T01,16-Jul-07,Air,HIV test,100,1.39,SCMS from RDC,N/A - From RDC,130
86526,DN-2896,Generic,CÃte dIvoire,24-Oct-12,24-Oct-12,10mg/ml,Oral solution,Yes,5971.13,From RDC,"Zidovudine 10mg/ml, oral solution w/syringe, Bottle, 240 ml",8.83,3000,6300.0,PMO - US,"Aurobindo Unit III, India",Zidovudine,2.1,N/A - From RDC,SO-43350,FPQ-10633,09-11-12,ARV,104-CI-T30,31-Jan-13,Truck,Pediatric,240,0.01,SCMS from RDC,N/A - From RDC,1152
83654,DN-3012,Generic,Mozambique,22-Mar-13,22-Mar-13,200mg,Tablet,No,See DN-3012 (ID#:83107),From RDC,"Nevirapine 200mg, tablets, 60 Tabs",5.2,1820,4204.2,PMO - US,Hetero Unit III Hyderabad IN,Nevirapine,2.31,N/A - From RDC,SO-43760,FPQ-11033,11-12-12,ARV,111-MZ-T30,01-Apr-13,Truck,Adult,60,0.04,SCMS from RDC,N/A - From RDC,See DN-3012 (ID#:83107)
86408,DN-2333,Generic,Uganda,06-Sep-11,06-Sep-11,600/200/300mg,Tablet - FDC,Yes,2886.92,From RDC,"Efavirenz/Emtricitabine/Tenofovir Disoproxil Fumarate 600/200/300mg, tablets, 30 Tabs",110.44,3360,66931.2,PMO - US,Mylan (formerly Matrix) Nashik,Efavirenz/Emtricitabine/Tenofovir Disoproxil Fumarate,19.92,N/A - From RDC,SO-39070,FPQ-7267,03-04-11,ARV,114-UG-T30,20-Sep-11,Truck,Adult,30,0.66,SCMS from RDC,N/A - From RDC,617
83490,DN-2137,Generic,CÃte dIvoire,29-Mar-11,29-Mar-11,200mg,Chewable/dispersible tablet,Yes,17941.46,From RDC,"Didanosine 200mg, chewable/dispersible tablets, 60 Tabs",74.25,2296,34440.0,PMO - US,"Aurobindo Unit III, India",Didanosine,15.0,N/A - From RDC,SO-37700,FPQ-6495,10-04-10,ARV,104-CI-T30,31-Mar-11,Air,Pediatric,60,0.25,SCMS from RDC,N/A - From RDC,17126
18494,ASN-14924,Colloidal Gold,Ethiopia,18-May-12,18-May-12,MIssing,Test kit,Yes,1584.09,Direct Drop,"HIV 1/2, SKB Colloidal Gold, Diagnostic Kit, Antibody, 50 Tests",6.01,175,4287.5,PMO - US,"KHB Test Kit Facility, Shanghai China","HIV 1/2, Colloidal Gold, Diagnostic Kit, Antibody",24.5,1/23/12,SCMS-133400,FPQ-9096,01-05-12,HRDT,117-ET-T30,18-May-12,Air,HIV test,1,24.5,"SHANGHAI KEHUA BIOENGINEERING CO.,LTD.  (KHB)",EXW,128
25990,ASN-16852,Determine,South Sudan,13-Dec-12,13-Dec-12,MIssing,Test kit - Ancillary,Yes,7539.52,Direct Drop,"Capillary Tubes, for Determine, EDTA, 50uL,100 Pcs",7.18,640,5120.0,PMO - US,"Alere Medical Co., Ltd.","HIV, Capillary Tubes, for Determine, EDTA, 50uL,100 Pcs",8.0,8/21/12,SCMS-157880,FPQ-10504,8/15/12,HRDT,900-SS-T30,13-Dec-12,Air,HIV test - Ancillary,100,0.08,"Orgenics, Ltd",EXW,331
12211,DN-1145,Generic,Haiti,31-Mar-09,31-Mar-09,50mg,Capsule,Yes,1608.72,From RDC,"Efavirenz 50mg, capsule, 30 Caps",6.35,1446,3239.04,PMO - US,"Aurobindo Unit III, India",Efavirenz,2.24,N/A - From RDC,SO-23751,Pre-PQ Process,Pre-PQ Process,ARV,106-HT-T01,31-Mar-09,Air,Pediatric,30,0.07,SCMS from RDC,N/A - From RDC,83
7847,ASN-4511,Generic,Namibia,18-Aug-09,18-Aug-09,30/50/6mg,Chewable/dispersible tablet - FDC,No,See ASN-4511 (ID#:2571),Direct Drop,"Lamivudine/Nevirapine/Stavudine 30/50/6mg, dispersible tablets, 60 Tabs",8.52,1812,4348.8,PMO - US,"Cipla, Goa, India",Lamivudine/Nevirapine/Stavudine,2.4,05-08-09,SCMS-45620,Pre-PQ Process,Pre-PQ Process,ARV,119-NA-T01,18-Aug-09,Air,Pediatric,60,0.04,CIPLA LIMITED,EXW,See ASN-4511 (ID#:2571)
46129,ASN-9741,Determine,Mozambique,10-Mar-11,10-Mar-11,MIssing,Test kit,Yes,1001.47,Direct Drop,"HIV 1/2, Determine Complete HIV Kit, 100 Tests",7.82,61,4739.7,PMO - US,Inverness Japan,"HIV 1/2, Determine Complete HIV Kit",77.7,01-12-11,SCMS-93760,FPQ-6562,11/16/10,HRDT,111-MZ-T30,10-Mar-11,Air,HIV test,100,0.78,"Orgenics, Ltd",EXW,28
83274,DN-3918,Generic,Nigeria,03-Sep-14,05-Sep-14,150/300mg,Tablet - FDC,Yes,67504,From RDC,"Lamivudine/Zidovudine 150/300mg, tablets, 60 Tabs",1344.01,194265,1307403.45,PMO - US,Hetero Unit III Hyderabad IN,Lamivudine/Zidovudine,6.73,N/A - From RDC,SO-48320,FPQ-13704,2/13/14,ARV,151-NG-T30,30-Sep-14,Air Charter,Adult,60,0.11,SCMS from RDC,N/A - From RDC,19976
12021,DN-1610,Generic,Ethiopia,13-Jan-10,13-Jan-10,200mg,Tablet,Yes,6774.59,From RDC,"Nevirapine 200mg, tablets, 60 Tabs",159.69,25540,74066.0,PMO - US,"Aurobindo Unit III, India",Nevirapine,2.9,N/A - From RDC,SO-34580,Pre-PQ Process,Date Not Captured,ARV,117-ET-T01,13-Jan-10,Air,Adult,60,0.05,SCMS from RDC,N/A - From RDC,2031
5677,ASN-1665,Zerit,South Africa,24-Apr-08,24-Apr-08,20mg,Capsule,No,Freight Included in Commodity Cost,Direct Drop,"Stavudine 20mg [Zerit], capsules, 60 Caps",1.56,200,978.0,PMO - US,"BMS Meymac, France",Stavudine,4.89,2/20/08,SCMS-19800,Pre-PQ Process,Pre-PQ Process,ARV,116-ZA-T01,24-Apr-08,Truck,Adult,60,0.08,S. BUYS WHOLESALER,DDP,Weight Captured Separately
84921,DN-3655,Generic,CÃte dIvoire,01-May-14,11-Jun-14,600/300mg,Tablet - FDC,No,See DN-3655 (ID#:83237),From RDC,"Abacavir/Lamivudine 600/300mg, tablets, 30 Tabs",51.55,3709,50145.68,PMO - US,"Aurobindo Unit III, India",Abacavir/Lamivudine,13.52,N/A - From RDC,SO-47130,FPQ-13142,10/22/13,ARV,104-CI-T30,21-Apr-14,Truck,Adult,30,0.45,SCMS from RDC,N/A - From RDC,See DN-3655 (ID#:83237)
5532,ASN-1198,Determine,Rwanda,28-Jan-08,28-Jan-08,MIssing,Test kit,Yes,9479.89,Direct Drop,"HIV 1/2, Determine HIV Kit, without Lancets, 100 Tests",172.78,1500,107985.0,PMO - US,Inverness Japan,"HIV 1/2, Determine HIV Kit, without Lancets",71.99,12-10-07,SCMS-14630,Pre-PQ Process,Pre-PQ Process,HRDT,107-RW-T01,31-Jan-08,Air,HIV test,100,0.72,"Orgenics, Ltd",EXW,340
84689,DN-2476,Generic,Zambia,23-Dec-11,23-Dec-11,200/300mg,Tablet - FDC,Yes,14325.71,From RDC,"Emtricitabine/Tenofovir Disoproxil Fumarate 200/300mg, tablets, 30 Tabs",1686.15,113925,1021907.25,PMO - US,Mylan (formerly Matrix) Nashik,Emtricitabine/Tenofovir Disoproxil Fumarate,8.97,N/A - From RDC,SO-40740,FPQ-8383,09-11-11,ARV,110-ZM-T30,19-Jan-12,Truck,Adult,30,0.3,SCMS from RDC,N/A - From RDC,9875
84905,DN-3581,Generic,South Sudan,21-Mar-14,26-Mar-14,150/300mg,Tablet - FDC,No,See DN-3581 (ID#:83219),From RDC,"Lamivudine/Zidovudine 150/300mg, tablets, 60 Tabs",11.78,1702,11454.46,PMO - US,"Cipla, Goa, India",Lamivudine/Zidovudine,6.73,N/A - From RDC,SO-47100,FPQ-13173,10/28/13,ARV,103-SS-T30,31-Mar-14,Air,Adult,60,0.11,SCMS from RDC,N/A - From RDC,See DN-3581 (ID#:83219)
83523,DN-2320,Generic,Ghana,14-Nov-11,14-Nov-11,150/300mg,Tablet - FDC,Yes,585,From RDC,"Lamivudine/Zidovudine 150/300mg, tablets, 60 Tabs",438.42,32168,265707.68,PMO - US,Mylan (formerly Matrix) Nashik,Lamivudine/Zidovudine,8.26,N/A - From RDC,SO-40000,FPQ-7866,6/13/11,ARV,900-GH-T30,14-Nov-11,Air,Adult,60,0.14,SCMS from RDC,N/A - From RDC,5199
84640,DN-2181,Generic,Zimbabwe,20-May-11,20-May-11,150/200/30mg,Tablet - FDC,Yes,15697.15,From RDC,"Lamivudine/Nevirapine/Stavudine 150/200/30mg, tablets, 60 Tabs",1063.51,88719,493277.64,PMO - US,"Cipla, Goa, India",Lamivudine/Nevirapine/Stavudine,5.56,N/A - From RDC,SO-37850,FPQ-6470,10/13/10,ARV,113-ZW-T30,31-Mar-11,Truck,Adult,60,0.09,SCMS from RDC,N/A - From RDC,11668
84294,DN-3350,Generic,Mozambique,08-Oct-13,18-Oct-13,300mg,Tablet,No,See DN-3350 (ID#:83165),From RDC,"Zidovudine 300mg, tablets, 60 Tabs",165.53,21410,133812.5,PMO - US,Hetero Unit III Hyderabad IN,Zidovudine,6.25,N/A - From RDC,SO-44866,FPQ-11884,3/19/13,ARV,111-MZ-T30,15-Nov-13,Truck,Adult,60,0.1,SCMS from RDC,N/A - From RDC,See DN-3350 (ID#:83165)
78050,ASN-6775,Videx,CÃte dIvoire,07-May-10,07-May-10,50mg,Chewable/dispersible tablet,Yes,824.37,Direct Drop,"Didanosine 50mg [Videx], chewable tablets, 60 Tabs",38.67,1888,17936.0,PMO - US,"BMS Meymac, France",Didanosine,9.5,11-09-09,SCMS-56640,FPQ-4509,10/29/09,ARV,104-CI-T30,07-May-10,Air,Pediatric,60,0.16,BRISTOL-MYERS SQUIBB,CIP,368
28085,ASN-13475,Generic,Vietnam,01-Mar-12,01-Mar-12,300mg,Tablet,No,See ASN-13475 (ID#:15772),Direct Drop,"Abacavir 300mg, tablets, 60 Tabs",9.25,388,5606.6,PMO - US,"Aurobindo Unit III, India",Abacavir,14.45,10-04-11,SCMS-123520,FPQ-8428,9/21/11,ARV,108-VN-T30,01-Mar-12,Air,Adult,60,0.24,Aurobindo Pharma Limited,EXW,See ASN-13475 (ID#:15772)
12824,DN-888,Truvada,Nigeria,31-Aug-08,31-Aug-08,300/200mg,Tablet - FDC,No,See DN-888 (ID#:11910),From RDC,"Emtricitabine/Tenofovir Disoproxil Fumarate 200/300mg [Truvada], tablets, 30 Tabs",0.17,4,105.0,PMO - US,"Aspen-OSD, Port Elizabeth, SA",Emtricitabine/Tenofovir Disoproxil Fumarate,26.25,N/A - From RDC,SO-2727,Pre-PQ Process,Pre-PQ Process,ARV,112-NG-T01,31-Aug-08,Air,Adult,30,0.88,SCMS from RDC,N/A - From RDC,See DN-888 (ID#:11910)
533,ASN-2293,Zerit,South Africa,08-May-08,08-May-08,1mg/ml,Powder for oral solution,No,Freight Included in Commodity Cost,Direct Drop,"Stavudine 1mg/ml [Zerit], powder for oral solution, Bottle, 200 ml",1.64,670,1025.1,PMO - US,"BMS Meymac, France",Stavudine,1.53,Date Not Captured,SCMS-23500,Pre-PQ Process,Pre-PQ Process,ARV,116-ZA-T01,20-Aug-08,Truck,Pediatric,200,0.01,S. BUYS WHOLESALER,DDP,Weight Captured Separately
62549,ASN-32524,Generic,South Africa,02-Jun-15,02-Jun-15,150mg,Tablet,No,Freight Included in Commodity Cost,Direct Drop,"Lamivudine 150mg, tablets, 60 Tabs",0.35,52,343.51,PMO - US,"Aurobindo Unit III, India",Lamivudine,6.61,06-02-15,SCMS-259076,FPQ-14942,09-11-14,ARV,116-ZA-T30,02-Jun-15,Truck,Adult,60,0.11,PHARMACY DIRECT,DDP,Weight Captured Separately
81855,ASN-11688,Generic,Ethiopia,25-Aug-11,25-Aug-11,250mg,Delayed-release capsules,Yes,2325.62,Direct Drop,"Didanosine 250mg, delayed-release capsules, 30 Caps",80.97,3775,49075.0,PMO - US,"Aurobindo Unit III, India",Didanosine,13.0,02-01-11,SCMS-98311,FPQ-6976,1/13/11,ARV,117-ET-T30,25-Aug-11,Air,Adult,30,0.43,Aurobindo Pharma Limited,EXW,257
54180,ASN-4802,Aluvia,Vietnam,01-Oct-09,01-Oct-09,200/50mg,Tablet,Yes,954.38,Direct Drop,"Lopinavir/Ritonavir 200/50mg [Aluvia], tablets, 120 Tabs",225.56,1400,115080.0,PMO - US,ABBVIE Ludwigshafen Germany,Lopinavir/Ritonavir,82.2,08-12-09,SCMS-51480,FPQ-4081,08-10-09,ARV,108-VN-T30,01-Oct-09,Air,Adult,120,0.68,ABBVIE LOGISTICS (FORMERLY ABBOTT LOGISTICS BV),FCA,209
161,ASN-916,Generic,Ethiopia,20-Nov-07,20-Nov-07,30mg,Capsule,Yes,12237.61,Direct Drop,"Stavudine 30mg, capsules, 60 Caps",158.72,64000,99200.0,PMO - US,"Aurobindo Unit III, India",Stavudine,1.55,10-03-07,SCMS-11070,Pre-PQ Process,Pre-PQ Process,ARV,117-ET-T01,20-Nov-07,Air,Adult,60,0.03,Aurobindo Pharma Limited,EXW,4228
80141,ASN-4974,Videx EC,Tanzania,21-Oct-09,21-Oct-09,400mg,Delayed-release capsules - blister,No,See ASN-4974 (ID#:18694),Direct Drop,"Didanosine EC 400mg [Videx EC], delayed-release capsules, Blister 3 x 10 Caps",320.11,6900,163323.0,PMO - US,"BMS Meymac, France",Didanosine EC,23.67,6/29/09,SCMS-47760,FPQ-3782,06-11-09,ARV,109-TZ-T30,21-Oct-09,Air,Adult,30,0.79,BRISTOL-MYERS SQUIBB,CIP,See ASN-4974 (ID#:18694)
48906,ASN-32524,Generic,South Africa,02-Jun-15,02-Jun-15,200/300mg,Tablet - FDC,No,Freight Included in Commodity Cost,Direct Drop,"Emtricitabine/Tenofovir Disoproxil Fumarate 200/300mg, tablets, 30 Tabs",0.29,13,283.8,PMO - US,"Aurobindo Unit III, India",Emtricitabine/Tenofovir Disoproxil Fumarate,21.83,06-02-15,SCMS-259076,FPQ-14942,09-11-14,ARV,116-ZA-T30,02-Jun-15,Truck,Adult,30,0.73,PHARMACY DIRECT,DDP,Weight Captured Separately
84283,DN-3298,Generic,Zambia,22-Oct-13,11-Nov-13,200mg,Tablet,Yes,4356.75,From RDC,"Nevirapine 200mg, tablets, 60 Tabs",8.38,2997,6773.22,PMO - US,"Cipla, Goa, India",Nevirapine,2.26,N/A - From RDC,SO-44470,FPQ-11553,1/28/13,ARV,110-ZM-T30,22-Oct-13,Truck,Adult,60,0.04,SCMS from RDC,N/A - From RDC,2764
60273,ASN-29640,Generic,Haiti,20-Jan-15,21-Jan-15,200mg,Capsule,Yes,1659.21,Direct Drop,"Efavirenz 200mg, capsule, 90 Caps",23.33,2440,22692.0,PMO - US,"Strides, Bangalore, India.",Efavirenz,9.3,11/15/14,SCMS-260950,FPQ-14895,9/24/14,ARV,106-HT-T30,20-Jan-15,Air,Pediatric,90,0.1,STRIDES ARCOLAB LIMITED,EXW,163
84951,DN-3825,Generic,Zimbabwe,29-Jun-14,04-Aug-14,200mg,Tablet,No,See DN-3825 (ID#:82702),From RDC,"Nevirapine 200mg, tablets, 60 Tabs",108.14,48253,105191.54,PMO - US,"Strides, Bangalore, India.",Nevirapine,2.18,N/A - From RDC,SO-47540,FPQ-13508,12/24/13,ARV,113-ZW-T30,30-Sep-14,Truck,Adult,60,0.04,SCMS from RDC,N/A - From RDC,See DN-3825 (ID#:82702)
12294,DN-1278,Generic,Haiti,18-Jun-09,18-Jun-09,50mg,Capsule,Yes,7789.85,From RDC,"Efavirenz 50mg, capsule, 30 Caps",6.27,1428,3198.72,PMO - US,"Aurobindo Unit III, India",Efavirenz,2.24,N/A - From RDC,SO-24832,Pre-PQ Process,Pre-PQ Process,ARV,106-HT-T01,18-Jun-09,Air,Pediatric,30,0.07,SCMS from RDC,N/A - From RDC,83
52803,ASN-31070,Generic,South Africa,09-Mar-15,09-Mar-15,10mg/ml,Oral solution,No,Freight Included in Commodity Cost,Direct Drop,"Lamivudine 10mg/ml, oral solution, Bottle, 240 ml",0.02,4,20.67,PMO - US,"Aurobindo Unit III, India",Lamivudine,5.17,03-09-15,SCMS-259074,FPQ-14942,09-11-14,ARV,116-ZA-T30,09-Mar-15,Truck,Pediatric,240,0.02,PHARMACY DIRECT,DDP,Weight Captured Separately
19584,ASN-14644,Determine,Tanzania,25-May-12,25-May-12,MIssing,Test kit,Yes,12022.17,Direct Drop,"HIV 1/2, Determine Complete HIV Kit, 100 Tests",149.96,1337,106960.0,PMO - US,"Alere Medical Co., Ltd.","HIV 1/2, Determine Complete HIV Kit",80.0,2/17/12,SCMS-136930,FPQ-9211,1/25/12,HRDT,109-TZ-T30,25-May-12,Air,HIV test,100,0.8,"Orgenics, Ltd",EXW,639
85037,DN-4291,Generic,Nigeria,02-Jun-15,17-Jun-15,600/300/300mg,Tablet - FDC,No,See DN-4291 (ID#:85036),From RDC,"Efavirenz/Lamivudine/Tenofovir Disoproxil Fumarate 600/300/300mg, tablets, 30 Tabs",1685.39,170780,1639488.0,PMO - US,Mylan (formerly Matrix) Nashik,Efavirenz/Lamivudine/Tenofovir Disoproxil Fumarate,9.6,N/A - From RDC,SO-51428,FPQ-14989,9/19/14,ARV,151-NG-T30,30-Jun-15,Air Charter,Adult,30,0.32,SCMS from RDC,N/A - From RDC,See DN-4291 (ID#:85036)
82308,DN-1735,Generic,Nigeria,31-Mar-10,31-Mar-10,150/300mg,Tablet - FDC,Yes,Freight Included in Commodity Cost,From RDC,"Lamivudine/Zidovudine 150/300mg, tablets, 60 Tabs",1.51,80,700.8,PMO - US,"Aurobindo Unit III, India",Lamivudine/Zidovudine,8.76,N/A - From RDC,SO-35057,FPQ-4537,11-06-09,ARV,151-NG-T30,19-Apr-10,Air Charter,Adult,60,0.15,SCMS from RDC,N/A - From RDC,8
86600,DN-3310,Generic,Burundi,10-Sep-13,10-Sep-13,10mg/ml,Oral suspension,Yes,5435.44,From RDC,"Nevirapine 10mg/ml, oral suspension w/syringe, Bottle, 240 ml",5.5,2280,4446.0,PMO - US,"Aurobindo Unit III, India",Nevirapine,1.95,N/A - From RDC,SO-45171,FPQ-12065,4/22/13,ARV,102-BI-T30,09-Sep-13,Air,Pediatric,240,0.01,SCMS from RDC,N/A - From RDC,845
86589,DN-3260,Generic,Burundi,21-May-13,18-Nov-14,300/300mg,Tablet - FDC,No,See DN-3260 (ID#:82593),From RDC,"Lamivudine/Tenofovir Disoproxil Fumarate 300/300mg, tablets, 30 Tabs",0.28,48,225.6,PMO - US,Hetero Unit III Hyderabad IN,Lamivudine/Tenofovir Disoproxil Fumarate,4.7,N/A - From RDC,SO-45151,FPQ-12065,4/22/13,ARV,102-BI-T30,06-Aug-13,Air,Adult,30,0.16,SCMS from RDC,N/A - From RDC,See DN-3260 (ID#:82593)
10593,DN-320,Generic,CÃte dIvoire,30-Aug-07,30-Aug-07,30mg,Capsule,Yes,14656,From RDC,"Stavudine 30mg, capsules, 60 Caps",4.37,1796,2729.92,PMO - US,"Strides, Bangalore, India.",Stavudine,1.52,N/A - From RDC,SO-959,Pre-PQ Process,Pre-PQ Process,ARV,104-CI-T01,30-Aug-07,MIssing,Adult,60,0.03,SCMS from RDC,N/A - From RDC,5880
86552,DN-3027,Generic,Nigeria,25-Feb-13,25-Feb-13,200/300mg,Tablet - FDC,No,See DN-3027 (ID#:86551),From RDC,"Emtricitabine/Tenofovir Disoproxil Fumarate 200/300mg, tablets, 30 Tabs",447.17,52546,318954.22,PMO - US,Hetero Unit III Hyderabad IN,Emtricitabine/Tenofovir Disoproxil Fumarate,6.07,N/A - From RDC,SO-43047,FPQ-10477,08-09-12,ARV,151-NG-T30,15-Mar-13,Air Charter,Adult,30,0.2,SCMS from RDC,N/A - From RDC,See DN-3027 (ID#:86551)
84616,DN-2091,Generic,Zambia,18-Jan-11,18-Jan-11,150mg,Tablet,Yes,7487.51,From RDC,"Lamivudine 150mg, tablets, 60 Tabs",111.73,22242,51823.86,PMO - US,Hetero Unit III Hyderabad IN,Lamivudine,2.33,N/A - From RDC,SO-38280,FPQ-6222,8/20/10,ARV,110-ZM-T30,31-Jan-11,Truck,Adult,60,0.04,SCMS from RDC,N/A - From RDC,1207
67614,ASN-31337,Determine,South Sudan,03-Jun-15,05-Jun-15,MIssing,Test kit,No,See ASN-31337 (ID#:26619),Direct Drop,"HIV 1/2, Determine Complete HIV Kit, 100 Tests",9.43,90,8010.0,PMO - US,"Alere Medical Co., Ltd.","HIV 1/2, Determine Complete HIV Kit",89.0,2/20/15,SCMS-272160,FPQ-15569,12/29/14,HRDT,105-SS-T30,03-Jun-15,Air,HIV test,100,0.89,"Orgenics, Ltd",EXW,See ASN-31337 (ID#:26619)
46987,ASN-17466,Determine,Tanzania,31-Dec-12,31-Dec-12,MIssing,Test kit,Yes,19026.72,Direct Drop,"HIV 1/2, Determine Complete HIV Kit, 100 Tests",263.8,2352,188160.0,PMO - US,"Alere Medical Co., Ltd.","HIV 1/2, Determine Complete HIV Kit",80.0,10-04-12,SCMS-161830,FPQ-10619,9/13/12,HRDT,109-TZ-T30,31-Dec-12,Air,HIV test,100,0.8,"Orgenics, Ltd",EXW,1016
12777,DN-802,Generic,Haiti,04-Jul-08,04-Jul-08,150/300mg,Tablet - FDC,Yes,17289,From RDC,"Lamivudine/Zidovudine 150/300mg, tablets, 60 Tabs",226.72,14995,141702.75,PMO - US,"Cipla, Goa, India",Lamivudine/Zidovudine,9.45,N/A - From RDC,SO-2594,Pre-PQ Process,Pre-PQ Process,ARV,106-HT-T01,04-Jul-08,Air,Adult,60,0.16,SCMS from RDC,N/A - From RDC,1586
11906,DN-998,Generic,Uganda,15-Dec-08,15-Dec-08,600mg,Tablet,No,See DN-998 (ID#:11568),From RDC,"Efavirenz 600mg, tablets, 30 Tabs",110.97,5147,56617.0,PMO - US,"Aurobindo Unit III, India",Efavirenz,11.0,N/A - From RDC,SO-17770,Pre-PQ Process,Pre-PQ Process,ARV,114-UG-T01,15-Dec-08,Truck,Adult,30,0.37,SCMS from RDC,N/A - From RDC,See DN-998 (ID#:11568)
84355,DN-3627,Generic,Mozambique,03-Jun-14,11-Jun-14,150/300/200mg,Tablet - FDC,No,See DN-3627 (ID#:83782),From RDC,"Lamivudine/Nevirapine/Zidovudine 150/200/300mg, tablets, 60 Tabs",833.71,100000,811000.0,PMO - US,Hetero Unit III Hyderabad IN,Lamivudine/Nevirapine/Zidovudine,8.11,N/A - From RDC,SO-47084,FPQ-13123,10/21/13,ARV,111-MZ-T30,03-Jun-14,Truck,Adult,60,0.14,SCMS from RDC,N/A - From RDC,See DN-3627 (ID#:83782)
11278,DN-1010,Generic,Nigeria,26-Nov-08,26-Nov-08,150/300mg,Tablet - FDC,Yes,8504.72,From RDC,"Lamivudine/Zidovudine 150/300mg, tablets, 60 Tabs",214.28,11569,109327.05,PMO - US,"Aurobindo Unit III, India",Lamivudine/Zidovudine,9.45,N/A - From RDC,SO-17680,Pre-PQ Process,Pre-PQ Process,ARV,123-NG-T01,26-Nov-08,Air,Adult,60,0.16,SCMS from RDC,N/A - From RDC,1072
82795,DN-4227,Generic,Nigeria,15-Apr-15,20-Apr-15,300mg,Tablet,Yes,3583,From RDC,"Zidovudine 300mg, tablets, 60 Tabs",116.97,21347,113779.51,PMO - US,"Cipla, Goa, India",Zidovudine,5.33,N/A - From RDC,SO-49687,FPQ-14766,8/13/14,ARV,151-NG-T30,30-Apr-15,Air Charter,Adult,60,0.09,SCMS from RDC,N/A - From RDC,1554
86278,DN-1697,Generic,Uganda,25-Mar-10,25-Mar-10,300/300mg,Tablet - FDC,Yes,1905.63,From RDC,"Lamivudine/Tenofovir Disoproxil Fumarate 300/300mg, tablets, 30 Tabs",43.12,2000,20000.0,PMO - US,Mylan (formerly Matrix) Nashik,Lamivudine/Tenofovir Disoproxil Fumarate,10.0,N/A - From RDC,SO-35860,FPQ-5014,1/29/10,ARV,114-UG-T30,01-Apr-10,Air,Adult,30,0.33,SCMS from RDC,N/A - From RDC,168
5657,ASN-1543,Stat-Pak,Uganda,02-Jun-08,02-Jun-08,MIssing,Test kit,Yes,4193.88,Direct Drop,"HIV 1/2, Stat-Pak HIV, Kit, 20 Tests",55.08,1275,34425.0,PMO - US,Chembio Diagnostics Sys. Inc.,"HIV 1/2, Stat-Pak HIV, Kit",27.0,3/14/08,SCMS-18900,Pre-PQ Process,Pre-PQ Process,HRDT,114-UG-T01,02-Jun-08,Air,HIV test,20,1.35,"CHEMBIO DIAGNOSTIC SYSTEMS, INC.",EXW,483
65033,ASN-33146,Generic,Vietnam,07-Sep-15,07-Sep-15,200mg,Tablet,No,See ASN-33146 (ID#:44860),Direct Drop,"Nevirapine 200mg, tablets, 60 Tabs",7.63,3000,6480.0,PMO - US,Hetero Unit III Hyderabad IN,Nevirapine,2.16,5/13/15,SCMS-285490,FPQ-16194,4/14/15,ARV,108-VN-T30,07-Sep-15,Air,Adult,60,0.04,HETERO LABS LIMITED,EXW,See ASN-33146 (ID#:44860)
12191,DN-680,Clearview,Namibia,19-Mar-08,19-Mar-08,MIssing,Test kit,Yes,1286.7,From RDC,"HIV 1/2, Clearview Complete Kit, 25 Tests",27.48,229,17175.0,PMO - US,Inverness USA,"HIV 1/2, Clearview Complete Kit",75.0,N/A - From RDC,SO-1970,Pre-PQ Process,Pre-PQ Process,HRDT,119-NA-T01,19-Mar-08,Air,HIV test,25,3.0,SCMS from RDC,N/A - From RDC,140
41096,ASN-18712,Generic,"Congo, DRC",19-Jul-13,19-Jul-13,50mg,Chewable/dispersible tablet,Yes,938.06,Direct Drop,"Nevirapine 50mg, dispersible tablets (tablets for oral suspension), 30 Tabs",0.76,492,615.0,PMO - US,"Aurobindo Unit III, India",Nevirapine,1.25,01-03-13,SCMS-170580,FPQ-11103,12-07-12,ARV,101-CD-T30,11-Jul-13,Air,Pediatric,30,0.04,Aurobindo Pharma Limited,EXW,27
11501,DN-490,Clearview,Namibia,06-Dec-07,06-Dec-07,MIssing,Test kit,Yes,1542.15,From RDC,"HIV 1/2, Clearview Complete Kit, 25 Tests",8.4,70,5250.0,PMO - US,Inverness USA,"HIV 1/2, Clearview Complete Kit",75.0,N/A - From RDC,SO-1451,Pre-PQ Process,Pre-PQ Process,HRDT,119-NA-T01,06-Dec-07,Air,HIV test,25,3.0,SCMS from RDC,N/A - From RDC,43
45540,ASN-27101,Generic,Vietnam,18-Aug-14,25-Aug-14,150/300/200mg,Tablet - FDC,Yes,3251.35,Direct Drop,"Lamivudine/Nevirapine/Zidovudine 150/200/300mg, tablets, 60 Tabs",100.75,12100,98010.0,PMO - US,Mylan (formerly Matrix) Nashik,Lamivudine/Nevirapine/Zidovudine,8.1,03-10-14,SCMS-226210,FPQ-13524,02-06-14,ARV,108-VN-T30,18-Aug-14,Air,Adult,60,0.13,MYLAN LABORATORIES LTD (FORMERLY MATRIX LABORATORIES),EXW,1685
12865,DN-1124,Generic,Nigeria,19-Mar-09,19-Mar-09,150/300mg,Tablet - FDC,No,See DN-1124 (ID#:11620),From RDC,"Lamivudine/Zidovudine 150/300mg, tablets, 60 Tabs",55.47,3231,28303.56,PMO - US,"Aurobindo Unit III, India",Lamivudine/Zidovudine,8.76,N/A - From RDC,SO-20960,Pre-PQ Process,Pre-PQ Process,ARV,112-NG-T01,19-Mar-09,Air Charter,Adult,60,0.15,SCMS from RDC,N/A - From RDC,See DN-1124 (ID#:11620)
11787,DN-355,Generic,Zimbabwe,20-Sep-07,20-Sep-07,600mg,Tablet,Yes,13788.25,From RDC,"Efavirenz 600mg, tablets, 30 Tabs",36.96,1860,23101.2,PMO - US,"Cipla, Goa, India",Efavirenz,12.42,N/A - From RDC,SO-705,Pre-PQ Process,Pre-PQ Process,ARV,100-ZW-T01,20-Sep-07,Truck,Adult,30,0.41,SCMS from RDC,N/A - From RDC,3951
61675,ASN-20479,Determine,Zambia,09-Aug-13,09-Aug-13,MIssing,Test kit,Yes,14019.38,Direct Drop,"HIV 1/2, Determine Complete HIV Kit, 100 Tests",210.49,2127,170160.0,PMO - US,"Alere Medical Co., Ltd.","HIV 1/2, Determine Complete HIV Kit",80.0,5/22/13,SCMS-189240,FPQ-12252,05-02-13,HRDT,110-ZM-T30,05-Aug-13,Air,HIV test,100,0.8,"Orgenics, Ltd",EXW,881
8693,ASN-3706,Atripla,Nigeria,10-Mar-09,10-Mar-09,600/200/300mg,Tablet - FDC,Yes,Freight Included in Commodity Cost,Direct Drop,"Efavirenz/Emtricitabine/Tenofovir Disoproxil Fumarate 600/200/300mg [Atripla], tablets, 30 Tabs",394.25,3991,201146.4,PMO - US,"MSD, Haarlem, NL",Efavirenz/Emtricitabine/Tenofovir Disoproxil Fumarate,50.4,9/23/08,SCMS-30501,Pre-PQ Process,Pre-PQ Process,ARV,131-NG-T01,10-Mar-09,Air,Adult,30,1.68,MERCK SHARP & DOHME IDEA GMBH (FORMALLY MERCK SHARP & DOHME B.V.),CIP,Weight Captured Separately
85577,DN-4194,Generic,Swaziland,26-Mar-15,26-Mar-15,600/300/300mg,Tablet - FDC,Yes,4971.05,From RDC,"Efavirenz/Lamivudine/Tenofovir Disoproxil Fumarate 600/300/300mg, tablets, 30 Tabs",764.28,65000,649350.0,PMO - US,Mylan (formerly Matrix) Nashik,Efavirenz/Lamivudine/Tenofovir Disoproxil Fumarate,9.99,N/A - From RDC,SO-51110,FPQ-15985,2/26/15,ARV,104-SZ-T30,06-Apr-15,Truck,Adult,30,0.33,SCMS from RDC,N/A - From RDC,7403
72485,ASN-7199,Determine,Kenya,07-Jul-10,07-Jul-10,MIssing,Test kit,Yes,10929.38,Direct Drop,"HIV 1/2, Determine Complete HIV Kit, 100 Tests",924.67,5361,428880.0,PMO - US,Inverness Japan,"HIV 1/2, Determine Complete HIV Kit",80.0,12-02-09,SCMS-58381,FPQ-4591,11/18/09,HRDT,102-KE-T30,07-Jul-10,Air,HIV test,100,0.8,"Orgenics, Ltd",EXW,1098
10879,DN-332,Generic,Ethiopia,04-Sep-07,04-Sep-07,10mg/ml,Oral solution,No,See DN-332 (ID#:10613),From RDC,"Lamivudine 10mg/ml, oral solution, Bottle, 240 ml",50.16,15913,31348.61,PMO - US,"Aurobindo Unit III, India",Lamivudine,1.97,N/A - From RDC,SO-914,Pre-PQ Process,Pre-PQ Process,ARV,117-ET-T01,04-Sep-07,MIssing,Pediatric,240,0.01,SCMS from RDC,N/A - From RDC,See DN-332 (ID#:10613)
42159,ASN-27170,Isentress,Uganda,30-Jul-14,06-Aug-14,400mg,Tablet,Yes,Freight Included in Commodity Cost,Direct Drop,"Raltegravir 400mg [Isentress], tablets, 60 Tabs",74.17,1300,72150.0,PMO - US,"MSD, Haarlem, NL",Raltegravir,55.5,02-04-14,SCMS-225710,FPQ-13600,1/28/14,ARV,114-UG-T30,30-Jul-14,Air,Adult,60,0.92,MERCK SHARP & DOHME IDEA GMBH (FORMALLY MERCK SHARP & DOHME B.V.),CIP,Weight Captured Separately
25201,ASN-7262,Generic,Vietnam,06-Jul-10,06-Jul-10,150/300/200mg,Tablet - FDC,Yes,26084.14,Direct Drop,"Lamivudine/Nevirapine/Zidovudine 150/200/300mg, tablets, 60 Tabs",360.59,16500,183975.0,PMO - US,"Aurobindo Unit III, India",Lamivudine/Nevirapine/Zidovudine,11.15,11-09-09,SCMS-56530,FPQ-4266,10/20/09,ARV,108-VN-T30,06-Jul-10,Air,Adult,60,0.19,Aurobindo Pharma Limited,EXW,3802
37835,ASN-21423,Colloidal Gold,Rwanda,20-Sep-13,20-Sep-13,MIssing,Test kit,Yes,289653.2,Direct Drop,"HIV 1/2, SKB Colloidal Gold, Diagnostic Kit, Antibody, 50 Tests",848.58,28000,686000.0,PMO - US,"KHB Test Kit Facility, Shanghai China","HIV 1/2, Colloidal Gold, Diagnostic Kit, Antibody",24.5,08-09-13,SCMS-198220,FPQ-12518,6/21/13,HRDT,107-RW-T30,20-Sep-13,Air,HIV test,1,24.5,"SHANGHAI KEHUA BIOENGINEERING CO.,LTD.  (KHB)",EXW,18667
64352,ASN-31818,Uni-Gold,Uganda,14-May-15,14-May-15,MIssing,Test kit,Yes,6164.1,Direct Drop,"HIV 1/2, Uni-Gold HIV Kit, 20 Tests",97.93,2600,83200.0,PMO - US,"Trinity Biotech, Plc","HIV 1/2, Uni-Gold HIV Kit",32.0,12-04-14,SCMS-264720,FPQ-15314,11-11-14,HRDT,114-UG-T30,14-May-15,Air,HIV test,20,1.6,"Trinity Biotech, Plc",EXW,775
54487,ASN-25197,Determine,Mozambique,30-May-14,30-May-14,MIssing,Test kit,Yes,13789.73,Direct Drop,"HIV 1/2, Determine Complete HIV Kit, 100 Tests",419.59,5102,408160.0,PMO - US,"Alere Medical Co., Ltd.","HIV 1/2, Determine Complete HIV Kit",80.0,11/13/13,SCMS-211561,FPQ-13093,10/15/13,HRDT,111-MZ-T30,02-May-14,Air,HIV test,100,0.8,"Orgenics, Ltd",EXW,3543
80114,ASN-6357,Uni-Gold,Zambia,29-Mar-10,29-Mar-10,MIssing,Test kit,Yes,22460.87,Direct Drop,"HIV 1/2, Uni-Gold HIV Kit, 20 Tests",496.74,7200,230400.0,PMO - US,"Trinity Biotech, Plc","HIV 1/2, Uni-Gold HIV Kit",32.0,12/22/09,SCMS-60730,FPQ-4692,12/16/09,HRDT,110-ZM-T30,29-Mar-10,Air,HIV test,20,1.6,"Trinity Biotech, Plc",EXW,2521
48151,ASN-13371,Generic,Rwanda,24-Jan-12,24-Jan-12,300/300mg,Tablet - FDC,Yes,25382.52,Direct Drop,"Lamivudine/Tenofovir Disoproxil Fumarate 300/300mg, tablets, 30 Tabs",315.58,42074,225095.9,PMO - US,"Aurobindo Unit VII, IN",Lamivudine/Tenofovir Disoproxil Fumarate,5.35,12/13/11,SCMS-129870,FPQ-8932,12-06-11,ARV,107-RW-T30,24-Jan-12,Air,Adult,30,0.18,Aurobindo Pharma Limited,EXW,4105
56716,ASN-32265,Generic,Vietnam,10-Jul-15,10-Jul-15,600/300/300mg,Tablet - FDC,Yes,5489.55,Direct Drop,"Efavirenz/Lamivudine/Tenofovir Disoproxil Fumarate 600/300/300mg, tablets, 30 Tabs",80.22,6816,68160.0,PMO - US,Hetero Unit III Hyderabad IN,Efavirenz/Lamivudine/Tenofovir Disoproxil Fumarate,10.0,2/17/15,SCMS-274390,FPQ-15692,1/28/15,ARV,108-VN-T30,10-Jul-15,Air,Adult,30,0.33,HETERO LABS LIMITED,EXW,2541
68397,ASN-23308,Generic,Uganda,17-Jan-14,21-Jan-14,50mg,Chewable/dispersible tablet,Yes,3231.11,Direct Drop,"Nevirapine 50mg, dispersible tablets (tablets for oral suspension), 30 Tabs",14,9051,11313.75,PMO - US,"Aurobindo Unit III, India",Nevirapine,1.25,09-02-13,SCMS-205040,FPQ-12841,8/19/13,ARV,114-UG-T30,17-Jan-14,Air,Pediatric,30,0.04,Aurobindo Pharma Limited,EXW,575
45149,ASN-9249,Generic,Vietnam,11-Feb-11,11-Feb-11,250mg,Delayed-release capsules,Yes,3657.69,Direct Drop,"Didanosine 250mg, delayed-release capsules, 30 Caps",8.41,300,3900.0,PMO - US,"Aurobindo Unit III, India",Didanosine,13.0,10/14/10,SCMS-87720,FPQ-6384,9/30/10,ARV,108-VN-T30,11-Feb-11,Air,Adult,30,0.43,Aurobindo Pharma Limited,EXW,21
32837,ASN-8465,Generic,South Africa,08-Dec-10,08-Dec-10,200mg,Tablet,Yes,5159.34,Direct Drop,"Nevirapine 200mg, tablets, 60 Tabs",151.09,24000,70080.0,PMO - US,"Aurobindo Unit III, India",Nevirapine,2.92,3/19/10,SCMS-68981,FPQ-5303,3/18/10,ARV,161-ZA-T30,08-Dec-10,Air,Adult,60,0.05,Aurobindo Pharma Limited,DDP,2830
84876,DN-3472,Generic,CÃte dIvoire,10-Jan-14,15-Jan-14,30/50/60mg,Chewable/dispersible tablet - FDC,Yes,3649.76,From RDC,"Lamivudine/Nevirapine/Zidovudine 30/50/60mg, dispersible tablets, 60 Tabs",10.21,2200,8250.0,PMO - US,"Cipla, Goa, India",Lamivudine/Nevirapine/Zidovudine,3.75,N/A - From RDC,SO-46372,FPQ-12800,08-09-13,ARV,104-CI-T30,31-Jan-14,Air,Pediatric,60,0.06,SCMS from RDC,N/A - From RDC,192
82537,DN-2952,Generic,Uganda,02-Feb-13,02-Feb-13,300/300mg,Tablet - FDC,Yes,9609.69,From RDC,"Lamivudine/Tenofovir Disoproxil Fumarate 300/300mg, tablets, 30 Tabs",37.63,5580,26839.8,PMO - US,"Cipla, Kurkumbh, India",Lamivudine/Tenofovir Disoproxil Fumarate,4.81,N/A - From RDC,SO-43160,FPQ-10556,8/30/12,ARV,114-UG-T30,02-Feb-13,Air,Adult,30,0.16,SCMS from RDC,N/A - From RDC,1187
12879,DN-1183,Generic,Nigeria,08-May-09,08-May-09,150/300mg,Tablet - FDC,Yes,15128.37,From RDC,"Lamivudine/Zidovudine 150/300mg, tablets, 60 Tabs",641.41,35000,327250.0,PMO - US,"Aurobindo Unit III, India",Lamivudine/Zidovudine,9.35,N/A - From RDC,SO-23430,Pre-PQ Process,Pre-PQ Process,ARV,123-NG-T01,08-May-09,Air Charter,Adult,60,0.16,SCMS from RDC,N/A - From RDC,3162
84994,DN-3999,Generic,Nigeria,30-Oct-14,03-Nov-14,150/300/200mg,Tablet - FDC,No,See DN-3999 (ID#:82752),From RDC,"Lamivudine/Nevirapine/Zidovudine 150/200/300mg, tablets, 60 Tabs",833.71,100000,811000.0,PMO - US,"Cipla, Goa, India",Lamivudine/Nevirapine/Zidovudine,8.11,N/A - From RDC,SO-48891,FPQ-14156,4/25/14,ARV,151-NG-T30,30-Nov-14,Air Charter,Adult,60,0.14,SCMS from RDC,N/A - From RDC,See DN-3999 (ID#:82752)
12341,DN-44,Generic,Mozambique,17-Apr-07,17-Apr-07,600mg,Tablet,No,See DN-44 (ID#:10549),From RDC,"Efavirenz 600mg, tablets, 30 Tabs",MIssing,23035,385836.25,PMO - US,"Aurobindo Unit III, India",Efavirenz,16.75,N/A - From RDC,SO-293,Pre-PQ Process,Pre-PQ Process,ARV,111-MZ-T01,17-Apr-07,Air,Adult,30,0.56,SCMS from RDC,N/A - From RDC,See DN-44 (ID#:10549)
85272,DN-2706,Generic,Nigeria,03-Jun-12,03-Jun-12,150mg,Tablet,Yes,17090,From RDC,"Lamivudine 150mg, tablets, 60 Tabs",65.33,20000,46600.0,PMO - US,"Aurobindo Unit III, India",Lamivudine,2.33,N/A - From RDC,SO-41257,FPQ-8952,12-08-11,ARV,151-NG-T30,20-Jun-12,Air Charter,Adult,60,0.04,SCMS from RDC,N/A - From RDC,2238
16,ASN-55,Generic,Vietnam,11-Aug-06,11-Aug-06,30mg,Capsule,Yes,45450.08,Direct Drop,"Stavudine 30mg, capsules, 60 Caps",MIssing,38000,121600.0,PMO - US,"Aurobindo Unit III, India",Stavudine,3.2,Date Not Captured,SCMS-81,Pre-PQ Process,Pre-PQ Process,ARV,108-VN-T01,11-Aug-06,Air,Adult,60,0.05,Aurobindo Pharma Limited,EXW,7590
9629,ASN-1591,Colloidal Gold,Ethiopia,17-Apr-08,17-Apr-08,MIssing,Test kit,Yes,6267.38,Direct Drop,"HIV 1/2, SKB Colloidal Gold, Diagnostic Kit, Antibody, 50 Tests",38.42,1044,24012.0,PMO - US,"KHB Test Kit Facility, Shanghai China","HIV 1/2, Colloidal Gold, Diagnostic Kit, Antibody",23.0,2/29/08,SCMS-18520,Pre-PQ Process,Pre-PQ Process,HRDT,117-ET-T01,17-Apr-08,Air,HIV test,1,23.0,"SHANGHAI KEHUA BIOENGINEERING CO.,LTD.  (KHB)",EXW,754
10476,ASN-4710,Videx,Vietnam,24-Aug-09,24-Aug-09,25mg,Chewable/dispersible tablet,Yes,Freight Included in Commodity Cost,Direct Drop,"Didanosine 25mg [Videx], chewable tablets, 60 Tabs",6.59,480,3360.0,PMO - US,"BMS Meymac, France",Didanosine,7.0,5/27/09,SCMS-46570,Pre-PQ Process,Pre-PQ Process,ARV,108-VN-T01,24-Aug-09,Air,Pediatric,60,0.12,BRISTOL-MYERS SQUIBB,CIP,Weight Captured Separately
34698,ASN-14198,Clearview,Namibia,13-Apr-12,13-Apr-12,MIssing,Test kit,Yes,481.63,Direct Drop,"HIV 1/2, Clearview Complete Kit, 25 Tests",6.66,50,4750.0,PMO - US,Chembio Diagnostics Sys. Inc.,"HIV 1/2, Clearview Complete Kit",95.0,01-12-12,SCMS-131120,FPQ-8795,12-05-11,HRDT,153-NA-T30,13-Apr-12,Air,HIV test,25,3.8,"Orgenics, Ltd",EXW,36
83682,DN-3112,Generic,Mozambique,26-Jul-13,26-Jul-13,10mg/ml,Oral solution,Yes,5496.08,From RDC,"Zidovudine 10mg/ml, oral solution w/syringe, Bottle, 240 ml",48.31,18597,39053.7,PMO - US,"Aurobindo Unit III, India",Zidovudine,2.1,N/A - From RDC,SO-43791,FPQ-11033,11-12-12,ARV,111-MZ-T30,14-Jul-13,Truck,Pediatric,240,0.01,SCMS from RDC,N/A - From RDC,7141
36431,ASN-12988,Generic,South Africa,30-Jan-12,30-Jan-12,200mg,Tablet,Yes,8527.45,Direct Drop,"Nevirapine 200mg, tablets, 60 Tabs",158.71,35364,96190.08,PMO - US,"Cipla, Goa, India",Nevirapine,2.72,3/28/11,SCMS-104080,FPQ-7175,03-10-11,ARV,161-ZA-T30,13-Dec-11,Ocean,Adult,60,0.05,CIPLA LIMITED,DDP,3793
86789,DN-4178,Generic,Burundi,25-Mar-15,30-Mar-15,30/60mg,Chewable/dispersible tablet - FDC,No,See DN-4178 (ID#:84460),From RDC,"Lamivudine/Zidovudine 30/60mg, dispersible tablets, 60 Tabs",0.65,282,549.9,PMO - US,"Mylan,  H-12 & H-13, India",Lamivudine/Zidovudine,1.95,N/A - From RDC,SO-50280,FPQ-15406,11/19/14,ARV,102-BI-T30,29-May-15,Air,Pediatric,60,0.03,SCMS from RDC,N/A - From RDC,See DN-4178 (ID#:84460)
5201,ASN-4812,Kaletra,CÃte dIvoire,15-Sep-09,15-Sep-09,80/20mg/ml,Oral solution,Yes,Freight Included in Commodity Cost,Direct Drop,"Lopinavir/Ritonavir 80/20mg/ml [Kaletra], oral solution, cool, Bottle 5 x 60 ml",1.61,20,822.0,PMO - US,ABBVIE (Abbott) Logis. UK,Lopinavir/Ritonavir,41.1,3/30/09,SCMS-42241,Pre-PQ Process,Pre-PQ Process,ARV,104-CI-T01,15-Sep-09,Air,Pediatric,300,0.14,ABBVIE LOGISTICS (FORMERLY ABBOTT LOGISTICS BV),CIP,Weight Captured Separately
86252,DN-1598,Generic,Uganda,23-Dec-09,23-Dec-09,300mg,Tablet,No,See DN-1598 (ID#:83392),From RDC,"Zidovudine 300mg, tablets, 60 Tabs",2.27,140,1054.2,PMO - US,"Aurobindo Unit III, India",Zidovudine,7.53,N/A - From RDC,SO-34840,FPQ-4497,10/28/09,ARV,114-UG-T30,17-Feb-10,Air,Adult,60,0.13,SCMS from RDC,N/A - From RDC,See DN-1598 (ID#:83392)
83749,DN-3475,Aluvia,Nigeria,10-Jan-14,15-Jan-14,200/50mg,Tablet,Yes,49199.75,From RDC,"Lopinavir/Ritonavir 200/50mg [Aluvia], tablets, 120 Tabs",1011.37,40435,817595.7,PMO - US,ABBVIE Ludwigshafen Germany,Lopinavir/Ritonavir,20.22,N/A - From RDC,SO-47180,FPQ-11771,2/28/13,ARV,151-NG-T30,31-Jan-14,Air Charter,Adult,120,0.17,SCMS from RDC,N/A - From RDC,9966
74479,ASN-6034,Colloidal Gold,Ethiopia,11-Feb-10,11-Feb-10,MIssing,Test kit,Yes,5456.44,Direct Drop,"HIV 1/2, SKB Colloidal Gold, Diagnostic Kit, Antibody, 50 Tests",39.67,800,18400.0,PMO - US,"KHB Test Kit Facility, Shanghai China","HIV 1/2, Colloidal Gold, Diagnostic Kit, Antibody",23.0,01-12-10,SCMS-63002,FPQ-4873,01-05-10,HRDT,117-ET-T30,11-Feb-10,Air,HIV test,1,23.0,"SHANGHAI KEHUA BIOENGINEERING CO.,LTD.  (KHB)",EXW,543
84776,DN-2963,Generic,Tanzania,18-Feb-13,18-Feb-13,60/100/12mg,Chewable/dispersible tablet - FDC,Yes,7579.6,From RDC,"Lamivudine/Nevirapine/Stavudine 60/100/12mg, dispersible tablets, 60 Tabs",64.67,10727,46126.1,PMO - US,"Cipla, Goa, India",Lamivudine/Nevirapine/Stavudine,4.3,N/A - From RDC,SO-43110,FPQ-10545,8/24/12,ARV,109-TZ-T30,28-Feb-13,Truck,Pediatric,60,0.07,SCMS from RDC,N/A - From RDC,945
69871,ASN-11855,Generic,Vietnam,21-Sep-11,21-Sep-11,150/200/30mg,Tablet - FDC,Yes,19056.13,Direct Drop,"Lamivudine/Nevirapine/Stavudine 150/200/30mg, tablets, 60 Tabs",181.57,22925,110040.0,PMO - US,Hetero Unit III Hyderabad IN,Lamivudine/Nevirapine/Stavudine,4.8,4/14/11,SCMS-105540,FPQ-7427,3/31/11,ARV,108-VN-T30,21-Sep-11,Air,Adult,60,0.08,HETERO LABS LIMITED,EXW,3723
44330,ASN-27979,Generic,South Africa,27-Aug-14,27-Aug-14,10mg/ml,Oral solution,No,Freight Included in Commodity Cost,Direct Drop,"Lamivudine 10mg/ml, oral solution w/syringe, Bottle, 240 ml",0.14,14,111.95,PMO - US,"Aurobindo Unit III, India",Lamivudine,8.0,8/27/14,SCMS-199283,FPQ-12522,07-11-13,ARV,116-ZA-T30,27-Aug-14,Truck,Pediatric,240,0.03,S. BUYS WHOLESALER,DDP,Weight Captured Separately
85873,DN-2721,Generic,Tanzania,25-Jul-12,25-Jul-12,10mg/ml,Oral suspension,Yes,3853.89,From RDC,"Nevirapine 10mg/ml, oral suspension w/syringe, Bottle, 240 ml",94.93,29504,57532.8,PMO - US,"Aurobindo Unit III, India",Nevirapine,1.95,N/A - From RDC,SO-40471,FPQ-8303,8/22/11,ARV,109-TZ-T30,15-Aug-12,Truck,Pediatric,240,0.01,SCMS from RDC,N/A - From RDC,10913
7055,ASN-1667,Videx,South Africa,07-Apr-08,07-Apr-08,100mg,Chewable/dispersible tablet,No,Freight Included in Commodity Cost,Direct Drop,"Didanosine 100mg [Videx],chewable tablets, 60 Tabs",0.13,6,81.66,PMO - US,"BMS Meymac, France",Didanosine,13.61,04-04-08,SCMS-21460,Pre-PQ Process,Pre-PQ Process,ARV,116-ZA-T01,25-Apr-08,MIssing,Pediatric,60,0.23,S. BUYS WHOLESALER,DDP,Weight Captured Separately
82950,DN-2205,Generic,Zimbabwe,15-Jun-11,15-Jun-11,150/200/30mg,Tablet - FDC,Yes,15608.15,From RDC,"Lamivudine/Nevirapine/Stavudine 150/200/30mg, tablets, 60 Tabs",226.33,19512,104974.56,PMO - US,"Cipla, Goa, India",Lamivudine/Nevirapine/Stavudine,5.38,N/A - From RDC,SO-39510,FPQ-6470,10/13/10,ARV,113-ZW-T30,31-May-11,Truck,Adult,60,0.09,SCMS from RDC,N/A - From RDC,10589
83305,DN-4105,Aluvia,Uganda,25-Feb-15,05-Mar-15,200/50mg,Tablet,Yes,9482.19,From RDC,"Lopinavir/Ritonavir 200/50mg [Aluvia], tablets, 120 Tabs",218.74,9833,185843.7,PMO - US,ABBVIE Ludwigshafen Germany,Lopinavir/Ritonavir,18.9,N/A - From RDC,SO-50640,FPQ-15638,12/22/14,ARV,114-UG-T30,27-Feb-15,Truck,Adult,120,0.16,SCMS from RDC,N/A - From RDC,2033
12837,DN-1044,Generic,Zimbabwe,16-Feb-09,16-Feb-09,600mg,Tablet,No,See DN-1044 (ID#:10996),From RDC,"Efavirenz 600mg, tablets, 30 Tabs",94.16,4000,48040.0,PMO - US,"Aurobindo Unit III, India",Efavirenz,12.01,N/A - From RDC,SO-14000,Pre-PQ Process,Pre-PQ Process,ARV,113-ZW-T01,16-Feb-09,Truck,Adult,30,0.4,SCMS from RDC,N/A - From RDC,See DN-1044 (ID#:10996)
83960,DN-1507,Generic,Uganda,12-Nov-09,12-Nov-09,600mg,Tablet,Yes,709.02,From RDC,"Efavirenz 600mg, tablets, 30 Tabs",2.27,200,1156.0,PMO - US,"Aurobindo Unit III, India",Efavirenz,5.78,N/A - From RDC,SO-34150,FPQ-4453,09-02-09,ARV,114-UG-T30,21-Nov-09,Air,Adult,30,0.19,SCMS from RDC,N/A - From RDC,22
48765,ASN-5900,Determine,Kenya,19-Feb-10,19-Feb-10,MIssing,Test kit,Yes,8664.89,Direct Drop,"HIV 1/2, Determine Complete HIV Kit, 100 Tests",0.17,1,80.0,PMO - US,Inverness Japan,"HIV 1/2, Determine Complete HIV Kit",80.0,12-02-09,SCMS-58380,FPQ-4587,11/18/09,HRDT,102-KE-T30,16-Feb-10,Air,HIV test,100,0.8,"Orgenics, Ltd",EXW,822
6931,ASN-1697,Ziagen,Tanzania,08-May-08,08-May-08,20mg/ml,Oral solution,Yes,Freight Included in Commodity Cost,Direct Drop,"Abacavir 20mg/ml [Ziagen], oral solution, Bottle, 240 ml",5.28,132,3300.0,PMO - US,GSK Mississauga (Canada),Abacavir,25.0,1/24/08,SCMS-16760,Pre-PQ Process,Pre-PQ Process,ARV,109-TZ-T01,08-May-08,Air,Pediatric,240,0.1,GLAXOSMITHKLINE EXPORT LIMITED,CIP,Weight Captured Separately
83547,DN-2460,Generic,Uganda,19-Jan-12,19-Jan-12,150/300mg,Tablet - FDC,Yes,4237.12,From RDC,"Lamivudine/Zidovudine 150/300mg, tablets, 60 Tabs",74.56,5471,45190.46,PMO - US,"Aurobindo Unit III, India",Lamivudine/Zidovudine,8.26,N/A - From RDC,SO-40912,FPQ-8520,10-05-11,ARV,114-UG-T30,10-Feb-12,Truck,Adult,60,0.14,SCMS from RDC,N/A - From RDC,521
2436,ASN-3625,Retrovir,South Africa,30-Dec-08,30-Dec-08,300mg,Tablet,No,Freight Included in Commodity Cost,Direct Drop,"Zidovudine 300mg [Retrovir], tablets, 60 Tabs",37.36,1350,19062.0,PMO - US,GSK Aranda,Zidovudine,14.12,Date Not Captured,SCMS-41070,Pre-PQ Process,Pre-PQ Process,ARV,116-ZA-T01,12-May-09,Air,Adult,60,0.24,S. BUYS WHOLESALER,DDP,Weight Captured Separately
20236,ASN-27324,Generic,"Congo, DRC",30-Sep-14,21-Oct-14,200mg,Delayed-release capsules,No,See ASN-27324 (ID#:13842),Direct Drop,"Didanosine 200mg, delayed-release capsules, 30 Caps",6.22,550,6050.0,PMO - US,"Aurobindo Unit III, India",Didanosine,11.0,5/19/14,SCMS-239810,FPQ-14255,5/15/14,ARV,101-CD-T30,30-Sep-14,Air,Pediatric,30,0.37,Aurobindo Pharma Limited,EXW,See ASN-27324 (ID#:13842)
5253,ASN-57,Generic,Nigeria,28-Sep-06,28-Sep-06,10mg/ml,Oral suspension,No,See ASN-57 (ID#:23),Direct Drop,"Nevirapine 10mg/ml, oral suspension, Bottle, 240 ml",MIssing,416,2579.2,PMO - US,"Aurobindo Unit III, India",Nevirapine,6.2,Date Not Captured,SCMS-87,Pre-PQ Process,Pre-PQ Process,ARV,112-NG-T01,28-Sep-06,Air,Pediatric,240,0.03,Aurobindo Pharma Limited,EXW,See ASN-57 (ID#:23)
11545,DN-636,Generic,Tanzania,01-Apr-08,01-Apr-08,100mg,Chewable/dispersible tablet,Yes,6923.3,From RDC,"Didanosine 100mg, chewable/dispersible tablets, 60 Tabs",116.15,9367,72594.25,PMO - US,"Aurobindo Unit III, India",Didanosine,7.75,N/A - From RDC,SO-1651,Pre-PQ Process,Pre-PQ Process,ARV,109-TZ-T01,01-Apr-08,Air,Pediatric,60,0.13,SCMS from RDC,N/A - From RDC,1955
84979,DN-3939,Generic,Mozambique,30-Oct-14,13-Nov-14,300mg,Tablet,No,See DN-3939 (ID#:82732),From RDC,"Abacavir 300mg, tablets, 60 Tabs",93.16,7977,90618.72,PMO - US,"Aurobindo Unit III, India",Abacavir,11.36,N/A - From RDC,SO-47700,FPQ-13575,1/17/14,ARV,111-MZ-T30,31-Oct-14,Truck,Adult,60,0.19,SCMS from RDC,N/A - From RDC,See DN-3939 (ID#:82732)
80925,ASN-33851,Generic,South Africa,24-Aug-15,24-Aug-15,20mg/ml,Oral solution,No,Freight Included in Commodity Cost,Direct Drop,"Abacavir 20mg/ml, oral solution, Bottle, 240 ml",0.41,21,398.98,PMO - US,"Aurobindo Unit III, India",Abacavir,19.0,10-09-14,SCMS-259079,FPQ-14942,09-11-14,ARV,116-ZA-T30,24-Aug-15,Truck,Pediatric,240,0.08,PHARMACY DIRECT,DDP,Weight Captured Separately
12793,DN-842,Uni-Gold,Cameroon,20-Aug-08,20-Aug-08,MIssing,Test kit,Yes,7805.33,From RDC,"HIV 1/2, Uni-Gold HIV Kit, 20 Tests",102.4,2000,64000.0,PMO - US,"Trinity Biotech, Plc","HIV 1/2, Uni-Gold HIV Kit",32.0,N/A - From RDC,SO-11520,Pre-PQ Process,Pre-PQ Process,HRDT,136-RW-T01,20-Aug-08,Air,HIV test,20,1.6,SCMS from RDC,N/A - From RDC,643
46114,ASN-31819,Bioline,Sierra Leone,06-May-15,21-May-15,MIssing,Test kit,Yes,Invoiced Separately,Direct Drop,"HIV 1/2, Bioline 3.0 Kit, Lancets, Capillary pipets, Alcohol swabs included, 25 Tests",36.19,1500,30750.0,PMO - US,"Standard Diagnostics, Korea","HIV 1/2, Bioline 3.0 Kit, Lancets, Capillary pipets, Alcohol swabs included",20.5,4/20/15,SCMS-285340,FPQ-16015,04-03-15,HRDT,A02-SL-T50,06-May-15,Air,HIV test,25,0.82,"Standard Diagnostics, Inc.",EXW,Weight Captured Separately
37068,ASN-31070,Generic,South Africa,09-Mar-15,09-Mar-15,300mg,Tablet,No,Freight Included in Commodity Cost,Direct Drop,"Tenofovir Disoproxil Fumarate 300mg, tablets, 30 Tabs",1.96,138,1906.7,PMO - US,Mylan (formerly Matrix) Nashik,Tenofovir Disoproxil Fumarate,13.82,03-09-15,SCMS-259074,FPQ-14942,09-11-14,ARV,116-ZA-T30,09-Mar-15,Truck,Adult,30,0.46,PHARMACY DIRECT,DDP,Weight Captured Separately
21576,ASN-29592,Aluvia,Vietnam,16-Jan-15,17-Jan-15,200/50mg,Tablet,Yes,4489.32,Direct Drop,"Lopinavir/Ritonavir 200/50mg [Aluvia], tablets, 120 Tabs",350.13,5600,340592.0,PMO - US,ABBVIE Ludwigshafen Germany,Lopinavir/Ritonavir,60.82,08-11-14,SCMS-249140,FPQ-14516,07-09-14,ARV,108-VN-T30,16-Jan-15,Air,Adult,120,0.51,ABBVIE LOGISTICS (FORMERLY ABBOTT LOGISTICS BV),FCA,1368
84934,DN-3737,Generic,Guyana,03-Jun-14,18-Jul-14,200/50mg,Tablet,Yes,4353.04,From RDC,"Lopinavir/Ritonavir 200/50mg, tablets, 120 Tabs",20.89,1031,20321.01,PMO - US,Mylan (formerly Matrix) Nashik,Lopinavir/Ritonavir,19.71,N/A - From RDC,SO-48500,FPQ-14042,04-09-14,ARV,105-GY-T30,30-Jun-14,Air,Adult,120,0.16,SCMS from RDC,N/A - From RDC,298
63998,ASN-29421,Determine,Cameroon,02-Dec-14,05-Dec-14,MIssing,Test kit,Yes,846.69,Direct Drop,"HIV 1/2, Determine Complete HIV Kit, 100 Tests",9.87,120,9600.0,PMO - US,"Alere Medical Co., Ltd.","HIV 1/2, Determine Complete HIV Kit",80.0,10/16/14,SCMS-259420,FPQ-14930,9/23/14,HRDT,103-CM-T30,02-Dec-14,Air,HIV test,100,0.8,"Orgenics, Ltd",EXW,55
72948,ASN-33477,Generic,South Africa,24-Jul-15,24-Jul-15,300mg,Tablet,No,Freight Included in Commodity Cost,Direct Drop,"Tenofovir Disoproxil Fumarate 300mg, tablets, 30 Tabs",0.49,32,475.28,PMO - US,Mylan (formerly Matrix) Nashik,Tenofovir Disoproxil Fumarate,14.85,10-09-14,SCMS-259077,FPQ-14942,09-11-14,ARV,116-ZA-T30,24-Jul-15,Truck,Adult,30,0.5,PHARMACY DIRECT,DDP,Weight Captured Separately
28996,ASN-31199,Generic,Afghanistan,18-Aug-15,18-Aug-15,500/25mg,Tablet - FDC,Yes,525.56,Direct Drop,"Sulfadoxine/Pyrimethamine 500/25mg, tablets, 1000 Tabs",1.1,26,936.0,PMO - US,"Micro Labs, Hosur, India",Sulfadoxine/Pyrimethamine,36.0,02-12-15,SCMS-276460,FPQ-15746,1/20/15,ANTM,101-AF-T30,18-Aug-15,Air,Malaria,1000,0.04,AMSTELFARMA B.V.,EXW,21
84290,DN-3337,Generic,Zimbabwe,09-Oct-13,01-Nov-13,300/300mg,Tablet - FDC,Yes,12000,From RDC,"Lamivudine/Tenofovir Disoproxil Fumarate 300/300mg, tablets, 30 Tabs",782.54,131520,632611.2,PMO - US,Hetero Unit III Hyderabad IN,Lamivudine/Tenofovir Disoproxil Fumarate,4.81,N/A - From RDC,SO-44350,FPQ-11545,1/24/13,ARV,113-ZW-T30,30-Sep-13,Truck,Adult,30,0.16,SCMS from RDC,N/A - From RDC,2277
68508,ASN-5076,Bioline,Tanzania,15-Dec-09,15-Dec-09,MIssing,Test kit,Yes,82236.74,Direct Drop,"HIV 1/2, Bioline 3.0 Kit, (no accessories), 30 Tests",940.8,20000,480000.0,PMO - US,"Standard Diagnostics, Korea","HIV 1/2, Bioline 3.0 Kit (no accessories)",24.0,09-03-09,SCMS-52771,FPQ-4157,8/27/09,HRDT,109-TZ-T30,15-Dec-09,Air,HIV test,30,0.8,"Standard Diagnostics, Inc.",EXW,6223
82714,DN-3851,Generic,CÃte dIvoire,18-Aug-14,05-Sep-14,600/300mg,Tablet - FDC,Yes,1933.72,From RDC,"Abacavir/Lamivudine 600/300mg, tablets, 30 Tabs",38.3,2756,37261.12,PMO - US,"Cipla, Patalganga, India",Abacavir/Lamivudine,13.52,N/A - From RDC,SO-49100,FPQ-14370,5/23/14,ARV,104-CI-T30,31-Oct-14,Truck,Adult,30,0.45,SCMS from RDC,N/A - From RDC,248
86695,DN-3772,Generic,Zimbabwe,20-Jun-14,07-Jul-14,60/30mg,Tablet - FDC,Yes,102.67,From RDC,"Abacavir/Lamivudine 60/30mg, tablets, 60 Tabs",8.11,1973,7892.0,PMO - US,"Aurobindo Unit III, India",Abacavir/Lamivudine,4.0,N/A - From RDC,SO-47250,FPQ-13316,11/26/13,ARV,103-ZW-T30,30-Jun-14,Air,Pediatric,60,0.07,SCMS from RDC,N/A - From RDC,8894
5821,ASN-3087,OraQuick,Haiti,14-Jan-09,14-Jan-09,MIssing,Test kit,Yes,Freight Included in Commodity Cost,Direct Drop,"HIV 1/2, OraQuick Advance HIV Rapid Antibody Kit, 100 Tests",19.21,28,9800.0,PMO - US,"Pacific Biotech, Thailand","HIV 1/2, OraQuick Advance HIV Rapid Antibody Kit",350.0,5/23/08,SCMS-24010,Pre-PQ Process,Pre-PQ Process,HRDT,106-HT-T01,14-Jan-09,Air,HIV test,100,3.5,Orasure Technologies Inc.,CIP,Weight Captured Separately
10706,DN-690,Aluvia,Haiti,14-Apr-08,14-Apr-08,200/50mg,Tablet,Yes,47525.69,From RDC,"Lopinavir/Ritonavir 200/50mg [Aluvia], tablets, 120 Tabs",25.58,389,15987.9,PMO - US,ABBVIE Ludwigshafen Germany,Lopinavir/Ritonavir,41.1,N/A - From RDC,SO-2055,Pre-PQ Process,Pre-PQ Process,ARV,106-HT-T01,14-Apr-08,Air,Adult,120,0.34,SCMS from RDC,N/A - From RDC,4639
83631,DN-2889,Generic,Tanzania,06-Nov-12,06-Nov-12,60/100/12mg,Chewable/dispersible tablet - FDC,Yes,1696,From RDC,"Lamivudine/Nevirapine/Stavudine 60/100/12mg, dispersible tablets, 60 Tabs",5.09,844,3629.2,PMO - US,"Cipla, Goa, India",Lamivudine/Nevirapine/Stavudine,4.3,N/A - From RDC,SO-41551,FPQ-9303,2/15/12,ARV,109-TZ-T30,30-Nov-12,Truck,Pediatric,60,0.07,SCMS from RDC,N/A - From RDC,466
30514,ASN-19166,Generic,South Africa,16-Apr-13,16-Apr-13,300mg,Tablet,No,Freight Included in Commodity Cost,Direct Drop,"Abacavir 300mg, tablets, 60 Tabs",1.45,45,1175.15,South Africa Field Office,"Cipla, Patalganga, India",Abacavir,26.11,Date Not Captured,SCMS-183950,FPQ-11828,3/18/13,ARV,116-ZA-T30,16-Apr-13,Truck,Adult,60,0.44,S. BUYS WHOLESALER,DDP,Weight Captured Separately
9578,ASN-1327,Capillus,Haiti,18-Feb-08,18-Feb-08,MIssing,Test kit,Yes,Invoiced Separately,Direct Drop,"HIV 1/2, Capillus HIV Kit, 100 Tests",55.6,250,34750.0,PMO - US,"Trinity Biotech, Plc","HIV 1/2, Capillus HIV Kit",139.0,02-04-08,SCMS-16700,Pre-PQ Process,Pre-PQ Process,HRDT,106-HT-T01,18-Feb-08,Air,HIV test,100,1.39,"Trinity Biotech, Plc",EXW,Weight Captured Separately
29963,ASN-19520,Generic,Haiti,10-Jun-13,10-Jun-13,20mg/ml,Oral solution,No,See ASN-19520 (ID#:18405),Direct Drop,"Abacavir 20mg/ml, oral solution w/syringe, Bottle, 240 ml",2.15,255,1741.65,PMO - US,"Aurobindo Unit III, India",Abacavir,6.83,03-11-13,SCMS-177182,FPQ-11442,1/30/13,ARV,106-HT-T30,10-Jun-13,Air,Pediatric,240,0.03,Aurobindo Pharma Limited,EXW,See ASN-19520 (ID#:18405)
5364,ASN-640,Videx,CÃte dIvoire,24-Aug-07,24-Aug-07,50mg,Chewable/dispersible tablet,Yes,Freight Included in Commodity Cost,Direct Drop,"Didanosine 50mg [Videx], chewable tablets, 60 Tabs",23.97,1577,14981.5,PMO - US,"BMS Meymac, France",Didanosine,9.5,05-09-07,SCMS-10070,Pre-PQ Process,Pre-PQ Process,ARV,104-CI-T01,24-Aug-07,Air,Pediatric,60,0.16,BRISTOL-MYERS SQUIBB,CIP,309
14846,ASN-18068,Kaletra,"Congo, DRC",16-Apr-13,16-Apr-13,80/20mg/ml,Oral solution,Yes,2570.86,Direct Drop,"Lopinavir/Ritonavir 80/20mg/ml [Kaletra], oral solution, cool, Bottle 5 x 60 ml",2.29,60,1849.2,PMO - US,ABBVIE (Abbott) Logis. UK,Lopinavir/Ritonavir,30.82,01-03-13,SCMS-170640,FPQ-11103,12-07-12,ARV,101-CD-T30,16-Apr-13,Air,Pediatric,300,0.1,ABBVIE LOGISTICS (FORMERLY ABBOTT LOGISTICS BV),FCA,113
82408,DN-2360,Generic,Swaziland,15-Sep-11,15-Sep-11,150/300/200mg,Tablet - FDC,No,See DN-2360 (ID#:82407),From RDC,"Lamivudine/Nevirapine/Zidovudine 150/200/300mg, tablets, 60 Tabs",201.79,10900,122298.0,PMO - US,"Aurobindo Unit III, India",Lamivudine/Nevirapine/Zidovudine,11.22,N/A - From RDC,SO-40590,FPQ-8360,09-02-11,ARV,901-SZ-T30,30-Sep-11,Air,Adult,60,0.19,SCMS from RDC,N/A - From RDC,See DN-2360 (ID#:82407)
12178,DN-837,Generic,Haiti,01-Aug-08,01-Aug-08,150/300mg,Tablet - FDC,Yes,11572,From RDC,"Lamivudine/Zidovudine 150/300mg, tablets, 60 Tabs",253.29,16752,158306.4,PMO - US,"Aurobindo Unit III, India",Lamivudine/Zidovudine,9.45,N/A - From RDC,SO-2595,Pre-PQ Process,Pre-PQ Process,ARV,106-HT-T01,01-Aug-08,Air,Adult,60,0.16,SCMS from RDC,N/A - From RDC,1580
85002,DN-4034,Generic,Uganda,05-Jan-15,06-Jan-15,600/300/300mg,Tablet - FDC,Yes,6948.04,From RDC,"Efavirenz/Lamivudine/Tenofovir Disoproxil Fumarate 600/300/300mg, tablets, 30 Tabs",498.68,45000,485100.0,PMO - US,Mylan (formerly Matrix) Nashik,Efavirenz/Lamivudine/Tenofovir Disoproxil Fumarate,10.78,N/A - From RDC,SO-48992,FPQ-14396,06-04-14,ARV,114-UG-T30,30-Jan-15,Truck,Adult,30,0.36,SCMS from RDC,N/A - From RDC,5083
11079,DN-1615,Generic,Nigeria,22-Jan-10,22-Jan-10,200/300mg,Tablet - FDC,Yes,19480.97,From RDC,"Emtricitabine/Tenofovir Disoproxil Fumarate 200/300mg, tablets, 30 Tabs",0.13,5,58.75,PMO - US,Mylan (formerly Matrix) Nashik,Emtricitabine/Tenofovir Disoproxil Fumarate,11.75,N/A - From RDC,SO-35330,Pre-PQ Process,Date Not Captured,ARV,151-NG-T30,19-Feb-10,Air,Adult,30,0.39,SCMS from RDC,N/A - From RDC,1
1067,ASN-3624,Zerit,South Africa,23-Dec-08,23-Dec-08,1mg/ml,Powder for oral solution,Yes,Freight Included in Commodity Cost,Direct Drop,"Stavudine 1mg/ml [Zerit], powder for oral solution, Bottle, 200 ml",2.26,960,1152.0,PMO - US,"BMS Meymac, France",Stavudine,1.2,Date Not Captured,SCMS-41060,Pre-PQ Process,Pre-PQ Process,ARV,116-ZA-T01,05-May-09,Air,Pediatric,200,0.01,S. BUYS WHOLESALER,DDP,Weight Captured Separately
12135,DN-466,Generic,Zambia,12-Dec-07,12-Dec-07,200mg,Tablet,Yes,15671.53,From RDC,"Nevirapine 200mg, tablets, 60 Tabs",328.79,60440,205496.0,PMO - US,"Aurobindo Unit III, India",Nevirapine,3.4,N/A - From RDC,SO-1314,Pre-PQ Process,Pre-PQ Process,ARV,110-ZM-T01,12-Dec-07,MIssing,Adult,60,0.06,SCMS from RDC,N/A - From RDC,5725
83579,DN-2608,Generic,Zambia,16-Apr-12,16-Apr-12,150/200/30mg,Tablet - FDC,Yes,8510.81,From RDC,"Lamivudine/Nevirapine/Stavudine 150/200/30mg, tablets, 60 Tabs",443.85,50000,269000.0,PMO - US,"Strides, Bangalore, India.",Lamivudine/Nevirapine/Stavudine,5.38,N/A - From RDC,SO-40953,FPQ-8476,9/27/11,ARV,110-ZM-T30,15-May-12,Truck,Adult,60,0.09,SCMS from RDC,N/A - From RDC,10381
7176,ASN-2396,Uni-Gold,Rwanda,18-Oct-08,18-Oct-08,MIssing,Test kit,Yes,22370.64,Direct Drop,"HIV 1/2, Uni-Gold HIV Kit, 20 Tests",174.08,3400,108800.0,PMO - US,"Trinity Biotech, Plc","HIV 1/2, Uni-Gold HIV Kit",32.0,06-12-08,SCMS-25080,Pre-PQ Process,Pre-PQ Process,HRDT,107-RW-T01,18-Oct-08,Air,HIV test,20,1.6,"Trinity Biotech, Plc",EXW,1131
28309,ASN-30715,Kaletra,South Africa,16-Feb-15,16-Feb-15,80/20mg/ml,Oral solution,Yes,Freight Included in Commodity Cost,Direct Drop,"Lopinavir/Ritonavir 80/20mg/ml [Kaletra], oral solution, cool, Bottle 5 x 60 ml",0.07,3,66.2,PMO - US,ABBVIE (Abbott) Logis. UK,Lopinavir/Ritonavir,22.07,05-08-14,SCMS-238570,FPQ-13973,4/30/14,ARV,116-ZA-T30,16-Feb-15,Truck,Pediatric,300,0.07,PHARMACY DIRECT,DDP,Weight Captured Separately
84122,DN-2443,Generic,Tanzania,22-Dec-11,22-Dec-11,200/300mg,Tablet - FDC,Yes,Invoiced Separately,From RDC,"Emtricitabine/Tenofovir Disoproxil Fumarate 200/300mg, tablets, 30 Tabs",354.32,23940,214741.8,PMO - US,"Aurobindo Unit III, India",Emtricitabine/Tenofovir Disoproxil Fumarate,8.97,N/A - From RDC,SO-40620,FPQ-8297,8/22/11,ARV,109-TZ-T30,10-Jan-12,Truck,Adult,30,0.3,SCMS from RDC,N/A - From RDC,Weight Captured Separately
86746,DN-4011,Generic,Rwanda,13-Nov-14,14-Nov-14,30/60mg,Chewable/dispersible tablet - FDC,No,See DN-4011 (ID#:84426),From RDC,"Lamivudine/Zidovudine 30/60mg, dispersible tablets, 60 Tabs",0.94,459,913.41,PMO - US,"Cipla, Goa, India",Lamivudine/Zidovudine,1.99,N/A - From RDC,SO-49941,FPQ-14811,10/15/14,ARV,107-RW-T30,14-Jan-15,Truck,Pediatric,60,0.03,SCMS from RDC,N/A - From RDC,See DN-4011 (ID#:84426)
3770,ASN-4339,Zerit,South Africa,09-Apr-09,09-Apr-09,15mg,Capsule,No,Freight Included in Commodity Cost,Direct Drop,"Stavudine 15mg [Zerit], capsules, 60 Caps",13.94,1800,7110.0,PMO - US,"BMS Meymac, France",Stavudine,3.95,3/27/09,SCMS-41583,Pre-PQ Process,Pre-PQ Process,ARV,116-ZA-T01,25-Jun-09,Air,Adult,60,0.07,S. BUYS WHOLESALER,DDP,Weight Captured Separately
54513,ASN-5934,Epivir,South Africa,28-Dec-09,28-Dec-09,150mg,Tablet,No,Freight Included in Commodity Cost,Direct Drop,"Lamivudine 150mg [Epivir], tablets, 60 Tabs",41.18,3200,19098.79,PMO - US,GSK Cape Town Factory (South Africa),Lamivudine,5.97,12/23/09,SCMS-60170,FPQ-4770,12/17/09,ARV,116-ZA-T30,28-Dec-09,Truck,Adult,60,0.1,S. BUYS WHOLESALER,DDP,Weight Captured Separately
82868,DN-1718,Generic,Nigeria,31-Mar-10,31-Mar-10,150/300mg,Tablet - FDC,Yes,Freight Included in Commodity Cost,From RDC,"Lamivudine/Zidovudine 150/300mg, tablets, 60 Tabs",13.41,710,6219.6,PMO - US,"Aurobindo Unit III, India",Lamivudine/Zidovudine,8.76,N/A - From RDC,SO-35058,FPQ-4537,11-06-09,ARV,151-NG-T30,19-Apr-10,Air Charter,Adult,60,0.15,SCMS from RDC,N/A - From RDC,62
82335,DN-1907,Generic,Ethiopia,08-Jul-10,08-Jul-10,300mg,Tablet,Yes,755.64,From RDC,"Zidovudine 300mg, tablets, 60 Tabs",31.09,2000,14420.0,PMO - US,"Aurobindo Unit III, India",Zidovudine,7.21,N/A - From RDC,SO-37070,FPQ-5827,06-09-10,ARV,117-ET-T30,15-Jul-10,Air,Adult,60,0.12,SCMS from RDC,N/A - From RDC,88
9566,ASN-1520,Stocrin/Sustiva,South Africa,04-Jan-08,04-Jan-08,200mg,Capsule,No,Freight Included in Commodity Cost,Direct Drop,"Efavirenz 200mg [Stocrin/Sustiva], capsule, 90 Caps",5.28,100,3297.0,PMO - US,"MSD Midrand, Jburg, SA",Efavirenz,32.97,01-04-08,SCMS-16600,Pre-PQ Process,Pre-PQ Process,ARV,116-ZA-T01,21-Jan-08,MIssing,Pediatric,90,0.37,"JSI R&T INSTITUTE, INC.",DDP,Weight Captured Separately
61852,ASN-33568,Determine,Guyana,28-Aug-15,28-Aug-15,MIssing,Test kit,Yes,Invoiced Separately,Direct Drop,"HIV 1/2, Determine Complete HIV Kit, 100 Tests",35.9,305,30500.0,PMO - US,"Alere Medical Co., Ltd.","HIV 1/2, Determine Complete HIV Kit",100.0,7/17/15,SCMS-293570,FPQ-16480,6/24/15,HRDT,105-GY-T30,28-Aug-15,Air,HIV test,100,1.0,"Orgenics, Ltd",EXW,Weight Captured Separately
24488,ASN-31069,Prezista,South Africa,09-Mar-15,09-Mar-15,300mg,Tablet,Yes,Freight Included in Commodity Cost,Direct Drop,"Darunavir 300mg [Prezista], tablets, 120 Tabs",2.28,47,2215.03,PMO - US,"Janssen-Cilag, Latina, IT",Darunavir,47.13,03-09-15,SCMS-259074,FPQ-14942,09-11-14,ARV,116-ZA-T30,09-Mar-15,Truck,Adult,120,0.39,PHARMACY DIRECT,DDP,Weight Captured Separately
11028,DN-866,Generic,Haiti,11-Aug-08,11-Aug-08,200mg,Capsule,Yes,997.46,From RDC,"Efavirenz 200mg, capsule, 90 Caps",5.38,210,3360.0,PMO - US,"Aurobindo Unit III, India",Efavirenz,16.0,N/A - From RDC,SO-2603,Pre-PQ Process,Pre-PQ Process,ARV,106-HT-T01,11-Aug-08,Air,Pediatric,90,0.18,SCMS from RDC,N/A - From RDC,26
86499,DN-2778,Generic,CÃte dIvoire,15-Aug-12,15-Aug-12,150mg,Tablet,No,See DN-2778 (ID#:85287),From RDC,"Lamivudine 150mg, tablets, 60 Tabs",31.37,10080,22377.6,PMO - US,Hetero Unit III Hyderabad IN,Lamivudine,2.22,N/A - From RDC,SO-42360,FPQ-9749,4/19/12,ARV,104-CI-T30,15-Aug-12,Truck,Adult,60,0.04,SCMS from RDC,N/A - From RDC,See DN-2778 (ID#:85287)
82571,DN-3125,Generic,South Sudan,24-Apr-13,24-Apr-13,300/300mg,Tablet - FDC,Yes,12356,From RDC,"Lamivudine/Tenofovir Disoproxil Fumarate 300/300mg, tablets, 30 Tabs",8.41,1447,6800.9,PMO - US,"Aurobindo Unit VII, IN",Lamivudine/Tenofovir Disoproxil Fumarate,4.7,N/A - From RDC,SO-44630,FPQ-11489,1/16/13,ARV,103-SS-T30,30-Apr-13,Air,Adult,30,0.16,SCMS from RDC,N/A - From RDC,1309
85975,DN-3213,Generic,Mozambique,26-Jul-13,26-Jul-13,300mg,Tablet,Yes,5496.08,From RDC,"Zidovudine 300mg, tablets, 60 Tabs",42.18,5320,34101.2,PMO - US,"Aurobindo Unit III, India",Zidovudine,6.41,N/A - From RDC,SO-43810,FPQ-11033,11-12-12,ARV,111-MZ-T30,31-Jul-13,Truck,Adult,60,0.11,SCMS from RDC,N/A - From RDC,273
80704,ASN-32231,Determine,"Congo, DRC",23-Jul-15,29-Jul-15,MIssing,Test kit,No,See ASN-32231 (ID#:13648),Direct Drop,"HIV 1/2, Determine Complete HIV Kit, 100 Tests",34.65,368,29440.0,PMO - US,"Alere Medical Co., Ltd.","HIV 1/2, Determine Complete HIV Kit",80.0,3/17/15,SCMS-280220,FPQ-16001,03-10-15,HRDT,101-CD-T30,23-Jul-15,Air,HIV test,100,0.8,"Orgenics, Ltd",EXW,See ASN-32231 (ID#:13648)
84297,DN-3361,Generic,Zambia,29-Nov-13,12-Dec-13,200mg,Tablet,No,See DN-3361 (ID#:83172),From RDC,"Nevirapine 200mg, tablets, 60 Tabs",27.91,9984,22563.84,PMO - US,"Cipla, Goa, India",Nevirapine,2.26,N/A - From RDC,SO-45091,FPQ-12066,4/19/13,ARV,110-ZM-T30,29-Nov-13,Truck,Adult,60,0.04,SCMS from RDC,N/A - From RDC,See DN-3361 (ID#:83172)
85488,DN-3780,Generic,Zimbabwe,11-Jul-14,04-Aug-14,200mg,Tablet,No,See DN-3780 (ID#:84944),From RDC,"Nevirapine 200mg, tablets, 60 Tabs",120.22,51747,116948.22,PMO - US,"Strides, Bangalore, India.",Nevirapine,2.26,N/A - From RDC,SO-47530,FPQ-13508,12/24/13,ARV,113-ZW-T30,30-Jul-14,Truck,Adult,60,0.04,SCMS from RDC,N/A - From RDC,See DN-3780 (ID#:84944)
84740,DN-2797,Generic,Rwanda,23-Aug-12,23-Aug-12,300mg,Tablet,Yes,12688.85,From RDC,"Abacavir 300mg, tablets, 60 Tabs",128.78,6985,91852.75,PMO - US,"Aurobindo Unit III, India",Abacavir,13.15,N/A - From RDC,SO-42134,FPQ-9888,05-11-12,ARV,107-RW-T30,31-Aug-12,Air,Adult,60,0.22,SCMS from RDC,N/A - From RDC,718
83147,DN-3243,Generic,Nigeria,23-Jul-13,23-Jul-13,60/30mg,Tablet - FDC,Yes,Freight Included in Commodity Cost,From RDC,"Abacavir/Lamivudine 60/30mg, tablets, 60 Tabs",46.4,9377,37508.0,PMO - US,Mylan (formerly Matrix) Nashik,Abacavir/Lamivudine,4.0,N/A - From RDC,SO-44923,FPQ-11864,3/14/13,ARV,151-NG-T30,04-Sep-13,Air Charter,Pediatric,60,0.07,SCMS from RDC,N/A - From RDC,485
83587,DN-2636,Generic,Burundi,04-May-12,04-May-12,150/300mg,Tablet - FDC,Yes,Invoiced Separately,From RDC,"Lamivudine/Zidovudine 150/300mg, tablets, 60 Tabs",19.38,1728,13824.0,PMO - US,Hetero Unit III Hyderabad IN,Lamivudine/Zidovudine,8.0,N/A - From RDC,SO-41531,FPQ-9229,1/25/12,ARV,102-BI-T30,26-Apr-12,Air,Adult,60,0.13,SCMS from RDC,N/A - From RDC,Weight Captured Separately
11758,DN-314,Stocrin/Sustiva,CÃte dIvoire,24-Aug-07,24-Aug-07,50mg,Capsule,No,See DN-314 (ID#:11757),From RDC,"Efavirenz 50mg [Stocrin/Sustiva], capsule, 30 Caps",25.07,4515,15667.05,PMO - US,"MSD, Haarlem, NL",Efavirenz,3.47,N/A - From RDC,SO-589,Pre-PQ Process,Pre-PQ Process,ARV,104-CI-T01,24-Aug-07,MIssing,Pediatric,30,0.12,SCMS from RDC,N/A - From RDC,See DN-314 (ID#:11757)
84889,DN-3543,Generic,Tanzania,07-May-14,13-Jun-14,60/30mg,Chewable/dispersible tablet - FDC,Yes,2352.52,From RDC,"Abacavir/Lamivudine 60/30mg, dispersible tablets, 60 Tabs",194.83,25000,157500.0,PMO - US,"Cipla, Patalganga, India",Abacavir/Lamivudine,6.3,N/A - From RDC,SO-45994,FPQ-12587,07-04-13,ARV,109-TZ-T30,29-May-14,Truck,Pediatric,60,0.1,SCMS from RDC,N/A - From RDC,2266
35067,ASN-17527,Determine,Nigeria,09-Jan-13,09-Jan-13,MIssing,Test kit,Yes,24927.19,Direct Drop,"HIV 1/2, Determine Complete HIV Kit, 100 Tests",342.39,2744,244216.0,PMO - US,"Alere Medical Co., Ltd.","HIV 1/2, Determine Complete HIV Kit",89.0,10/16/12,SCMS-162440,FPQ-10765,10-05-12,HRDT,133-NG-T30,09-Jan-13,Air,HIV test,100,0.89,"Orgenics, Ltd",EXW,1186
71382,ASN-17169,Determine,Nigeria,29-Nov-12,29-Nov-12,MIssing,Test kit,Yes,29251.24,Direct Drop,"HIV 1/2, Determine Complete HIV Kit, 100 Tests",342.39,2744,244216.0,PMO - US,"Alere Medical Co., Ltd.","HIV 1/2, Determine Complete HIV Kit",89.0,8/13/12,SCMS-155321,FPQ-10349,7/17/12,HRDT,133-NG-T30,28-Nov-12,Air,HIV test,100,0.89,"Orgenics, Ltd",EXW,1303
85910,DN-2899,Generic,Mozambique,14-Nov-12,14-Nov-12,150/300/200mg,Tablet - FDC,Yes,6323.1,From RDC,"Lamivudine/Nevirapine/Zidovudine 150/200/300mg, tablets, 60 Tabs",2063,149997,1471470.57,PMO - US,"Aurobindo Unit III, India",Lamivudine/Nevirapine/Zidovudine,9.81,N/A - From RDC,SO-42840,FPQ-10210,6/28/12,ARV,111-MZ-T30,30-Nov-12,Truck,Adult,60,0.16,SCMS from RDC,N/A - From RDC,17605
937,ASN-3509,Uni-Gold,Mozambique,23-Mar-09,23-Mar-09,MIssing,Test kit,Yes,23914.8,Direct Drop,"HIV 1/2, Uni-Gold HIV Kit, 20 Tests",357.5,5700,182400.0,PMO - US,"Trinity Biotech, Plc","HIV 1/2, Uni-Gold HIV Kit",32.0,01-05-09,SCMS-36660,Pre-PQ Process,Pre-PQ Process,HRDT,111-MZ-T01,23-Mar-09,Air,HIV test,20,1.6,"Trinity Biotech, Plc",EXW,1906
2603,ASN-5221,Determine,Zambia,29-Oct-09,29-Oct-09,MIssing,Test kit,Yes,5962.58,Direct Drop,"HIV 1/2, Determine Complete HIV Kit, 100 Tests",310.46,2000,144000.0,PMO - US,Inverness Japan,"HIV 1/2, Determine Complete HIV Kit",72.0,06-06-09,SCMS-42641,Pre-PQ Process,Pre-PQ Process,HRDT,110-ZM-T01,11-Nov-09,Air,HIV test,100,0.72,"Orgenics, Ltd",EXW,590
11881,DN-734,Generic,CÃte dIvoire,02-Jun-08,02-Jun-08,1mg/ml,Oral solution,No,See DN-734 (ID#:10689),From RDC,"Stavudine 1mg/ml, powder for oral solution, 200 ml",7.23,3229,4520.6,PMO - US,"Aurobindo Unit III, India",Stavudine,1.4,N/A - From RDC,SO-2044,Pre-PQ Process,Pre-PQ Process,ARV,104-CI-T01,02-Jun-08,Air,Pediatric,200,0.01,SCMS from RDC,N/A - From RDC,See DN-734 (ID#:10689)
55064,ASN-32557,Uni-Gold,Ethiopia,24-Jun-15,29-Jun-15,MIssing,Test kit,Yes,143.57,Direct Drop,"HIV 1/2, Uni-Gold HIV Kit, 20 Tests",6.4,170,5440.0,PMO - US,"Trinity Biotech, Plc","HIV 1/2, Uni-Gold HIV Kit",32.0,3/17/15,SCMS-280470,FPQ-15928,03-10-15,HRDT,117-ET-T30,24-Jun-15,Air,HIV test,20,1.6,"Trinity Biotech, Plc",EXW,58
84521,DN-1578,Generic,Zambia,08-Dec-09,08-Dec-09,150/300mg,Tablet - FDC,Yes,9942.26,From RDC,"Lamivudine/Zidovudine 150/300mg, tablets, 60 Tabs",631.15,36760,322017.6,PMO - US,"Aurobindo Unit III, India",Lamivudine/Zidovudine,8.76,N/A - From RDC,SO-34180,FPQ-4481,7/14/09,ARV,110-ZM-T30,15-Jan-10,Truck,Adult,60,0.15,SCMS from RDC,N/A - From RDC,3294
86816,DN-4282,Generic,Nigeria,22-Jun-15,29-Jun-15,600mg,Tablet,No,See DN-4282 (ID#:83919),From RDC,"Efavirenz 600mg, tablets, 30 Tabs",24.69,6724,20978.88,PMO - US,"Strides, Bangalore, India.",Efavirenz,3.12,N/A - From RDC,SO-51440,FPQ-16313,05-04-15,ARV,151-NG-T30,30-Jun-15,Air,Adult,30,0.1,SCMS from RDC,N/A - From RDC,See DN-4282 (ID#:83919)
391,ASN-1879,Genie,CÃte dIvoire,17-Jun-08,17-Jun-08,MIssing,Test kit,Yes,5446.51,Direct Drop,"#108853** HIV, Genie II HIV-1/HIV-2 Kit, 40 Tests",57.88,476,36176.0,PMO - US,Bio-Rad Laboratories,"HIV, Genie II HIV-1/HIV-2 Kit",76.0,2/27/08,SCMS-18290,Pre-PQ Process,Pre-PQ Process,HRDT,104-CI-T01,17-Jun-08,Air,HIV test,40,1.9,BIO-RAD LABORATORIES (FRANCE),EXW,509
84259,DN-3148,Generic,Nigeria,06-May-13,06-May-13,200mg,Tablet,No,See DN-3148 (ID#:82574),From RDC,"Nevirapine 200mg, tablets, 60 Tabs",40.1,14344,32417.44,PMO - US,"Aurobindo Unit III, India",Nevirapine,2.26,N/A - From RDC,SO-43842,FPQ-11022,11/15/12,ARV,151-NG-T30,21-May-13,Air Charter,Adult,60,0.04,SCMS from RDC,N/A - From RDC,See DN-3148 (ID#:82574)
85805,DN-2431,Generic,Zambia,28-Nov-11,28-Nov-11,300mg,Tablet,Yes,361.73,From RDC,"Abacavir 300mg, tablets, 60 Tabs",63.23,2548,38321.92,PMO - US,Mylan (formerly Matrix) Nashik,Abacavir,15.04,N/A - From RDC,SO-40271,FPQ-7767,7/26/11,ARV,110-ZM-T30,28-Feb-12,Truck,Adult,60,0.25,SCMS from RDC,N/A - From RDC,257
2965,ASN-1301,Capillus,Haiti,18-Feb-08,18-Feb-08,MIssing,Test kit,Yes,Invoiced Separately,Direct Drop,"HIV 1/2, Capillus HIV Kit, 100 Tests",0.89,4,556.0,PMO - US,"Trinity Biotech, Plc","HIV 1/2, Capillus HIV Kit",139.0,01-03-08,SCMS-15880,Pre-PQ Process,Pre-PQ Process,HRDT,100-HT-T01,27-Feb-08,Air,HIV test,100,1.39,"Trinity Biotech, Plc",EXW,Weight Captured Separately
12163,DN-595,Bioline,Kenya,01-Feb-08,01-Feb-08,MIssing,Test kit,Yes,261.86,From RDC,"HIV 1/2, Bioline 3.0 Kit, Lancets, Capillary pipets, Alcohol swabs included, 25 Tests",58.94,1842,36840.0,PMO - US,"Standard Diagnostics, Korea","HIV 1/2, Bioline 3.0 Kit, Lancets, Capillary pipets, Alcohol swabs included",20.0,N/A - From RDC,SO-1389,Pre-PQ Process,Pre-PQ Process,HRDT,102-KE-T01,27-Feb-08,Truck,HIV test,25,0.8,SCMS from RDC,N/A - From RDC,662
10353,ASN-3760,Epivir,South Africa,26-Nov-08,26-Nov-08,150mg,Tablet,No,See ASN-3760 (ID#:5049),Direct Drop,"Lamivudine 150mg [Epivir], tablets, 60 Tabs",20.5,2000,10460.0,PMO - US,GSK Cape Town Factory (South Africa),Lamivudine,5.23,Date Not Captured,SCMS-41160,Pre-PQ Process,Pre-PQ Process,ARV,116-ZA-T01,01-Apr-09,Air,Adult,60,0.09,S. BUYS WHOLESALER,DDP,See ASN-3760 (ID#:5049)
85838,DN-2581,Generic,South Sudan,08-Mar-12,08-Mar-12,10mg/ml,Oral suspension,No,See DN-2581 (ID#:82457),From RDC,"Nevirapine 10mg/ml, oral suspension w/syringe, Bottle, 240 ml",16.4,6000,11700.0,PMO - US,"Aurobindo Unit III, India",Nevirapine,1.95,N/A - From RDC,SO-41080,FPQ-8624,11-04-11,ARV,900-SS-T30,21-Mar-12,Air,Pediatric,240,0.01,SCMS from RDC,N/A - From RDC,See DN-2581 (ID#:82457)
72158,ASN-6720,Aluvia,Tanzania,11-Jun-10,11-Jun-10,200/50mg,Tablet,Yes,9915.56,Direct Drop,"Lopinavir/Ritonavir 200/50mg [Aluvia], tablets, 120 Tabs",557.03,7145,258363.2,PMO - US,ABBVIE Ludwigshafen Germany,Lopinavir/Ritonavir,36.16,03-12-10,SCMS-66910,FPQ-5174,03-01-10,ARV,109-TZ-T30,11-Jun-10,Air,Adult,120,0.3,ABBVIE LOGISTICS (FORMERLY ABBOTT LOGISTICS BV),FCA,1604
9243,ASN-114,Genie,CÃte dIvoire,10-Oct-06,10-Oct-06,MIssing,Test kit,Yes,7079.25,Direct Drop,"#108853** HIV, Genie II HIV-1/HIV-2 Kit, 40 Tests",MIssing,733,55231.55,PMO - US,Bio-Rad Laboratories,"HIV, Genie II HIV-1/HIV-2 Kit",75.35,Date Not Captured,SCMS-29,Pre-PQ Process,Pre-PQ Process,HRDT,104-CI-T01,10-Oct-06,Air,HIV test,40,1.88,BIO-RAD LABORATORIES (FRANCE),EXW,783
27015,ASN-18558,Generic,CÃte dIvoire,21-Mar-13,21-Mar-13,300/100mg,Tablet,Yes,4171.65,Direct Drop,"Atazanavir/Ritonavir 300/100mg, tablets, 30 Tabs",44.16,1400,31500.0,PMO - US,Mylan (formerly Matrix) Nashik,Atazanavir/Ritonavir,22.5,10-12-12,SCMS-162550,FPQ-10636,9/19/12,ARV,104-CI-T30,21-Mar-13,Air,Adult,30,0.75,MYLAN LABORATORIES LTD (FORMERLY MATRIX LABORATORIES),EXW,364
7779,ASN-4244,Viramune,South Africa,17-Apr-09,17-Apr-09,200mg,Tablet,No,Freight Included in Commodity Cost,Direct Drop,"Nevirapine 200mg [Viramune], tablets, 60 Tabs",9.86,300,5031.0,PMO - US,"Boehringer Ing., Koropi, GR",Nevirapine,16.77,04-02-09,SCMS-47430,Pre-PQ Process,Pre-PQ Process,ARV,116-ZA-T01,15-May-09,Truck,Adult,60,0.28,S. BUYS WHOLESALER,DDP,Weight Captured Separately
11263,DN-703,Generic,Ethiopia,21-Apr-08,21-Apr-08,10mg/ml,Oral solution,Yes,3472.55,From RDC,"Zidovudine 10mg/ml, oral solution, Bottle, 240 ml",6.35,1846,3968.9,PMO - US,"Aurobindo Unit III, India",Zidovudine,2.15,N/A - From RDC,SO-1974,Pre-PQ Process,Pre-PQ Process,ARV,117-ET-T01,21-Apr-08,Air,Pediatric,240,0.01,SCMS from RDC,N/A - From RDC,773
74683,ASN-10625,Determine,Tanzania,20-Jun-11,20-Jun-11,MIssing,Test kit,Yes,1765.86,Direct Drop,"HIV 1/2, Determine Complete HIV Kit, 100 Tests",11.35,86,6880.0,PMO - US,Inverness Japan,"HIV 1/2, Determine Complete HIV Kit",80.0,3/23/11,SCMS-102040,FPQ-7239,2/25/11,HRDT,109-TZ-T30,20-Jun-11,Air,HIV test,100,0.8,"Orgenics, Ltd",EXW,40
83598,DN-2717,Generic,Mozambique,24-Jul-12,24-Jul-12,150mg,Tablet,Yes,5716.86,From RDC,"Lamivudine 150mg, tablets, 60 Tabs",7.41,2268,5284.44,PMO - US,"Strides, Bangalore, India.",Lamivudine,2.33,N/A - From RDC,SO-41780,FPQ-9506,3/16/12,ARV,111-MZ-T30,07-Aug-12,Truck,Adult,60,0.04,SCMS from RDC,N/A - From RDC,741
82401,DN-2339,Generic,CÃte dIvoire,12-Oct-11,12-Oct-11,150/300/200mg,Tablet - FDC,Yes,21397.38,From RDC,"Lamivudine/Nevirapine/Zidovudine 150/200/300mg, tablets, 60 Tabs",225.28,12169,136536.18,PMO - US,"Aurobindo Unit III, India",Lamivudine/Nevirapine/Zidovudine,11.22,N/A - From RDC,SO-40122,FPQ-7659,05-03-11,ARV,104-CI-T30,12-Oct-11,Air,Adult,60,0.19,SCMS from RDC,N/A - From RDC,7916
13739,ASN-19819,Generic,Haiti,02-Sep-13,02-Sep-13,10mg/ml,Oral solution,Yes,7117.39,Direct Drop,"Zidovudine 10mg/ml, oral solution w/syringe, Bottle, 240 ml",4.76,1832,3847.2,PMO - US,"Aurobindo Unit III, India",Zidovudine,2.1,3/22/13,SCMS-180940,FPQ-11443,02-07-13,ARV,106-HT-T30,02-Sep-13,Ocean,Pediatric,240,0.01,Aurobindo Pharma Limited,EXW,3504
54781,ASN-32933,Generic,Nigeria,07-Jul-15,07-Jul-15,100/25mg,Tablet,Yes,Invoiced Separately,Direct Drop,"Lopinavir/Ritonavir 100/25mg [Aluvia], tablets, 60 Tabs",20.21,2890,17166.6,PMO - US,ABBVIE Ludwigshafen Germany,Lopinavir/Ritonavir,5.94,05-07-15,SCMS-287720,FPQ-16312,05-04-15,ARV,151-NG-T30,07-Jul-15,Air,Pediatric,60,0.1,ABBVIE LOGISTICS (FORMERLY ABBOTT LOGISTICS BV),FCA,Weight Captured Separately
11664,DN-1336,Generic,Mozambique,03-Sep-09,03-Sep-09,30mg,Capsule,Yes,423.89,From RDC,"Stavudine 30mg, capsules, 60 Caps",1.08,370,551.3,PMO - US,"Strides, Bangalore, India.",Stavudine,1.49,N/A - From RDC,SO-32200,Pre-PQ Process,Date Not Captured,ARV,111-MZ-T01,03-Sep-09,Air,Adult,60,0.02,SCMS from RDC,N/A - From RDC,18
10634,DN-422,Generic,Nigeria,09-Nov-07,09-Nov-07,150/300/200mg,Tablet - FDC,Yes,5180,From RDC,"Lamivudine/Nevirapine/Zidovudine 150/200/300mg, tablets, 60 Tabs",160.62,7436,100386.0,PMO - US,"Aurobindo Unit III, India",Lamivudine/Nevirapine/Zidovudine,13.5,N/A - From RDC,SO-1109,Pre-PQ Process,Pre-PQ Process,ARV,112-NG-T01,09-Nov-07,Air,Adult,60,0.22,SCMS from RDC,N/A - From RDC,962
82356,DN-2035,Generic,CÃte dIvoire,26-Nov-10,26-Nov-10,20mg/ml,Oral solution,Yes,6406.53,From RDC,"Abacavir 20mg/ml, oral solution w/syringe, Bottle, 240 ml",1.06,36,493.2,PMO - US,"Aurobindo Unit III, India",Abacavir,13.7,N/A - From RDC,SO-37150,FPQ-5925,6/23/10,ARV,104-CI-T30,30-Nov-10,Truck,Pediatric,240,0.06,SCMS from RDC,N/A - From RDC,7889
83051,DN-2725,Generic,Nigeria,10-Jul-12,10-Jul-12,200mg,Tablet,Yes,21347.12,From RDC,"Nevirapine 200mg, tablets, 60 Tabs",342.62,100156,244380.64,PMO - US,"Aurobindo Unit III, India",Nevirapine,2.44,N/A - From RDC,SO-41250,FPQ-8952,12-08-11,ARV,151-NG-T30,04-Jul-12,Air Charter,Adult,60,0.04,SCMS from RDC,N/A - From RDC,10687
78909,ASN-23948,Determine,Nigeria,12-Feb-14,15-Mar-14,MIssing,Test kit,Yes,57561.38,Direct Drop,"HIV 1/2, Determine Complete HIV Kit, 100 Tests",1019.24,9258,823962.0,PMO - US,"Alere Medical Co., Ltd.","HIV 1/2, Determine Complete HIV Kit",89.0,11-01-13,SCMS-210351,FPQ-12812,8/13/13,HRDT,133-NG-T30,18-Feb-14,Air,HIV test,100,0.89,"Orgenics, Ltd",EXW,3759
78407,ASN-27976,Generic,South Africa,27-Aug-14,27-Aug-14,150mg,Tablet,No,Freight Included in Commodity Cost,Direct Drop,"Lamivudine 150mg, tablets, 60 Tabs",4,328,3230.11,PMO - US,Hetero Unit III Hyderabad IN,Lamivudine,9.85,8/27/14,SCMS-199283,FPQ-12522,07-11-13,ARV,116-ZA-T30,27-Aug-14,Truck,Adult,60,0.16,S. BUYS WHOLESALER,DDP,Weight Captured Separately
15625,ASN-27766,Determine,Mozambique,10-Sep-14,01-Oct-14,MIssing,Test kit,Yes,13489.96,Direct Drop,"HIV 1/2, Determine Complete HIV Kit, 100 Tests",387.19,4708,376640.0,PMO - US,"Alere Medical Co., Ltd.","HIV 1/2, Determine Complete HIV Kit",80.0,7/30/14,SCMS-247360,FPQ-14294,5/15/14,HRDT,111-MZ-T30,10-Sep-14,Air,HIV test,100,0.8,"Orgenics, Ltd",EXW,1914
49498,ASN-16575,Isentress,Uganda,05-Oct-12,05-Oct-12,400mg,Tablet,Yes,433,Direct Drop,"Raltegravir 400mg [Isentress], tablets, 60 Tabs",30.35,390,21645.0,PMO - US,"MSD, Haarlem, NL",Raltegravir,55.5,09-07-12,SCMS-159290,FPQ-10489,8/24/12,ARV,114-UG-T30,05-Oct-12,Air,Adult,60,0.92,MERCK SHARP & DOHME IDEA GMBH (FORMALLY MERCK SHARP & DOHME B.V.),CIP,39
11244,DN-836,Generic,Nigeria,31-Jul-08,31-Jul-08,150/300mg,Tablet - FDC,Yes,15307.62,From RDC,"Lamivudine/Zidovudine 150/300mg, tablets, 60 Tabs",215.87,14277,134917.65,PMO - US,"Aurobindo Unit III, India",Lamivudine/Zidovudine,9.45,N/A - From RDC,SO-2553,Pre-PQ Process,Pre-PQ Process,ARV,123-NG-T01,31-Jul-08,Air,Adult,60,0.16,SCMS from RDC,N/A - From RDC,2033
47587,ASN-28008,Determine,Guyana,24-Sep-14,08-Oct-14,MIssing,Test kit,Yes,Invoiced Separately,Direct Drop,"HIV 1/2, Determine Complete HIV Kit, 100 Tests",62.19,605,60500.0,PMO - US,"Alere Medical Co., Ltd.","HIV 1/2, Determine Complete HIV Kit",100.0,8/14/14,SCMS-252350,FPQ-14694,7/28/14,HRDT,105-GY-T30,24-Sep-14,Air,HIV test,100,1.0,"Orgenics, Ltd",EXW,Weight Captured Separately
29913,ASN-18081,Uni-Gold,"Congo, DRC",29-Jul-13,29-Jul-13,MIssing,Test kit,Yes,1941.34,Direct Drop,"HIV 1/2, Uni-Gold HIV Kit, 20 Tests",14.33,362,11584.0,PMO - US,"Trinity Biotech, Plc","HIV 1/2, Uni-Gold HIV Kit",32.0,12-06-12,SCMS-168010,FPQ-11043,11/16/12,HRDT,101-CD-T30,29-Jul-13,Air,HIV test,20,1.6,"Trinity Biotech, Plc",EXW,134
40812,ASN-6538,Generic,Rwanda,29-Apr-10,29-Apr-10,600mg,Tablet,Yes,31784.09,Direct Drop,"Efavirenz 600mg, tablets, 30 Tabs",642.01,54684,327557.16,PMO - US,"Emcure Plot No.P-2, I.T-B.T. Park, Phase II, MIDC, Hinjwadi, Pune, India",Efavirenz,5.99,7/15/09,SCMS-49110,FPQ-3859,6/30/09,ARV,107-RW-T30,29-Apr-10,Air,Adult,30,0.2,EMCURE PHARMACEUTICALS LTD,CIP,3889
75522,ASN-23668,Generic,Vietnam,21-Jan-14,21-Jan-14,600mg,Tablet,Yes,3001.35,Direct Drop,"Efavirenz 600mg, tablets, 30 Tabs",46.16,11517,37315.08,PMO - US,Hetero Unit III Hyderabad IN,Efavirenz,3.24,10/14/13,SCMS-210820,FPQ-12539,07-11-13,ARV,108-VN-T30,21-Jan-14,Air,Adult,30,0.11,HETERO LABS LIMITED,EXW,1006
84176,DN-2718,Generic,Tanzania,25-Jul-12,25-Jul-12,300mg,Tablet,Yes,3549.9,From RDC,"Tenofovir Disoproxil Fumarate 300mg, tablets, 30 Tabs",0.62,80,440.0,PMO - US,Mylan (formerly Matrix) Nashik,Tenofovir Disoproxil Fumarate,5.5,N/A - From RDC,SO-41581,FPQ-9271,1/31/12,ARV,109-TZ-T30,01-Aug-12,Truck,Adult,30,0.18,SCMS from RDC,N/A - From RDC,841
11276,DN-997,Generic,Haiti,17-Nov-08,17-Nov-08,10mg/ml,Oral solution,Yes,43704.8,From RDC,"Zidovudine 10mg/ml, oral solution, Bottle, 240 ml",41.16,10000,21000.0,PMO - US,"Aurobindo Unit III, India",Zidovudine,2.1,N/A - From RDC,SO-15940,Pre-PQ Process,Pre-PQ Process,ARV,106-HT-T01,17-Nov-08,Air,Pediatric,240,0.01,SCMS from RDC,N/A - From RDC,3720
82407,DN-2360,Generic,Swaziland,15-Sep-11,15-Sep-11,300mg,Tablet,Yes,3134.82,From RDC,"Abacavir 300mg, tablets, 60 Tabs",101.97,4224,61797.12,PMO - US,Mylan (formerly Matrix) Nashik,Abacavir,14.63,N/A - From RDC,SO-40590,FPQ-8360,09-02-11,ARV,901-SZ-T30,30-Sep-11,Air,Adult,60,0.24,SCMS from RDC,N/A - From RDC,1926
82612,DN-3366,Generic,Nigeria,14-Oct-13,24-Oct-13,150/300/200mg,Tablet - FDC,Yes,20225.07,From RDC,"Lamivudine/Nevirapine/Zidovudine 150/200/300mg, tablets, 60 Tabs",796.01,75000,643500.0,PMO - US,"Cipla, Goa, India",Lamivudine/Nevirapine/Zidovudine,8.58,N/A - From RDC,SO-44932,FPQ-11864,3/14/13,ARV,151-NG-T30,31-Oct-13,Air Charter,Adult,60,0.14,SCMS from RDC,N/A - From RDC,22700
10972,DN-634,Generic,Ethiopia,21-Mar-08,21-Mar-08,150/300mg,Tablet - FDC,Yes,32146.52,From RDC,"Lamivudine/Zidovudine 150/300mg, tablets, 60 Tabs",995.96,65524,622478.0,PMO - US,"Aurobindo Unit III, India",Lamivudine/Zidovudine,9.5,N/A - From RDC,SO-1518,Pre-PQ Process,Pre-PQ Process,ARV,117-ET-T01,21-Mar-08,Air,Adult,60,0.16,SCMS from RDC,N/A - From RDC,14599
82701,DN-3821,Generic,Zambia,03-Sep-14,06-Oct-14,150/300mg,Tablet - FDC,Yes,4266.62,From RDC,"Lamivudine/Zidovudine 150/300mg, tablets, 60 Tabs",247,36852,240275.04,PMO - US,"Cipla, Goa, India",Lamivudine/Zidovudine,6.52,N/A - From RDC,SO-48651,FPQ-14105,4/16/14,ARV,110-ZM-T30,04-Sep-14,Truck,Adult,60,0.11,SCMS from RDC,N/A - From RDC,3324
83916,DN-4306,Generic,Burundi,10-Jul-15,13-Jul-15,200/50mg,Tablet,Yes,1289.48,From RDC,"Lopinavir/Ritonavir 200/50mg, tablets, 120 Tabs",5.47,240,4646.4,PMO - US,"Aurobindo Unit III, India",Lopinavir/Ritonavir,19.36,N/A - From RDC,SO-50291,FPQ-15406,11/19/14,ARV,102-BI-T30,31-Jul-15,Air,Adult,120,0.16,SCMS from RDC,N/A - From RDC,58
37157,ASN-12116,Determine,Mozambique,26-Oct-11,26-Oct-11,MIssing,Test kit,Yes,3267.66,Direct Drop,"HIV 1/2, Determine Complete HIV Kit, 100 Tests",15.84,120,9600.0,PMO - US,Inverness Japan,"HIV 1/2, Determine Complete HIV Kit",80.0,6/13/11,SCMS-111300,FPQ-7807,5/31/11,HRDT,111-MZ-T30,26-Oct-11,Air,HIV test,100,0.8,"Orgenics, Ltd",EXW,55
83083,DN-2862,Generic,Mozambique,10-Oct-12,10-Oct-12,200mg,Tablet,Yes,3855.94,From RDC,"Nevirapine 200mg, tablets, 60 Tabs",10.75,3167,7664.14,PMO - US,Mylan (formerly Matrix) Nashik,Nevirapine,2.42,N/A - From RDC,SO-42820,FPQ-10210,6/28/12,ARV,111-MZ-T30,31-Oct-12,Truck,Adult,60,0.04,SCMS from RDC,N/A - From RDC,775
84014,DN-1895,Generic,Nigeria,28-Jun-10,28-Jun-10,200mg,Tablet,Yes,Freight Included in Commodity Cost,From RDC,"Nevirapine 200mg, tablets, 60 Tabs",274.74,46678,127430.94,PMO - US,"Aurobindo Unit III, India",Nevirapine,2.73,N/A - From RDC,SO-36462,FPQ-5023,02-10-10,ARV,151-NG-T30,15-Jul-10,Air,Adult,60,0.05,SCMS from RDC,N/A - From RDC,4490
23866,ASN-4803,Aluvia,Vietnam,15-Sep-09,15-Sep-09,200/50mg,Tablet,Yes,436.86,Direct Drop,"Lopinavir/Ritonavir 200/50mg [Aluvia], tablets, 120 Tabs",90.22,560,46032.0,PMO - US,ABBVIE Ludwigshafen Germany,Lopinavir/Ritonavir,82.2,7/14/09,SCMS-48730,FPQ-3934,07-06-09,ARV,108-VN-T30,15-Sep-09,Air,Adult,120,0.68,ABBVIE LOGISTICS (FORMERLY ABBOTT LOGISTICS BV),FCA,83
18862,ASN-21848,Determine,Haiti,11-Nov-13,13-Nov-13,MIssing,Test kit,Yes,16994.9,Direct Drop,"HIV 1/2, Determine Complete HIV Kit, 100 Tests",494.8,4000,400000.0,PMO - US,"Alere Medical Co., Ltd.","HIV 1/2, Determine Complete HIV Kit",100.0,5/21/13,SCMS-189141,FPQ-12041,4/26/13,HRDT,106-HT-T30,11-Nov-13,Air,HIV test,100,1.0,"Orgenics, Ltd",EXW,1624
86741,DN-3975,Generic,"Congo, DRC",18-Feb-15,23-Feb-15,150mg,Tablet,No,See DN-3975 (ID#:82748),From RDC,"Lamivudine 150mg, tablets, 60 Tabs",3.53,1976,3438.24,PMO - US,"Aurobindo Unit III, India",Lamivudine,1.74,N/A - From RDC,SO-49290,FPQ-14576,7/14/14,ARV,101-CD-T30,30-Jan-15,Air,Adult,60,0.03,SCMS from RDC,N/A - From RDC,See DN-3975 (ID#:82748)
13302,ASN-8578,Generic,Rwanda,02-Nov-10,02-Nov-10,300/300mg,Tablet - FDC,Yes,4781.8,Direct Drop,"Lamivudine/Tenofovir Disoproxil Fumarate 300/300mg, tablets, 30 Tabs",2611.33,138422,1211192.5,PMO - US,Mylan (formerly Matrix) Nashik,Lamivudine/Tenofovir Disoproxil Fumarate,8.75,9/29/10,SCMS-84420,FPQ-6185,09-03-10,ARV,107-RW-T30,02-Nov-10,Air,Adult,30,0.29,MYLAN LABORATORIES LTD (FORMERLY MATRIX LABORATORIES),CIP,13147
84207,DN-2941,Generic,Zimbabwe,11-Dec-12,11-Dec-12,30/50/6mg,Chewable/dispersible tablet - FDC,Yes,9751.8,From RDC,"Lamivudine/Nevirapine/Stavudine 30/50/6mg, dispersible tablets, 60 Tabs",109.57,33978,78149.4,PMO - US,"Cipla, Goa, India",Lamivudine/Nevirapine/Stavudine,2.3,N/A - From RDC,SO-42180,FPQ-9907,5/15/12,ARV,103-ZW-T30,20-Dec-12,Truck,Pediatric,60,0.04,SCMS from RDC,N/A - From RDC,2705
85662,DN-1705,Generic,Nigeria,31-Mar-10,31-Mar-10,200mg,Tablet,Yes,Freight Included in Commodity Cost,From RDC,"Nevirapine 200mg, tablets, 60 Tabs",4.83,820,2238.6,PMO - US,"Aurobindo Unit III, India",Nevirapine,2.73,N/A - From RDC,SO-34895,FPQ-4537,11-06-09,ARV,151-NG-T30,19-Apr-10,Air Charter,Adult,60,0.05,SCMS from RDC,N/A - From RDC,79
4301,ASN-1788,Determine,Zambia,06-Jun-08,06-Jun-08,MIssing,Test kit,Yes,8690.26,Direct Drop,"HIV 1/2, Determine HIV Kit, without Lancets, 100 Tests",495.29,4300,309557.0,PMO - US,Inverness Japan,"HIV 1/2, Determine HIV Kit, without Lancets",71.99,2/29/08,SCMS-18240,Pre-PQ Process,Pre-PQ Process,HRDT,110-ZM-T01,06-Jun-08,Air,HIV test,100,0.72,"Orgenics, Ltd",EXW,979
83131,DN-3113,Generic,Zimbabwe,29-Apr-13,29-Apr-13,200mg,Tablet,Yes,8600,From RDC,"Nevirapine 200mg, tablets, 60 Tabs",11.56,4136,9347.36,PMO - US,"Aurobindo Unit III, India",Nevirapine,2.26,N/A - From RDC,SO-43702,FPQ-11002,11/16/12,ARV,113-ZW-T30,30-Apr-13,Truck,Adult,60,0.04,SCMS from RDC,N/A - From RDC,394
82740,DN-3972,Generic,Zimbabwe,30-Oct-14,07-Nov-14,30/50/60mg,Chewable/dispersible tablet - FDC,Yes,4083.5,From RDC,"Lamivudine/Nevirapine/Zidovudine 30/50/60mg, dispersible tablets, 60 Tabs",39.24,10602,38167.2,PMO - US,Mylan (formerly Matrix) Nashik,Lamivudine/Nevirapine/Zidovudine,3.6,N/A - From RDC,SO-49890,FPQ-13967,04-02-14,ARV,103-ZW-T30,14-Nov-14,Truck,Pediatric,60,0.06,SCMS from RDC,N/A - From RDC,3919
86786,DN-4163,Generic,Uganda,15-May-15,17-May-15,300/300mg,Tablet - FDC,Yes,2564.94,From RDC,"Lamivudine/Tenofovir Disoproxil Fumarate 300/300mg, tablets, 30 Tabs",129.12,27365,125605.35,PMO - US,Ranbaxy per Shasun Pharma,Lamivudine/Tenofovir Disoproxil Fumarate,4.59,N/A - From RDC,SO-48990,FPQ-14396,06-04-14,ARV,114-UG-T30,31-Mar-15,Truck,Adult,30,0.15,SCMS from RDC,N/A - From RDC,2885
9694,ASN-1667,Videx EC,South Africa,07-Apr-08,07-Apr-08,400mg,Delayed-release capsules - blister,No,Freight Included in Commodity Cost,Direct Drop,"Didanosine EC 400mg [Videx EC], delayed-release capsules, Blister 3 x 10 Caps",3.82,100,2386.0,PMO - US,"BMS Meymac, France",Didanosine EC,23.86,04-04-08,SCMS-21460,Pre-PQ Process,Pre-PQ Process,ARV,116-ZA-T01,25-Apr-08,MIssing,Adult,30,0.8,S. BUYS WHOLESALER,DDP,Weight Captured Separately
22191,ASN-4850,LAV,Nigeria,23-Sep-09,23-Sep-09,MIssing,Test kit,Yes,Freight Included in Commodity Cost,Direct Drop,"HIV 2, New LAV Blot 2 HIV Kit, 18 Tests",1.47,1,750.29,PMO - US,Bio-Rad Laboratories,"HIV 2, New LAV Blot 2 HIV Kit",750.29,08-05-09,SCMS-48420,FPQ-3635,05-08-09,HRDT,112-NG-T30,23-Sep-09,Air,HIV test,18,41.68,BIO-RAD LABORATORIES PTY LTD. (SOUTH AFRICA),CIP,18
82856,DN-1624,Uni-Gold,Sudan,22-Nov-09,22-Nov-09,MIssing,Test kit,Yes,Invoiced Separately,From RDC,"HIV 1/2, Uni-Gold HIV Kit, 20 Tests",78.4,1250,40000.0,PMO - US,"Trinity Biotech, Plc","HIV 1/2, Uni-Gold HIV Kit",32.0,N/A - From RDC,SO-34550,FPQ-3812,06-03-09,HRDT,102-SD-T30,30-Nov-09,Air,HIV test,20,1.6,SCMS from RDC,N/A - From RDC,Weight Captured Separately
12461,DN-571,Determine,Rwanda,28-Jan-08,28-Jan-08,MIssing,Test kit,No,See DN-571 (ID#:10660),From RDC,"HIV 1/2, Determine HIV Kit, without Lancets, 100 Tests",241.08,2093,150675.07,PMO - US,Inverness Japan,"HIV 1/2, Determine HIV Kit, without Lancets",71.99,N/A - From RDC,SO-1222,Pre-PQ Process,Pre-PQ Process,HRDT,107-RW-T01,28-Jan-08,Air,HIV test,100,0.72,SCMS from RDC,N/A - From RDC,See DN-571 (ID#:10660)
85038,DN-4298,Generic,Uganda,09-Jul-15,13-Jul-15,60/30mg,Chewable/dispersible tablet - FDC,Yes,8402.24,From RDC,"Abacavir/Lamivudine 60/30mg, dispersible tablets, 60 Tabs",67.3,14476,57180.2,PMO - US,"Cipla, Patalganga, India",Abacavir/Lamivudine,3.95,N/A - From RDC,SO-50053,FPQ-15294,11-03-14,ARV,114-UG-T30,15-Jul-15,Truck,Pediatric,60,0.07,SCMS from RDC,N/A - From RDC,839
77735,ASN-24449,Generic,CÃte dIvoire,03-Mar-14,26-Mar-14,300/100mg,Tablet,Yes,3169.34,Direct Drop,"Atazanavir/Ritonavir 300/100mg, tablets, 30 Tabs",51.95,2100,42000.0,PMO - US,Mylan (formerly Matrix) Nashik,Atazanavir/Ritonavir,20.0,9/16/13,SCMS-206590,FPQ-12806,08-09-13,ARV,104-CI-T30,03-Mar-14,Air,Adult,30,0.67,MYLAN LABORATORIES LTD (FORMERLY MATRIX LABORATORIES),EXW,293
86415,DN-2378,Generic,Nigeria,28-Sep-11,28-Sep-11,600/200/300mg,Tablet - FDC,Yes,18495.9,From RDC,"Efavirenz/Emtricitabine/Tenofovir Disoproxil Fumarate 600/200/300mg, tablets, 30 Tabs",2988.75,90932,1811365.44,PMO - US,Mylan (formerly Matrix) Nashik,Efavirenz/Emtricitabine/Tenofovir Disoproxil Fumarate,19.92,N/A - From RDC,SO-40720,FPQ-7812,06-06-11,ARV,151-NG-T30,03-Nov-11,Air Charter,Adult,30,0.66,SCMS from RDC,N/A - From RDC,10428
84143,DN-2532,Generic,Zambia,17-Feb-12,17-Feb-12,600mg,Tablet,No,See DN-2532 (ID#:82448),From RDC,"Efavirenz 600mg, tablets, 30 Tabs",325.7,56386,232310.32,PMO - US,"Strides, Bangalore, India.",Efavirenz,4.12,N/A - From RDC,SO-41121,FPQ-8759,11-06-11,ARV,110-ZM-T30,27-Apr-12,Truck,Adult,30,0.14,SCMS from RDC,N/A - From RDC,See DN-2532 (ID#:82448)
11309,DN-915,Aluvia,Uganda,08-Oct-08,08-Oct-08,200/50mg,Tablet,Yes,418.75,From RDC,"Lopinavir/Ritonavir 200/50mg [Aluvia], tablets, 120 Tabs",5.26,80,3288.0,PMO - US,ABBVIE Ludwigshafen Germany,Lopinavir/Ritonavir,41.1,N/A - From RDC,SO-2676,Pre-PQ Process,Pre-PQ Process,ARV,114-UG-T01,08-Oct-08,Air,Adult,120,0.34,SCMS from RDC,N/A - From RDC,18
11310,DN-1167,Generic,Rwanda,09-Apr-09,09-Apr-09,150mg,Tablet,Yes,1762.5,From RDC,"Lamivudine 150mg, tablets, 60 Tabs",30.54,6385,15579.4,PMO - US,"Aurobindo Unit III, India",Lamivudine,2.44,N/A - From RDC,SO-27280,Pre-PQ Process,Pre-PQ Process,ARV,107-RW-T01,09-Apr-09,Air,Adult,60,0.04,SCMS from RDC,N/A - From RDC,327
33019,ASN-29450,Prezista,South Africa,19-Nov-14,19-Nov-14,300mg,Tablet,Yes,Freight Included in Commodity Cost,Direct Drop,"Darunavir 300mg [Prezista], tablets, 120 Tabs",7.23,76,5844.58,PMO - US,"Janssen-Cilag, Latina, IT",Darunavir,76.9,8/13/13,SCMS-199310,FPQ-12523,07-12-13,ARV,116-ZA-T30,19-Nov-14,Truck,Adult,120,0.64,S. BUYS WHOLESALER,DDP,Weight Captured Separately
50901,ASN-26447,Determine,Uganda,14-Jun-14,14-Jun-14,MIssing,Test kit,Yes,23178.68,Direct Drop,"HIV 1/2, Determine Complete HIV Kit, 100 Tests",493.44,6000,480000.0,PMO - US,"Alere Medical Co., Ltd.","HIV 1/2, Determine Complete HIV Kit",80.0,3/19/14,SCMS-231340,FPQ-13816,2/27/14,HRDT,114-UG-T30,14-Jun-14,Air,HIV test,100,0.8,"Orgenics, Ltd",EXW,2432
84568,DN-1842,Generic,Haiti,09-Jun-10,09-Jun-10,20mg,Capsule,No,See DN-1842 (ID#:84007),From RDC,"Stavudine 20mg, capsules, 60 Caps",0.52,168,240.24,PMO - US,"Aurobindo Unit III, India",Stavudine,1.43,N/A - From RDC,SO-34640,FPQ-4384,10/23/09,ARV,106-HT-T30,02-Jun-10,Air,Adult,60,0.02,SCMS from RDC,N/A - From RDC,See DN-1842 (ID#:84007)
86377,DN-2169,Generic,Nigeria,10-May-11,10-May-11,150mg,Tablet,Yes,12601.07,From RDC,"Lamivudine 150mg, tablets, 60 Tabs",81.5,21200,49396.0,PMO - US,"Aurobindo Unit III, India",Lamivudine,2.33,N/A - From RDC,SO-39190,FPQ-6800,12-07-10,ARV,151-NG-T30,21-Jun-11,Air Charter,Adult,60,0.04,SCMS from RDC,N/A - From RDC,1012
86737,DN-3982,Generic,CÃte dIvoire,24-Oct-14,06-Nov-14,600/300mg,Tablet - FDC,Yes,1422.54,From RDC,"Abacavir/Lamivudine 600/300mg, tablets, 30 Tabs",33.28,2400,32376.0,PMO - US,Mylan (formerly Matrix) Nashik,Abacavir/Lamivudine,13.49,N/A - From RDC,SO-48750,FPQ-14064,04-09-14,ARV,104-CI-T30,31-Oct-14,Truck,Adult,30,0.45,SCMS from RDC,N/A - From RDC,213
39575,ASN-5373,Generic,South Africa,19-Oct-09,19-Oct-09,600mg,Tablet,No,Freight Included in Commodity Cost,Direct Drop,"Efavirenz 600mg, tablets, 30 Tabs",23.05,600,11761.67,PMO - US,"Cipla, Goa, India",Efavirenz,19.6,10/15/09,SCMS-54980,FPQ-4359,10-08-09,ARV,116-ZA-T30,19-Oct-09,Truck,Adult,30,0.65,S. BUYS WHOLESALER,DDP,Weight Captured Separately
85938,DN-3017,Generic,"Congo, DRC",08-Aug-13,08-Aug-13,10mg/ml,Oral solution,No,See DN-3017 (ID#:83108),From RDC,"Zidovudine 10mg/ml, oral solution w/syringe, Bottle, 240 ml",1.92,738,1549.8,PMO - US,"Aurobindo Unit III, India",Zidovudine,2.1,N/A - From RDC,SO-43750,FPQ-11096,11/20/12,ARV,101-CD-T30,18-Mar-13,Air,Pediatric,240,0.01,SCMS from RDC,N/A - From RDC,See DN-3017 (ID#:83108)
2502,ASN-4098,Uni-Gold,Kenya,18-Jun-09,18-Jun-09,MIssing,Test kit,Yes,12561.4,Direct Drop,"HIV 1/2, Uni-Gold HIV Kit, 20 Tests",0.31,5,160.0,PMO - US,"Trinity Biotech, Plc","HIV 1/2, Uni-Gold HIV Kit",32.0,04-04-09,SCMS-42970,Pre-PQ Process,Pre-PQ Process,HRDT,102-KE-T01,18-Jun-09,Air,HIV test,20,1.6,"Trinity Biotech, Plc",EXW,2
85884,DN-2781,Generic,Uganda,30-Oct-12,30-Oct-12,300/300mg,Tablet - FDC,No,See DN-2781 (ID#:83061),From RDC,"Lamivudine/Tenofovir Disoproxil Fumarate 300/300mg, tablets, 30 Tabs",310.68,40000,221600.0,PMO - US,"Aurobindo Unit VII, IN",Lamivudine/Tenofovir Disoproxil Fumarate,5.54,N/A - From RDC,SO-42570,FPQ-10048,06-06-12,ARV,900-UG-T30,30-Oct-12,Air,Adult,30,0.18,SCMS from RDC,N/A - From RDC,See DN-2781 (ID#:83061)
12916,DN-1442,Generic,Nigeria,20-Oct-09,20-Oct-09,200/300mg,Tablet - FDC,Yes,9341.49,From RDC,"Emtricitabine/Tenofovir Disoproxil Fumarate 200/300mg, tablets, 30 Tabs",5.53,240,2820.0,PMO - US,Mylan (formerly Matrix) Nashik,Emtricitabine/Tenofovir Disoproxil Fumarate,11.75,N/A - From RDC,SO-27823,Pre-PQ Process,Date Not Captured,ARV,151-NG-T01,20-Oct-09,Air Charter,Adult,30,0.39,SCMS from RDC,N/A - From RDC,22
32344,ASN-8401,Norvir,Dominican Republic,22-Oct-10,22-Oct-10,100mg,Capsule,Yes,666.66,Direct Drop,"Ritonavir 100mg [Norvir], capsules, cool, 2 x 84 Caps",107.42,346,49824.0,PMO - US,ABBVIE (Abbott) St. Pburg USA,Ritonavir,144.0,09-02-10,SCMS-83590,FPQ-6126,8/19/10,ARV,100-DO-T30,22-Oct-10,Truck,Adult,168,0.86,"ABBVIE, SRL (FORMALLY ABBOTT LABORATORIES INTERNATIONAL CO.)",EXW,268
76319,ASN-28627,Generic,South Africa,03-Oct-14,03-Oct-14,400mg,Delayed-release capsules,No,Freight Included in Commodity Cost,Direct Drop,"Didanosine 400mg, delayed-release capsules, 30 Caps",0.08,4,78.7,PMO - US,"Aurobindo Unit III, India",Didanosine,19.68,10-03-14,SCMS-238554,FPQ-13973,4/30/14,ARV,116-ZA-T30,03-Oct-14,Truck,Adult,30,0.66,PHARMACY DIRECT,DDP,Weight Captured Separately
24270,ASN-7687,Generic,South Africa,20-Sep-10,20-Sep-10,150mg,Tablet,Yes,1791.42,Direct Drop,"Lamivudine 150mg, tablets, 60 Tabs",185.82,34067,86189.51,PMO - US,"Aurobindo Unit III, India",Lamivudine,2.53,3/19/10,SCMS-68980,FPQ-5303,3/18/10,ARV,161-ZA-T30,24-Aug-10,Air,Adult,60,0.04,Aurobindo Pharma Limited,DDP,1828
83044,DN-2695,Generic,Zimbabwe,27-Jun-12,27-Jun-12,150/300mg,Tablet - FDC,No,See DN-2695 (ID#:83043),From RDC,"Lamivudine/Zidovudine 150/300mg, tablets, 60 Tabs",42.94,3345,26024.1,PMO - US,Mylan (formerly Matrix) Nashik,Lamivudine/Zidovudine,7.78,N/A - From RDC,SO-40901,FPQ-8464,10-04-11,ARV,113-ZW-T30,11-Dec-12,Truck,Adult,60,0.13,SCMS from RDC,N/A - From RDC,See DN-2695 (ID#:83043)
84030,DN-1975,Generic,Nigeria,17-Aug-10,17-Aug-10,150/300/200mg,Tablet - FDC,Yes,6147.18,From RDC,"Lamivudine/Nevirapine/Zidovudine 150/200/300mg, tablets, 60 Tabs",1309.3,54125,607282.5,PMO - US,"Aurobindo Unit III, India",Lamivudine/Nevirapine/Zidovudine,11.22,N/A - From RDC,SO-36931,FPQ-5688,5/27/10,ARV,151-NG-T30,31-Aug-10,Air Charter,Adult,60,0.19,SCMS from RDC,N/A - From RDC,7050
83530,DN-2339,Generic,CÃte dIvoire,12-Oct-11,12-Oct-11,300mg,Tablet,No,See DN-2339 (ID#:82401),From RDC,"Abacavir 300mg, tablets, 60 Tabs",57.4,2313,34787.52,PMO - US,Mylan (formerly Matrix) Nashik,Abacavir,15.04,N/A - From RDC,SO-40122,FPQ-7659,05-03-11,ARV,104-CI-T30,12-Oct-11,Air,Adult,60,0.25,SCMS from RDC,N/A - From RDC,See DN-2339 (ID#:82401)
45348,ASN-33478,Prezista,South Africa,24-Jul-15,24-Jul-15,600mg,Tablet,No,Freight Included in Commodity Cost,Direct Drop,"Darunavir 600mg [Prezista], tablets, 60 Tabs",1.93,37,1874.52,PMO - US,"Janssen-Cilag, Latina, IT",Darunavir,50.66,10-09-14,SCMS-259077,FPQ-14942,09-11-14,ARV,116-ZA-T30,24-Jul-15,Truck,Adult,60,0.84,PHARMACY DIRECT,DDP,Weight Captured Separately
30573,ASN-17092,Generic,Cameroon,25-Dec-12,25-Dec-12,300/300mg,Tablet - FDC,Yes,30395.15,Direct Drop,"Lamivudine/Tenofovir Disoproxil Fumarate 300/300mg, tablets, 30 Tabs",252.3,38208,179959.68,PMO - US,Hetero Unit III Hyderabad IN,Lamivudine/Tenofovir Disoproxil Fumarate,4.71,10-05-12,SCMS-161730,FPQ-10654,9/20/12,ARV,900-CM-T30,25-Dec-12,Air,Adult,30,0.16,HETERO LABS LIMITED,EXW,4289
24048,ASN-28279,Uni-Gold,"Congo, DRC",04-Nov-14,20-Nov-14,MIssing,Test kit,No,See ASN-28279 (ID#:13547),Direct Drop,"HIV 1/2, Uni-Gold HIV Kit, 20 Tests",11.61,353,11296.0,PMO - US,"Trinity Biotech, Plc","HIV 1/2, Uni-Gold HIV Kit",32.0,8/27/14,SCMS-253260,FPQ-14654,08-11-14,HRDT,101-CD-T30,04-Nov-14,Air,HIV test,20,1.6,"Trinity Biotech, Plc",EXW,See ASN-28279 (ID#:13547)
84135,DN-2498,Generic,"Congo, DRC",14-Feb-12,14-Feb-12,200mg,Tablet,No,See DN-2498 (ID#:83002),From RDC,"Nevirapine 200mg, tablets, 60 Tabs",0.08,22,56.76,PMO - US,"Strides, Bangalore, India.",Nevirapine,2.58,N/A - From RDC,SO-41136,FPQ-8840,11/21/11,ARV,101-CD-T30,16-Mar-12,Air,Adult,60,0.04,SCMS from RDC,N/A - From RDC,See DN-2498 (ID#:83002)
56495,ASN-12000,Uni-Gold,Nigeria,12-Sep-11,12-Sep-11,MIssing,Test kit,Yes,24147.39,Direct Drop,"HIV 1/2, Uni-Gold HIV Kit, 20 Tests",305.76,5791,185312.0,PMO - US,"Trinity Biotech, Plc","HIV 1/2, Uni-Gold HIV Kit",32.0,5/18/11,SCMS-108700,FPQ-7553,4/28/11,HRDT,133-NG-T30,12-Sep-11,Air,HIV test,20,1.6,"Trinity Biotech, Plc",EXW,1918
84770,DN-2936,Generic,CÃte dIvoire,03-Dec-12,03-Dec-12,150/300mg,Tablet - FDC,Yes,11320.56,From RDC,"Lamivudine/Zidovudine 150/300mg, tablets, 60 Tabs",391.59,36180,279309.6,PMO - US,Mylan (formerly Matrix) Nashik,Lamivudine/Zidovudine,7.72,N/A - From RDC,SO-42990,FPQ-10405,7/24/12,ARV,104-CI-T30,13-Dec-12,Truck,Adult,60,0.13,SCMS from RDC,N/A - From RDC,2907
6381,ASN-3673,Videx,Vietnam,26-Mar-09,26-Mar-09,100mg,Chewable/dispersible tablet,Yes,2246.81,Direct Drop,"Didanosine 100mg [Videx],chewable tablets, 60 Tabs",6.5,260,3315.0,PMO - US,"BMS Meymac, France",Didanosine,12.75,03-06-09,SCMS-40390,Pre-PQ Process,Pre-PQ Process,ARV,108-VN-T01,26-Mar-09,Air,Pediatric,60,0.21,BRISTOL-MYERS SQUIBB,CIP,56
65601,ASN-6032,OraQuick,Botswana,01-Mar-10,01-Mar-10,MIssing,Test kit - Ancillary,Yes,402.42,Direct Drop,"#109435**HIV, OraQuick Controls Kit, 3 Vials",0.49,10,250.0,PMO - US,"Orasure Technologies, Inc USA","HIV, OraQuick Controls Kit, 3 Vials",25.0,9/30/09,SCMS-54130,FPQ-4167,09-09-09,HRDT,144-BW-T30,01-Mar-10,Air,HIV test - Ancillary,3,8.33,Orasure Technologies Inc.,EXW,6
85100,DN-1738,Generic,Nigeria,31-Mar-10,31-Mar-10,150/300mg,Tablet - FDC,Yes,Freight Included in Commodity Cost,From RDC,"Lamivudine/Zidovudine 150/300mg, tablets, 60 Tabs",60.44,3200,28032.0,PMO - US,Mylan (formerly Matrix) Nashik,Lamivudine/Zidovudine,8.76,N/A - From RDC,SO-35056,FPQ-4537,11-06-09,ARV,151-NG-T30,19-Apr-10,Air Charter,Adult,60,0.15,SCMS from RDC,N/A - From RDC,255
2588,ASN-4709,Videx,Vietnam,19-Aug-09,19-Aug-09,25mg,Chewable/dispersible tablet,Yes,Freight Included in Commodity Cost,Direct Drop,"Didanosine 25mg [Videx], chewable tablets, 60 Tabs",1.65,120,840.0,PMO - US,"BMS Meymac, France",Didanosine,7.0,5/27/09,SCMS-46560,Pre-PQ Process,Pre-PQ Process,ARV,108-VN-T01,19-Aug-09,Air,Pediatric,60,0.12,BRISTOL-MYERS SQUIBB,CIP,Weight Captured Separately
84855,DN-3330,Generic,CÃte dIvoire,20-Sep-13,20-Sep-13,150/300/200mg,Tablet - FDC,Yes,28864.27,From RDC,"Lamivudine/Nevirapine/Zidovudine 150/200/300mg, tablets, 60 Tabs",613.06,60000,495600.0,PMO - US,Hetero Unit III Hyderabad IN,Lamivudine/Nevirapine/Zidovudine,8.26,N/A - From RDC,SO-44190,FPQ-11253,12/14/12,ARV,104-CI-T30,30-Sep-13,Truck,Adult,60,0.14,SCMS from RDC,N/A - From RDC,8750
12688,DN-320,Generic,CÃte dIvoire,30-Aug-07,30-Aug-07,300mg,Tablet,No,See DN-320 (ID#:10593),From RDC,"Abacavir 300mg, tablets, 60 Tabs",264.29,6000,165180.0,PMO - US,"Cipla, Patalganga, India",Abacavir,27.53,N/A - From RDC,SO-959,Pre-PQ Process,Pre-PQ Process,ARV,104-CI-T01,30-Aug-07,MIssing,Adult,60,0.46,SCMS from RDC,N/A - From RDC,See DN-320 (ID#:10593)
7184,ASN-2632,Bioline,Zimbabwe,17-Nov-08,17-Nov-08,MIssing,Test kit,Yes,18087.86,Direct Drop,"HIV 1/2, Bioline 3.0 Kit, Lancets, Capillary pipets, Alcohol swabs included, 25 Tests",308.27,7864,157280.0,PMO - US,"Standard Diagnostics, Korea","HIV 1/2, Bioline 3.0 Kit, Lancets, Capillary pipets, Alcohol swabs included",20.0,06-12-08,SCMS-25310,Pre-PQ Process,Pre-PQ Process,HRDT,113-ZW-T01,17-Nov-08,Air,HIV test,25,0.8,"Standard Diagnostics, Inc.",EXW,2450
76840,ASN-10568,Generic,South Africa,13-Jun-11,13-Jun-11,300mg,Tablet,Yes,8809.08,Direct Drop,"Tenofovir Disoproxil Fumarate 300mg, tablets, 30 Tabs",850.07,77473,515195.45,PMO - US,"Aurobindo Unit III, India",Tenofovir Disoproxil Fumarate,6.65,12/14/10,SCMS-93540,FPQ-6708,11/26/10,ARV,161-ZA-T30,31-May-11,Ocean,Adult,30,0.22,Aurobindo Pharma Limited,DDP,7228
82282,DN-1586,Generic,Zambia,09-Dec-09,09-Dec-09,300mg,Tablet,Yes,2412.99,From RDC,"Zidovudine 300mg, tablets, 60 Tabs",147.59,10000,75300.0,PMO - US,"Aurobindo Unit III, India",Zidovudine,7.53,N/A - From RDC,SO-34920,FPQ-4029,08-05-09,ARV,110-ZM-T30,15-Jan-10,Truck,Adult,60,0.13,SCMS from RDC,N/A - From RDC,546
47516,ASN-19166,Generic,South Africa,16-Apr-13,16-Apr-13,300mg,Tablet,No,Freight Included in Commodity Cost,Direct Drop,"Tenofovir Disoproxil Fumarate 300mg, tablets, 30 Tabs",184.19,7242,148900.86,South Africa Field Office,"Aurobindo Unit III, India",Tenofovir Disoproxil Fumarate,20.56,Date Not Captured,SCMS-183950,FPQ-11828,3/18/13,ARV,116-ZA-T30,16-Apr-13,Truck,Adult,30,0.69,S. BUYS WHOLESALER,DDP,Weight Captured Separately
83771,DN-3570,Generic,Zambia,25-Mar-14,04-Apr-14,600/200/300mg,Tablet - FDC,Yes,3526.69,From RDC,"Efavirenz/Emtricitabine/Tenofovir Disoproxil Fumarate 600/200/300mg, tablets, 30 Tabs",375.21,25511,303325.79,PMO - US,"Cipla, Goa, India",Efavirenz/Emtricitabine/Tenofovir Disoproxil Fumarate,11.89,N/A - From RDC,SO-45082,FPQ-12066,4/19/13,ARV,110-ZM-T30,28-Feb-14,Truck,Adult,30,0.4,SCMS from RDC,N/A - From RDC,3041
20667,ASN-22986,Generic,Uganda,12-Dec-13,13-Dec-13,10mg/ml,Oral suspension,Yes,Invoiced Separately,Direct Drop,"Nevirapine 10mg/ml, oral suspension w/syringe, Bottle, 100 ml",2.42,1503,1953.9,PMO - US,"Aurobindo Unit III, India",Nevirapine,1.3,08-09-13,SCMS-202560,FPQ-12777,08-05-13,ARV,114-UG-T30,10-Dec-13,Air,Pediatric,100,0.01,Aurobindo Pharma Limited,EXW,Weight Captured Separately
85723,DN-2054,Generic,Zambia,25-Nov-10,25-Nov-10,150/300mg,Tablet - FDC,No,See DN-2054 (ID#:83465),From RDC,"Lamivudine/Zidovudine 150/300mg, tablets, 60 Tabs",1382.54,75000,641250.0,PMO - US,"Aurobindo Unit III, India",Lamivudine/Zidovudine,8.55,N/A - From RDC,SO-37320,FPQ-6221,8/20/10,ARV,110-ZM-T30,31-Dec-10,Truck,Adult,60,0.14,SCMS from RDC,N/A - From RDC,See DN-2054 (ID#:83465)
85467,DN-3657,Generic,Zambia,18-Apr-14,22-May-14,10mg/ml,Oral suspension,No,See DN-3657 (ID#:82670),From RDC,"Nevirapine 10mg/ml, oral suspension w/syringe, Bottle, 100 ml",2.67,2000,2600.0,PMO - US,"Aurobindo Unit III, India",Nevirapine,1.3,N/A - From RDC,SO-47791,FPQ-13574,1/16/14,ARV,110-ZM-T30,08-Apr-14,Air,Pediatric,100,0.01,SCMS from RDC,N/A - From RDC,See DN-3657 (ID#:82670)
82604,DN-3335,Generic,Burundi,05-Nov-13,12-Nov-13,150/300mg,Tablet - FDC,Yes,3810.39,From RDC,"Lamivudine/Zidovudine 150/300mg, tablets, 60 Tabs",53.17,6141,42987.0,PMO - US,"Cipla, Goa, India",Lamivudine/Zidovudine,7.0,N/A - From RDC,SO-46010,FPQ-12602,07-09-13,ARV,102-BI-T30,03-Nov-13,Air,Adult,60,0.12,SCMS from RDC,N/A - From RDC,741
83513,DN-2279,Generic,Zimbabwe,11-Aug-11,11-Aug-11,30/6mg,Chewable/dispersible tablet - FDC,Yes,2143.48,From RDC,"Lamivudine/Stavudine 30/6mg, dispersible tablets, 60 Tabs",15.1,3687,7005.3,PMO - US,"Cipla, Goa, India",Lamivudine/Stavudine,1.9,N/A - From RDC,SO-37870,FPQ-6483,10/13/10,ARV,200-ZW-T30,15-Aug-11,Truck,Pediatric,60,0.03,SCMS from RDC,N/A - From RDC,212
11709,DN-72,Generic,Nigeria,17-Apr-07,17-Apr-07,10mg/ml,Oral solution,No,See DN-72 (ID#:11097),From RDC,"Lamivudine 10mg/ml, oral solution, Bottle, 240 ml",MIssing,1200,2640.0,PMO - US,"Aurobindo Unit III, India",Lamivudine,2.2,N/A - From RDC,SO-340,Pre-PQ Process,Pre-PQ Process,ARV,112-NG-T01,17-Apr-07,MIssing,Pediatric,240,0.01,SCMS from RDC,N/A - From RDC,See DN-72 (ID#:11097)
85242,DN-2570,Generic,Tanzania,11-Apr-12,11-Apr-12,30/50/60mg,Chewable/dispersible tablet - FDC,Yes,3279.25,From RDC,"Lamivudine/Nevirapine/Zidovudine 30/50/60mg, dispersible tablets, 60 Tabs",78.97,11262,47863.5,PMO - US,Mylan (formerly Matrix) Nashik,Lamivudine/Nevirapine/Zidovudine,4.25,N/A - From RDC,SO-40481,FPQ-8303,8/22/11,ARV,109-TZ-T30,11-Apr-12,Truck,Pediatric,60,0.07,SCMS from RDC,N/A - From RDC,641
32742,ASN-11024,Generic,Vietnam,22-Jun-11,22-Jun-11,300mg,Tablet,No,See ASN-11024 (ID#:15149),Direct Drop,"Zidovudine 300mg, tablets, 60 Tabs",16.94,1416,10266.0,PMO - US,Mylan (formerly Matrix) Nashik,Zidovudine,7.25,2/15/11,SCMS-97850,FPQ-6818,1/17/11,ARV,108-VN-T30,22-Jun-11,Air,Adult,60,0.12,MYLAN LABORATORIES LTD (FORMERLY MATRIX LABORATORIES),EXW,See ASN-11024 (ID#:15149)
59847,ASN-28626,Reyataz,South Africa,03-Oct-14,03-Oct-14,150mg,Capsule,No,Freight Included in Commodity Cost,Direct Drop,"Atazanavir 150mg [Reyataz], capsules, 60 Caps",0.14,6,132.02,PMO - US,"BMS Evansville, US",Atazanavir,22.0,10-03-14,SCMS-238554,FPQ-13973,4/30/14,ARV,116-ZA-T30,03-Oct-14,Truck,Pediatric,60,0.37,PHARMACY DIRECT,DDP,Weight Captured Separately
84162,DN-2633,Generic,Tanzania,01-Jun-12,01-Jun-12,60/100/12mg,Chewable/dispersible tablet - FDC,Yes,7865.4,From RDC,"Lamivudine/Nevirapine/Stavudine 60/100/12mg, dispersible tablets, 60 Tabs",197.01,26300,119402.0,PMO - US,"Cipla, Goa, India",Lamivudine/Nevirapine/Stavudine,4.54,N/A - From RDC,SO-40490,FPQ-8303,8/22/11,ARV,109-TZ-T30,01-Jun-12,Truck,Pediatric,60,0.08,SCMS from RDC,N/A - From RDC,2278
51911,ASN-21708,Generic,Cameroon,30-Oct-13,31-Oct-13,300/300mg,Tablet - FDC,Yes,26930.79,Direct Drop,"Lamivudine/Tenofovir Disoproxil Fumarate 300/300mg, tablets, 30 Tabs",186.37,32400,150660.0,PMO - US,"Aurobindo Unit VII, IN",Lamivudine/Tenofovir Disoproxil Fumarate,4.65,8/23/13,SCMS-204300,FPQ-12837,8/19/13,ARV,901-CM-T30,07-Nov-13,Air,Adult,30,0.16,Aurobindo Pharma Limited,EXW,3227
20219,ASN-17176,Generic,Vietnam,14-Dec-12,14-Dec-12,150/300mg,Tablet - FDC,Yes,1934.17,Direct Drop,"Lamivudine/Zidovudine 150/300mg, tablets, 60 Tabs",100.83,10158,71918.64,PMO - US,Hetero Unit III Hyderabad IN,Lamivudine/Zidovudine,7.08,8/15/12,SCMS-156310,FPQ-10286,7/25/12,ARV,108-VN-T30,14-Dec-12,Air,Adult,60,0.12,HETERO LABS LIMITED,EXW,941
11261,DN-730,Generic,Nigeria,26-May-08,26-May-08,150/30mg,Tablet - FDC,No,See DN-730 (ID#:11260),From RDC,"Lamivudine/Stavudine 150/30mg, tablets, 30 Tabs",5.01,1566,3132.0,PMO - US,"Cipla, Goa, India",Lamivudine/Stavudine,2.0,N/A - From RDC,SO-2501,Pre-PQ Process,Pre-PQ Process,ARV,130-NG-T01,26-May-08,Air,Adult,30,0.07,SCMS from RDC,N/A - From RDC,See DN-730 (ID#:11260)
82618,DN-3425,Generic,Guyana,02-Dec-13,20-Dec-13,300mg,Tablet,Yes,8420.68,From RDC,"Zidovudine 300mg, tablets, 60 Tabs",7.01,1016,5669.28,PMO - US,"Aurobindo Unit III, India",Zidovudine,5.58,N/A - From RDC,SO-46090,FPQ-12619,7/16/13,ARV,105-GY-T30,31-Dec-13,Air,Adult,60,0.09,SCMS from RDC,N/A - From RDC,615
17501,ASN-21668,Generic,Vietnam,25-Sep-13,25-Sep-13,300mg,Tablet,Yes,678.96,Direct Drop,"Abacavir 300mg, tablets, 60 Tabs",11.68,771,9444.75,PMO - US,Hetero Unit III Hyderabad IN,Abacavir,12.25,5/15/13,SCMS-188700,FPQ-12051,05-03-13,ARV,108-VN-T30,25-Sep-13,Air,Adult,60,0.2,HETERO LABS LIMITED,EXW,136
3898,ASN-4836,Invirase,South Africa,28-Jul-09,28-Jul-09,200mg,Capsule,No,Freight Included in Commodity Cost,Direct Drop,"Saquinavir 200mg [Invirase], capsules, 270 Caps",4.5,30,2298.0,PMO - US,Roche Basel,Saquinavir,76.6,06-05-09,SCMS-47051,Pre-PQ Process,Pre-PQ Process,ARV,116-ZA-T01,12-Oct-09,Truck,Adult,270,0.28,S. BUYS WHOLESALER,DDP,Weight Captured Separately
62113,ASN-11128,Stocrin/Sustiva,CÃte dIvoire,01-Jul-11,01-Jul-11,30mg/ml,Oral solution,Yes,2093.31,Direct Drop,"Efavirenz 30mg/ml [Stocrin/Sustiva], oral solution, Bottle, 180 ml",190,5196,88124.16,PMO - US,"MSD, Haarlem, NL",Efavirenz,16.96,09-10-10,SCMS-83690,FPQ-6183,08-10-10,ARV,104-CI-T30,01-Jul-11,Air,Pediatric,180,0.09,MERCK SHARP & DOHME IDEA GMBH (FORMALLY MERCK SHARP & DOHME B.V.),CIP,1489
16232,ASN-14408,Generic,Haiti,22-Apr-12,22-Apr-12,50mg,Chewable/dispersible tablet,Yes,12749.39,Direct Drop,"Nevirapine 50mg, dispersible tablets (tablets for oral suspension), 30 Tabs",5.07,2894,3617.5,PMO - US,"Aurobindo Unit III, India",Nevirapine,1.25,2/24/12,SCMS-138580,FPQ-9066,01-06-12,ARV,106-HT-T30,22-Apr-12,Air,Pediatric,30,0.04,Aurobindo Pharma Limited,EXW,1486
11850,DN-542,Generic,Ethiopia,29-Jan-08,29-Jan-08,200mg,Tablet,Yes,17975.21,From RDC,"Nevirapine 200mg, tablets, 60 Tabs",302.25,55560,188904.0,PMO - US,"Aurobindo Unit III, India",Nevirapine,3.4,N/A - From RDC,SO-1528,Pre-PQ Process,Pre-PQ Process,ARV,117-ET-T01,29-Jan-08,Air,Adult,60,0.06,SCMS from RDC,N/A - From RDC,5181
44,ASN-130,Stocrin/Sustiva,Zambia,08-Jan-07,08-Jan-07,200mg,Capsule,Yes,Freight Included in Commodity Cost,Direct Drop,"Efavirenz 200mg [Stocrin/Sustiva], capsule, 90 Caps",MIssing,135,4374.0,PMO - US,MSD South Granville Australia,Efavirenz,32.4,Date Not Captured,SCMS-139,Pre-PQ Process,Pre-PQ Process,ARV,110-ZM-T01,08-Jan-07,Air,Pediatric,90,0.36,MERCK SHARP & DOHME IDEA GMBH (FORMALLY MERCK SHARP & DOHME B.V.),DDU,328
82047,ASN-33851,Generic,South Africa,24-Aug-15,24-Aug-15,300mg,Tablet,No,Freight Included in Commodity Cost,Direct Drop,"Zidovudine 300mg, tablets, 60 Tabs",0.3,15,289.91,PMO - US,"Aurobindo Unit III, India",Zidovudine,19.33,10-09-14,SCMS-259079,FPQ-14942,09-11-14,ARV,116-ZA-T30,24-Aug-15,Truck,Adult,60,0.32,PHARMACY DIRECT,DDP,Weight Captured Separately
6041,ASN-2799,Determine,CÃte dIvoire,05-Dec-08,05-Dec-08,MIssing,Test kit,Yes,5243.53,Direct Drop,"HIV 1/2, Determine HIV Kit, without Lancets, 100 Tests",161.07,1174,82180.0,PMO - US,Inverness Japan,"HIV 1/2, Determine HIV Kit, without Lancets",70.0,9/18/08,SCMS-30430,Pre-PQ Process,Pre-PQ Process,HRDT,104-CI-T01,05-Dec-08,Air,HIV test,100,0.7,"Orgenics, Ltd",EXW,268
56320,ASN-7021,Generic,South Africa,08-Jun-10,08-Jun-10,300mg,Tablet,Yes,4885.21,Direct Drop,"Zidovudine 300mg, tablets, 60 Tabs",425.15,26540,197192.2,PMO - US,"Aurobindo Unit III, India",Zidovudine,7.43,3/19/10,SCMS-69000,FPQ-5303,3/18/10,ARV,161-ZA-T30,08-Jun-10,Air,Adult,60,0.12,Aurobindo Pharma Limited,DDP,1431
10689,DN-734,Generic,CÃte dIvoire,02-Jun-08,02-Jun-08,20mg/ml,Oral solution,Yes,10451.25,From RDC,"Abacavir 20mg/ml, oral solution, Bottle, 240 ml",43.93,1664,27456.0,PMO - US,"Aurobindo Unit III, India",Abacavir,16.5,N/A - From RDC,SO-2044,Pre-PQ Process,Pre-PQ Process,ARV,104-CI-T01,02-Jun-08,Air,Pediatric,240,0.07,SCMS from RDC,N/A - From RDC,905
83034,DN-2656,Generic,Zimbabwe,25-May-12,25-May-12,150/30mg,Tablet - FDC,No,See DN-2656 (ID#:83032),From RDC,"Lamivudine/Stavudine 150/30mg, tablets, 60 Tabs",34.8,7150,21092.5,PMO - US,"Strides, Bangalore, India.",Lamivudine/Stavudine,2.95,N/A - From RDC,SO-40870,FPQ-8464,10-04-11,ARV,113-ZW-T30,12-Jun-12,Truck,Adult,60,0.05,SCMS from RDC,N/A - From RDC,See DN-2656 (ID#:83032)
86563,DN-3121,Generic,Uganda,09-Aug-13,09-Aug-13,200mg,Tablet,No,See DN-3121 (ID#:83677),From RDC,"Nevirapine 200mg, tablets, 60 Tabs",90.29,32298,72993.48,PMO - US,Hetero Unit III Hyderabad IN,Nevirapine,2.26,N/A - From RDC,SO-43650,FPQ-10946,11-01-12,ARV,114-UG-T30,09-Aug-13,Air,Adult,60,0.04,SCMS from RDC,N/A - From RDC,See DN-3121 (ID#:83677)
32953,ASN-23656,Generic,Rwanda,31-Jan-14,04-Mar-14,600/300mg,Tablet - FDC,Yes,24035.49,Direct Drop,"Abacavir/Lamivudine 600/300mg, tablets, 30 Tabs",679.25,40705,549110.45,PMO - US,Mylan (formerly Matrix) Nashik,Abacavir/Lamivudine,13.49,9/19/13,SCMS-205930,FPQ-12791,08-09-13,ARV,107-RW-T30,31-Jan-14,Air,Adult,30,0.45,MYLAN LABORATORIES LTD (FORMERLY MATRIX LABORATORIES),EXW,3948
10777,DN-1284,Generic,Zambia,12-Jun-09,12-Jun-09,300mg,Tablet,Yes,2219.27,From RDC,"Zidovudine 300mg, tablets, 60 Tabs",90.67,6000,46260.0,PMO - US,"Aurobindo Unit III, India",Zidovudine,7.71,N/A - From RDC,SO-24960,Pre-PQ Process,Pre-PQ Process,ARV,110-ZM-T01,12-Jun-09,Air,Adult,60,0.13,SCMS from RDC,N/A - From RDC,341
86271,DN-1660,Generic,Zimbabwe,12-Mar-10,12-Mar-10,150/30mg,Tablet - FDC,No,See DN-1660 (ID#:82296),From RDC,"Lamivudine/Stavudine 150/30mg, tablets, 60 Tabs",13.93,1900,6460.0,PMO - US,"Cipla, Goa, India",Lamivudine/Stavudine,3.4,N/A - From RDC,SO-35410,FPQ-4688,12-08-09,ARV,113-ZW-T30,31-Mar-10,Air,Adult,60,0.06,SCMS from RDC,N/A - From RDC,See DN-1660 (ID#:82296)
24990,ASN-5308,Uni-Gold,Namibia,11-Nov-09,11-Nov-09,MIssing,Test kit,Yes,751.43,Direct Drop,"HIV 1/2, Uni-Gold HIV Kit, 20 Tests",0,25,0.25,PMO - US,"Trinity Biotech, Plc","HIV 1/2, Uni-Gold HIV Kit",0.01,10-06-09,SCMS-54590,FPQ-4267,9/15/09,HRDT,119-NA-T30,11-Nov-09,Air,HIV test,20,0.0,"Trinity Biotech, Plc",EXW,10
1719,ASN-1668,Generic,CÃte dIvoire,09-May-08,09-May-08,MIssing,Test kit - Ancillary,Yes,Freight Included in Commodity Cost,Direct Drop,"HIV, Lancet, Safety, for HIV Test kits, 100 Pcs",0,250,2.5,PMO - US,Inverness Japan,"HIV, Lancet, Safety, for HIV Test kits, 100 Pcs",0.01,04-07-08,SCMS-21270,Pre-PQ Process,Pre-PQ Process,HRDT,104-CI-T01,09-May-08,Air,HIV test - Ancillary,100,0.0,"Orgenics, Ltd",EXW,17
83031,DN-2655,Generic,Zimbabwe,25-May-12,25-May-12,300/300mg,Tablet - FDC,No,See DN-2655 (ID#:82474),From RDC,"Lamivudine/Tenofovir Disoproxil Fumarate 300/300mg, tablets, 30 Tabs",713.75,78082,432574.28,PMO - US,Mylan (formerly Matrix) Nashik,Lamivudine/Tenofovir Disoproxil Fumarate,5.54,N/A - From RDC,SO-40861,FPQ-8464,10-04-11,ARV,113-ZW-T30,31-May-12,Truck,Adult,30,0.18,SCMS from RDC,N/A - From RDC,See DN-2655 (ID#:82474)
85331,DN-3017,Generic,"Congo, DRC",08-Aug-13,08-Aug-13,150/300mg,Tablet - FDC,No,See DN-3017 (ID#:83108),From RDC,"Lamivudine/Zidovudine 150/300mg, tablets, 60 Tabs",11.65,1296,9421.92,PMO - US,Mylan (formerly Matrix) Nashik,Lamivudine/Zidovudine,7.27,N/A - From RDC,SO-43750,FPQ-11096,11/20/12,ARV,101-CD-T30,18-Mar-13,Air,Adult,60,0.12,SCMS from RDC,N/A - From RDC,See DN-3017 (ID#:83108)
83111,DN-3023,Generic,CÃte dIvoire,28-Feb-13,28-Feb-13,60/30mg,Tablet - FDC,Yes,10680.14,From RDC,"Abacavir/Lamivudine 60/30mg, tablets, 60 Tabs",32.4,5024,23110.4,PMO - US,"Aurobindo Unit III, India",Abacavir/Lamivudine,4.6,N/A - From RDC,SO-43000,FPQ-10405,7/24/12,ARV,104-CI-T30,27-Mar-13,Truck,Pediatric,60,0.08,SCMS from RDC,N/A - From RDC,2732
5113,ASN-4553,Generic,Rwanda,12-Aug-09,12-Aug-09,600mg,Tablet,Yes,19023.36,Direct Drop,"Efavirenz 600mg, tablets, 30 Tabs",383.53,28034,195677.32,PMO - US,Hetero Unit III Hyderabad IN,Efavirenz,6.98,7/15/09,SCMS-43900,Pre-PQ Process,Pre-PQ Process,ARV,107-RW-T01,12-Aug-09,Air,Adult,30,0.23,HETERO LABS LIMITED,CIP,2268
12669,DN-219,Pepti-LAV,CÃte dIvoire,10-Jul-07,10-Jul-07,MIssing,Test kit - Ancillary,Yes,1356,From RDC,"HIV, Pepti-LAV 1|2 (HIV-1|2 Ab differenciation, Immuno-Blot)",0.76,2,477.3,PMO - US,Bio-Rad Laboratories,"HIV, Pepti-LAV 1|2 (HIV-1|2 Ab differenciation, Immuno-Blot)",238.65,N/A - From RDC,SO-410,Pre-PQ Process,Pre-PQ Process,HRDT,104-CI-T01,10-Jul-07,MIssing,HIV test - Ancillary,1,238.65,SCMS from RDC,N/A - From RDC,6
14410,ASN-9751,Coartem,Nigeria,28-Feb-11,28-Feb-11,20/120mg,Tablet - FDC + blister,Yes,5810.56,Direct Drop,"Artemether/Lumefantrine 20/120mg [Coartem], scored tablets, Blister 30 x 24 Tabs",104.68,1245,48555.0,PMO - US,"Novartis Pharma Suffern, USA",Artemether/Lumefantrine,39.0,12-07-10,SCMS-93420,FPQ-6124,7/29/10,ACT,112-NG-T30,28-Feb-11,Air,ACT,720,0.05,NOVARTIS PHARMA SERVICES AG,EXW,859
31805,ASN-31105,Generic,Haiti,25-May-15,26-May-15,600mg,Tablet,Yes,6914.44,Direct Drop,"Efavirenz 600mg, tablets, 30 Tabs",144.25,43309,140321.16,PMO - US,"Cipla, Goa, India",Efavirenz,3.24,11/14/14,SCMS-260970,FPQ-14895,9/24/14,ARV,106-HT-T30,25-May-15,Ocean,Adult,30,0.11,CIPLA LIMITED,EXW,5000
84778,DN-2957,Generic,CÃte dIvoire,14-Jan-13,14-Jan-13,30/50/60mg,Chewable/dispersible tablet - FDC,Yes,3487.55,From RDC,"Lamivudine/Nevirapine/Zidovudine 30/50/60mg, dispersible tablets, 60 Tabs",33.17,5701,23659.15,PMO - US,Mylan (formerly Matrix) Nashik,Lamivudine/Nevirapine/Zidovudine,4.15,N/A - From RDC,SO-42410,FPQ-9749,4/19/12,ARV,104-CI-T30,31-Jan-13,Truck,Pediatric,60,0.07,SCMS from RDC,N/A - From RDC,338
38955,ASN-32234,Uni-Gold,Nigeria,12-Jun-15,12-Jun-15,MIssing,Test kit,Yes,25636.67,Direct Drop,"HIV 1/2, Uni-Gold HIV Kit, 20 Tests",470.24,12485,399520.0,PMO - US,"Trinity Biotech, Plc","HIV 1/2, Uni-Gold HIV Kit",32.0,05-12-15,SCMS-287610,FPQ-16302,05-04-15,HRDT,133-NG-T30,12-Jun-15,Air,HIV test,20,1.6,"Trinity Biotech, Plc",EXW,3655
83972,DN-1605,Generic,Haiti,08-Jan-10,08-Jan-10,600mg,Tablet,No,See DN-1605 (ID#:82284),From RDC,"Efavirenz 600mg, tablets, 30 Tabs",169.19,13577,78475.06,PMO - US,"Aurobindo Unit III, India",Efavirenz,5.78,N/A - From RDC,SO-35170,FPQ-4469,9/23/09,ARV,106-HT-T30,11-Jan-10,Air,Adult,30,0.19,SCMS from RDC,N/A - From RDC,See DN-1605 (ID#:82284)
81888,ASN-23947,Determine,Nigeria,13-Feb-14,12-Mar-14,MIssing,Test kit,Yes,58592.54,Direct Drop,"HIV 1/2, Determine Complete HIV Kit, 100 Tests",1030.8,9363,833307.0,PMO - US,"Alere Medical Co., Ltd.","HIV 1/2, Determine Complete HIV Kit",89.0,11-01-13,SCMS-210351,FPQ-12812,8/13/13,HRDT,133-NG-T30,18-Feb-14,Air,HIV test,100,0.89,"Orgenics, Ltd",EXW,3800
59530,ASN-23875,Generic,South Africa,13-Jan-14,13-Jan-14,250mg,Delayed-release capsules,No,Freight Included in Commodity Cost,Direct Drop,"Didanosine 250mg, delayed-release capsules, 30 Caps",0.28,18,271.8,PMO - US,"Aurobindo Unit III, India",Didanosine,15.1,12-02-13,SCMS-215410,FPQ-13214,11/14/13,ARV,116-ZA-T30,13-Jan-14,Truck,Adult,30,0.5,S. BUYS WHOLESALER,DDP,Weight Captured Separately
10926,DN-627,Generic,Haiti,08-Mar-08,08-Mar-08,200mg,Chewable/dispersible tablet,Yes,2587.9,From RDC,"Didanosine 200mg, chewable/dispersible tablets, 60 Tabs",2.48,100,1550.0,PMO - US,"Aurobindo Unit III, India",Didanosine,15.5,N/A - From RDC,SO-1285,Pre-PQ Process,Pre-PQ Process,ARV,106-HT-T01,08-Mar-08,Air,Pediatric,60,0.26,SCMS from RDC,N/A - From RDC,195
23192,ASN-24394,Generic,Vietnam,23-Apr-14,23-Apr-14,300mg,Tablet,No,See ASN-24394 (ID#:16053),Direct Drop,"Tenofovir Disoproxil Fumarate 300mg, tablets, 30 Tabs",42.52,9683,34374.65,PMO - US,Hetero Unit III Hyderabad IN,Tenofovir Disoproxil Fumarate,3.55,10-10-13,SCMS-210120,FPQ-13034,10-04-13,ARV,108-VN-T30,23-Apr-14,Air,Adult,30,0.12,HETERO LABS LIMITED,EXW,See ASN-24394 (ID#:16053)
71244,ASN-19166,Generic,South Africa,16-Apr-13,16-Apr-13,200mg,Tablet,No,Freight Included in Commodity Cost,Direct Drop,"Nevirapine 200mg, tablets, 60 Tabs",116.41,5093,94109.04,South Africa Field Office,"Cipla, Goa, India",Nevirapine,18.48,Date Not Captured,SCMS-183950,FPQ-11828,3/18/13,ARV,116-ZA-T30,16-Apr-13,Truck,Adult,60,0.31,S. BUYS WHOLESALER,DDP,Weight Captured Separately
84034,DN-1990,Generic,Nigeria,17-Aug-10,17-Aug-10,200mg,Tablet,Yes,6147.18,From RDC,"Nevirapine 200mg, tablets, 60 Tabs",77.13,13104,35773.92,PMO - US,"Aurobindo Unit III, India",Nevirapine,2.73,N/A - From RDC,SO-37080,FPQ-5023,02-10-10,ARV,151-NG-T30,12-Aug-10,Air Charter,Adult,60,0.05,SCMS from RDC,N/A - From RDC,1448
82620,DN-3426,Generic,"Congo, DRC",26-Jan-14,04-Mar-14,10mg/ml,Oral suspension,Yes,16754.32,From RDC,"Nevirapine 10mg/ml, oral suspension w/syringe, Bottle, 240 ml",14.55,6032,11762.4,PMO - US,"Aurobindo Unit III, India",Nevirapine,1.95,N/A - From RDC,SO-45022,FPQ-12033,04-08-13,ARV,101-CD-T30,15-Nov-13,Air,Pediatric,240,0.01,SCMS from RDC,N/A - From RDC,2572
52280,ASN-5639,Uni-Gold,Kenya,11-Jan-10,11-Jan-10,MIssing,Test kit,Yes,4259.57,Direct Drop,"HIV 1/2, Uni-Gold HIV Kit, 20 Tests",62.72,1000,32000.0,PMO - US,"Trinity Biotech, Plc","HIV 1/2, Uni-Gold HIV Kit",32.0,10/22/09,SCMS-55901,FPQ-4250,9/16/09,HRDT,102-KE-T30,11-Jan-10,Air,HIV test,20,1.6,"Trinity Biotech, Plc",EXW,347
85270,DN-2701,Generic,Guyana,13-Jun-12,13-Jun-12,10mg/ml,Oral solution,Yes,1075.62,From RDC,"Lamivudine 10mg/ml, oral solution w/syringe, Bottle, 240 ml",0.6,230,425.5,PMO - US,"Aurobindo Unit III, India",Lamivudine,1.85,N/A - From RDC,SO-42040,FPQ-9820,05-04-12,ARV,105-GY-T30,10-Jul-12,Air,Pediatric,240,0.01,SCMS from RDC,N/A - From RDC,83
23375,ASN-30812,Generic,Haiti,26-Mar-15,30-Mar-15,150mg,Tablet,Yes,2612.79,Direct Drop,"Lamivudine 150mg, tablets, 60 Tabs",6.66,3600,6480.0,PMO - US,Hetero Unit III Hyderabad IN,Lamivudine,1.8,12/24/14,SCMS-263030,FPQ-15038,10/22/14,ARV,106-HT-T30,26-Mar-15,Air,Adult,60,0.03,HETERO LABS LIMITED,EXW,216
82393,DN-2298,Generic,Uganda,02-Aug-11,02-Aug-11,150/300mg,Tablet - FDC,Yes,10928.52,From RDC,"Lamivudine/Zidovudine 150/300mg, tablets, 60 Tabs",205.89,15107,124783.82,PMO - US,"Aurobindo Unit III, India",Lamivudine/Zidovudine,8.26,N/A - From RDC,SO-38820,FPQ-7162,2/14/11,ARV,114-UG-T30,29-Jul-11,Truck,Adult,60,0.14,SCMS from RDC,N/A - From RDC,1409
10282,ASN-3678,Uni-Gold,Rwanda,06-Apr-09,06-Apr-09,MIssing,Test kit,Yes,3100.66,Direct Drop,"HIV 1/2, Uni-Gold HIV Kit, 20 Tests",60.4,963,30816.0,PMO - US,"Trinity Biotech, Plc","HIV 1/2, Uni-Gold HIV Kit",32.0,2/18/09,SCMS-38670,Pre-PQ Process,Pre-PQ Process,HRDT,107-RW-T01,06-Apr-09,Air,HIV test,20,1.6,"Trinity Biotech, Plc",EXW,320
41092,ASN-17354,Generic,CÃte dIvoire,31-Dec-12,31-Dec-12,60/30mg,Tablet - FDC,Yes,3845.67,Direct Drop,"Abacavir/Lamivudine 60/30mg, tablets, 60 Tabs",46.61,7228,33248.8,PMO - US,"Aurobindo Unit III, India",Abacavir/Lamivudine,4.6,06-06-12,SCMS-147690,FPQ-9756,4/23/12,ARV,104-CI-T30,31-Dec-12,Air,Pediatric,60,0.08,Aurobindo Pharma Limited,EXW,338
54827,ASN-32138,Generic,South Africa,12-May-15,12-May-15,50mg,Capsule,No,Freight Included in Commodity Cost,Direct Drop,"Efavirenz 50mg, capsule, 30 Caps",0.01,3,6.49,PMO - US,"Aurobindo Unit III, India",Efavirenz,2.16,05-11-15,SCMS-259075,FPQ-14942,09-11-14,ARV,116-ZA-T30,12-May-15,Truck,Pediatric,30,0.07,PHARMACY DIRECT,DDP,Weight Captured Separately
83732,DN-3371,Generic,CÃte dIvoire,22-Oct-13,19-Nov-13,200/50mg,Tablet,No,See DN-3371 (ID#:83174),From RDC,"Lopinavir/Ritonavir 200/50mg, tablets, 120 Tabs",5.92,228,4788.0,PMO - US,"Aurobindo Unit III, India",Lopinavir/Ritonavir,21.0,N/A - From RDC,SO-44210,FPQ-11253,12/14/12,ARV,104-CI-T30,31-Oct-13,Truck,Adult,120,0.18,SCMS from RDC,N/A - From RDC,See DN-3371 (ID#:83174)
67159,ASN-14884,Determine,Malawi,23-May-12,23-May-12,MIssing,Test kit,Yes,1470.09,Direct Drop,"HIV 1/2, Determine Complete HIV Kit, 100 Tests",7.4,66,5280.0,PMO - US,"Alere Medical Co., Ltd.","HIV 1/2, Determine Complete HIV Kit",80.0,3/28/12,SCMS-141450,FPQ-9454,03-12-12,HRDT,102-MW-T30,23-May-12,Air,HIV test,100,0.8,"Orgenics, Ltd",EXW,30
78220,ASN-28034,Generic,South Africa,29-Aug-14,29-Aug-14,150/300mg,Tablet - FDC,No,Freight Included in Commodity Cost,Direct Drop,"Lamivudine/Zidovudine 150/300mg, tablets, 60 Tabs",9.68,239,7826.72,PMO - US,Hetero Unit III Hyderabad IN,Lamivudine/Zidovudine,32.75,8/29/14,SCMS-199289,FPQ-12522,07-11-13,ARV,116-ZA-T30,29-Aug-14,Truck,Adult,60,0.55,S. BUYS WHOLESALER,DDP,Weight Captured Separately
54744,ASN-20555,Generic,Vietnam,03-Sep-13,03-Sep-13,200mg,Tablet,No,See ASN-20555 (ID#:25809),Direct Drop,"Nevirapine 200mg, tablets, 60 Tabs",11.13,4000,9000.0,PMO - US,"Aurobindo Unit III, India",Nevirapine,2.25,5/17/13,SCMS-188680,FPQ-12051,05-03-13,ARV,108-VN-T30,03-Sep-13,Air,Adult,60,0.04,Aurobindo Pharma Limited,EXW,See ASN-20555 (ID#:25809)
13708,ASN-24721,Uni-Gold,"Congo, DRC",04-Apr-14,28-Apr-14,MIssing,Test kit,Yes,2734.02,Direct Drop,"HIV 1/2, Uni-Gold HIV Kit, 20 Tests",1.05,32,1024.0,PMO - US,"Trinity Biotech, Plc","HIV 1/2, Uni-Gold HIV Kit",32.0,1/28/14,SCMS-224840,FPQ-13548,1/22/14,HRDT,101-CD-T30,04-Apr-14,Air,HIV test,20,1.6,"Trinity Biotech, Plc",EXW,54
49694,ASN-9935,Generic,South Africa,07-Apr-11,07-Apr-11,300mg,Tablet,Yes,17919.41,Direct Drop,"Zidovudine 300mg, tablets, 60 Tabs",1106.72,70030,513319.9,PMO - US,"Aurobindo Unit III, India",Zidovudine,7.33,9/24/10,SCMS-83770,FPQ-6262,8/31/10,ARV,161-ZA-T30,07-Apr-11,Ocean,Adult,60,0.12,Aurobindo Pharma Limited,DDP,3534
71076,ASN-30792,Isentress,South Africa,19-Feb-15,19-Feb-15,400mg,Tablet,No,Freight Included in Commodity Cost,Direct Drop,"Raltegravir 400mg [Isentress], tablets, 60 Tabs",0.26,3,253.94,PMO - US,"MSD, Haarlem, NL",Raltegravir,84.65,05-08-14,SCMS-238550,FPQ-13973,4/30/14,ARV,116-ZA-T30,19-Feb-15,Truck,Adult,60,1.41,PHARMACY DIRECT,DDP,Weight Captured Separately
48872,ASN-25795,Determine,"Congo, DRC",07-Apr-14,23-Apr-14,MIssing,Test kit,No,Freight Included in Commodity Cost,Direct Drop,"HIV 1/2, Determine Kit without Lancets, Buffer or Caplillary Tubes, 100 Tests",296.04,2500,287975.0,PMO - US,"Alere Medical Co., Ltd.","HIV 1/2, Determine Kit without Lancets, Buffer or Capillary Tubes, 100 Tests",115.19,1/30/14,SCMS-224850,FPQ-13548,1/22/14,HRDT,101-CD-T30,07-Apr-14,Truck,HIV test,100,1.15,WAGENIA,DDP,Weight Captured Separately
85688,DN-1928,Generic,Nigeria,28-Jun-10,28-Jun-10,200/300mg,Tablet - FDC,Yes,Freight Included in Commodity Cost,From RDC,"Emtricitabine/Tenofovir Disoproxil Fumarate 200/300mg, tablets, 30 Tabs",1413.51,55797,655614.75,PMO - US,Mylan (formerly Matrix) Nashik,Emtricitabine/Tenofovir Disoproxil Fumarate,11.75,N/A - From RDC,SO-36410,FPQ-5023,02-10-10,ARV,151-NG-T30,15-Jul-10,Air,Adult,30,0.39,SCMS from RDC,N/A - From RDC,4665
12270,DN-1163,Kaletra,CÃte dIvoire,23-Mar-09,23-Mar-09,80/20mg/ml,Oral solution,No,See DN-1163 (ID#:11030),From RDC,"Lopinavir/Ritonavir 80/20mg/ml [Kaletra], oral solution, cool, Bottle 5 x 60 ml",10.15,126,5178.6,PMO - US,ABBVIE (Abbott) Logis. UK,Lopinavir/Ritonavir,41.1,N/A - From RDC,SO-970,Pre-PQ Process,Pre-PQ Process,ARV,104-CI-T01,23-Mar-09,Air,Pediatric,300,0.14,SCMS from RDC,N/A - From RDC,See DN-1163 (ID#:11030)
86200,DN-4260,Generic,Nigeria,28-Apr-15,29-Apr-15,150/300/200mg,Tablet - FDC,No,See DN-4260 (ID#:85596),From RDC,"Lamivudine/Nevirapine/Zidovudine 150/200/300mg, tablets, 60 Tabs",1190.42,150000,1158000.0,PMO - US,"Aurobindo Unit III, India",Lamivudine/Nevirapine/Zidovudine,7.72,N/A - From RDC,SO-49935,FPQ-14989,9/19/14,ARV,151-NG-T30,30-Jun-15,Air Charter,Adult,60,0.13,SCMS from RDC,N/A - From RDC,See DN-4260 (ID#:85596)
82897,DN-1901,Generic,Nigeria,28-Jun-10,28-Jun-10,600mg,Tablet,Yes,Freight Included in Commodity Cost,From RDC,"Efavirenz 600mg, tablets, 30 Tabs",59.51,6000,27600.0,PMO - US,"Aurobindo Unit III, India",Efavirenz,4.6,N/A - From RDC,SO-36443,FPQ-5023,02-10-10,ARV,151-NG-T30,15-Jul-10,Air,Adult,30,0.15,SCMS from RDC,N/A - From RDC,514
1638,ASN-1746,Determine,Mozambique,04-Jul-08,04-Jul-08,MIssing,Test kit,Yes,5298.9,Direct Drop,"HIV 1/2, Determine HIV Kit, without Lancets, 100 Tests",345.55,3000,215970.0,PMO - US,Inverness Japan,"HIV 1/2, Determine HIV Kit, without Lancets",71.99,2/27/08,SCMS-18340,Pre-PQ Process,Pre-PQ Process,HRDT,111-MZ-T01,09-Jul-08,Air,HIV test,100,0.72,"Orgenics, Ltd",EXW,682
82952,DN-2213,Generic,Nigeria,06-Jul-11,06-Jul-11,150/300mg,Tablet - FDC,Yes,13398.06,From RDC,"Lamivudine/Zidovudine 150/300mg, tablets, 60 Tabs",171.85,12609,104150.34,PMO - US,Hetero Unit III Hyderabad IN,Lamivudine/Zidovudine,8.26,N/A - From RDC,SO-39580,FPQ-7217,2/21/11,ARV,151-NG-T30,15-Jun-11,Air Charter,Adult,60,0.14,SCMS from RDC,N/A - From RDC,4114
28210,ASN-16217,Generic,Tanzania,09-Oct-12,09-Oct-12,600mg,Tablet,Yes,18826.62,Direct Drop,"Efavirenz 600mg, tablets, 30 Tabs",300.64,64980,214434.0,PMO - US,"Aurobindo Unit III, India",Efavirenz,3.3,08-09-12,SCMS-156500,FPQ-10394,7/26/12,ARV,900-TZ-T30,09-Oct-12,Air,Adult,30,0.11,Aurobindo Pharma Limited,EXW,5578
29359,ASN-5447,Generic,South Africa,08-Oct-09,08-Oct-09,600mg,Tablet,Yes,Freight Included in Commodity Cost,Direct Drop,"Efavirenz 600mg, tablets, 30 Tabs",340.05,10000,173493.01,PMO - US,"Aurobindo Unit III, India",Efavirenz,17.35,9/22/09,SCMS-50361,FPQ-3596,05-07-09,ARV,116-ZA-T30,08-Oct-09,Truck,Adult,30,0.58,S. BUYS WHOLESALER,DDP,Weight Captured Separately
84255,DN-3136,Generic,Mozambique,29-Aug-13,29-Aug-13,150mg,Tablet,Yes,1815.67,From RDC,"Lamivudine 150mg, tablets, 60 Tabs",6.4,2600,5174.0,PMO - US,Hetero Unit III Hyderabad IN,Lamivudine,1.99,N/A - From RDC,SO-44862,FPQ-11884,3/19/13,ARV,111-MZ-T30,30-Sep-13,Truck,Adult,60,0.03,SCMS from RDC,N/A - From RDC,149
57394,ASN-16722,Determine,Swaziland,19-Oct-12,19-Oct-12,MIssing,Test kit - Ancillary,Yes,Invoiced Separately,Direct Drop,"Chase Buffer, Determine, 100 Tests, 2.5ml x 1 Vial",2,220,1430.0,PMO - US,"Alere Medical Co., Ltd.","Chase Buffer, Determine, 100 Tests, 2.5ml x 1 Vial",6.5,09-12-12,SCMS-159090,FPQ-10537,8/23/12,HRDT,102-SZ-T30,19-Oct-12,Air,HIV test - Ancillary,1,6.5,"Orgenics, Ltd",EXW,Weight Captured Separately
86014,DN-3405,Generic,Zimbabwe,25-Nov-13,09-Dec-13,600/300/300mg,Tablet - FDC,Yes,10942.89,From RDC,"Efavirenz/Lamivudine/Tenofovir Disoproxil Fumarate 600/300/300mg, tablets, 30 Tabs",519.92,37696,420310.4,PMO - US,Hetero Unit III Hyderabad IN,Efavirenz/Lamivudine/Tenofovir Disoproxil Fumarate,11.15,N/A - From RDC,SO-45340,FPQ-12260,05-06-13,ARV,113-ZW-T30,30-Nov-13,Truck,Adult,30,0.37,SCMS from RDC,N/A - From RDC,5093
54956,ASN-7373,Generic,South Africa,31-May-10,31-May-10,200mg,Tablet,No,Freight Included in Commodity Cost,Direct Drop,"Nevirapine 200mg, tablets, 60 Tabs",22.09,450,10244.69,PMO - US,"Cipla, Goa, India",Nevirapine,22.77,4/21/10,SCMS-71370,FPQ-5535,4/19/10,ARV,116-ZA-T30,31-May-10,Truck,Adult,60,0.38,S. BUYS WHOLESALER,DDP,Weight Captured Separately
86429,DN-2462,Generic,Nigeria,18-Dec-11,18-Dec-11,200mg,Tablet,No,See DN-2462 (ID#:82425),From RDC,"Nevirapine 200mg, tablets, 60 Tabs",364.92,85722,221162.76,PMO - US,"Strides, Bangalore, India.",Nevirapine,2.58,N/A - From RDC,SO-40654,FPQ-8364,8/29/11,ARV,151-NG-T30,02-Mar-12,Air Charter,Adult,60,0.04,SCMS from RDC,N/A - From RDC,See DN-2462 (ID#:82425)
33810,ASN-17940,Generic,Malawi,21-Jun-13,21-Jun-13,600/300/300mg,Tablet - FDC,Yes,3548.81,Direct Drop,"Efavirenz/Lamivudine/Tenofovir Disoproxil Fumarate 600/300/300mg, tablets, 30 Tabs",88.12,6200,71238.0,PMO - US,Mylan (formerly Matrix) Nashik,Efavirenz/Lamivudine/Tenofovir Disoproxil Fumarate,11.49,10/31/12,SCMS-163880,FPQ-10790,10/17/12,ARV,103-MW-T30,21-Jun-13,Ocean,Adult,30,0.38,MYLAN LABORATORIES LTD (FORMERLY MATRIX LABORATORIES),EXW,701
11258,DN-698,Generic,Mozambique,23-Jun-08,23-Jun-08,300mg,Tablet,No,See DN-698 (ID#:10970),From RDC,"Zidovudine 300mg, tablets, 60 Tabs",39.9,3060,24939.0,PMO - US,"Aurobindo Unit III, India",Zidovudine,8.15,N/A - From RDC,SO-1615,Pre-PQ Process,Pre-PQ Process,ARV,111-MZ-T01,23-Jun-08,Air,Adult,60,0.14,SCMS from RDC,N/A - From RDC,See DN-698 (ID#:10970)
85350,DN-3105,Generic,Uganda,25-Apr-13,25-Apr-13,10mg/ml,Oral suspension,Yes,12203.29,From RDC,"Nevirapine 10mg/ml, oral suspension w/syringe, Bottle, 240 ml",87.39,36229,70646.55,PMO - US,"Aurobindo Unit III, India",Nevirapine,1.95,N/A - From RDC,SO-44790,FPQ-11902,3/16/13,ARV,114-UG-T30,16-Apr-13,Truck,Pediatric,240,0.01,SCMS from RDC,N/A - From RDC,13310
28862,ASN-5242,Aluvia,South Africa,11-Sep-09,11-Sep-09,200/50mg,Tablet,Yes,Freight Included in Commodity Cost,Direct Drop,"Lopinavir/Ritonavir 200/50mg [Aluvia], tablets, 120 Tabs",736.73,8000,375880.98,PMO - US,ABBVIE Ludwigshafen Germany,Lopinavir/Ritonavir,46.99,7/21/09,SCMS-49642,FPQ-3560,05-07-09,ARV,116-ZA-T30,11-Sep-09,Truck,Adult,120,0.39,S. BUYS WHOLESALER,DDP,Weight Captured Separately
43807,ASN-11509,Generic,South Africa,13-Oct-11,13-Oct-11,10mg/ml,Oral suspension,Yes,11234.1,Direct Drop,"Nevirapine 10mg/ml, oral suspension w/syringe, Bottle, 240 ml",39.54,10603,23962.78,PMO - US,"Aurobindo Unit III, India",Nevirapine,2.26,3/24/11,SCMS-103450,FPQ-7175,03-10-11,ARV,161-ZA-T30,13-Oct-11,Ocean,Pediatric,240,0.01,Aurobindo Pharma Limited,DDP,3818
83621,DN-2847,Generic,Zambia,07-Sep-12,07-Sep-12,600/200/300mg,Tablet - FDC,Yes,7317.47,From RDC,"Efavirenz/Emtricitabine/Tenofovir Disoproxil Fumarate 600/200/300mg, tablets, 30 Tabs",1265.16,60000,902400.0,PMO - US,Mylan (formerly Matrix) Nashik,Efavirenz/Emtricitabine/Tenofovir Disoproxil Fumarate,15.04,N/A - From RDC,SO-41700,FPQ-9472,03-08-12,ARV,110-ZM-T30,28-Sep-12,Truck,Adult,30,0.5,SCMS from RDC,N/A - From RDC,6801
12476,DN-693,Stocrin/Sustiva,Haiti,11-Apr-08,11-Apr-08,30mg/ml,Oral solution,No,See DN-693 (ID#:12475),From RDC,"Efavirenz 30mg/ml [Stocrin/Sustiva], oral solution, Bottle, 180 ml",0.84,31,525.76,PMO - US,"MSD, Haarlem, NL",Efavirenz,16.96,N/A - From RDC,SO-2071,Pre-PQ Process,Pre-PQ Process,ARV,106-HT-T01,11-Apr-08,Air,Pediatric,180,0.09,SCMS from RDC,N/A - From RDC,See DN-693 (ID#:12475)
85493,DN-3875,Generic,Mozambique,30-Oct-14,07-Nov-14,600mg,Tablet,No,See DN-3875 (ID#:83255),From RDC,"Efavirenz 600mg, tablets, 30 Tabs",3.43,1040,3338.4,PMO - US,"Strides, Bangalore, India.",Efavirenz,3.21,N/A - From RDC,SO-48883,FPQ-14226,05-02-14,ARV,111-MZ-T30,31-Dec-14,Truck,Adult,30,0.11,SCMS from RDC,N/A - From RDC,See DN-3875 (ID#:83255)
47581,ASN-17024,Determine,Haiti,30-Oct-12,30-Oct-12,MIssing,Test kit,Yes,Freight Included in Commodity Cost,Direct Drop,"HIV 1/2, Determine Complete HIV Kit, 100 Tests",164.52,1000,133000.0,PMO - US,"Alere Medical Co., Ltd.","HIV 1/2, Determine Complete HIV Kit",133.0,10/16/12,SCMS-162820,FPQ-10785,10-11-12,HRDT,106-HT-T30,30-Oct-12,Truck,HIV test,100,1.33,REINBOLD EXPORT IMPORT,DDP,Weight Captured Separately
76340,ASN-5819,Genie,CÃte dIvoire,26-Jan-10,26-Jan-10,MIssing,Test kit,Yes,19145.8,Direct Drop,"#108853** HIV, Genie II HIV-1/HIV-2 Kit, 40 Tests",569.18,2400,264000.0,PMO - US,Bio-Rad Laboratories,"HIV, Genie II HIV-1/HIV-2 Kit",110.0,11/13/09,SCMS-56980,FPQ-4518,11-04-09,HRDT,104-CI-T30,26-Jan-10,Air,HIV test,40,2.75,BIO-RAD LABORATORIES (FRANCE),EXW,2635
85452,DN-3598,Generic,CÃte dIvoire,10-Apr-14,06-May-14,300/300mg,Tablet - FDC,Yes,4730.18,From RDC,"Lamivudine/Tenofovir Disoproxil Fumarate 300/300mg, tablets, 30 Tabs",37.08,6377,29971.9,PMO - US,Hetero Unit III Hyderabad IN,Lamivudine/Tenofovir Disoproxil Fumarate,4.7,N/A - From RDC,SO-45630,FPQ-12144,4/22/13,ARV,104-CI-T30,10-Apr-14,Truck,Adult,30,0.16,SCMS from RDC,N/A - From RDC,833
55568,ASN-26882,Generic,South Africa,25-Jun-14,25-Jun-14,400mg,Delayed-release capsules,No,Freight Included in Commodity Cost,Direct Drop,"Didanosine 400mg, delayed-release capsules, 30 Caps",0.16,8,157.41,PMO - US,"Aurobindo Unit III, India",Didanosine,19.68,6/25/14,SCMS-238551,FPQ-13973,4/30/14,ARV,116-ZA-T30,25-Jun-14,Truck,Adult,30,0.66,PHARMACY DIRECT,DDP,Weight Captured Separately
10632,DN-417,Generic,Zambia,02-Nov-07,02-Nov-07,150/300mg,Tablet - FDC,Yes,13267.3,From RDC,"Lamivudine/Zidovudine 150/300mg, tablets, 60 Tabs",611.72,40245,382327.5,PMO - US,"Cipla, Goa, India",Lamivudine/Zidovudine,9.5,N/A - From RDC,SO-1122,Pre-PQ Process,Pre-PQ Process,ARV,110-ZM-T01,02-Nov-07,Air,Adult,60,0.16,SCMS from RDC,N/A - From RDC,3254
35808,ASN-8348,Generic,South Africa,27-Oct-10,27-Oct-10,300mg,Tablet,Yes,3646.13,Direct Drop,"Tenofovir Disoproxil Fumarate 300mg, tablets, 30 Tabs",875.37,51920,406014.4,PMO - US,"Cipla, Goa, India",Tenofovir Disoproxil Fumarate,7.82,3/19/10,SCMS-68750,FPQ-5303,3/18/10,ARV,161-ZA-T30,13-Oct-10,Air,Adult,30,0.26,CIPLA LIMITED,DDP,3549
85318,DN-2948,Generic,Zimbabwe,13-Dec-12,13-Dec-12,150/300mg,Tablet - FDC,Yes,8000.72,From RDC,"Lamivudine/Zidovudine 150/300mg, tablets, 60 Tabs",183.68,16971,131016.12,PMO - US,Hetero Unit III Hyderabad IN,Lamivudine/Zidovudine,7.72,N/A - From RDC,SO-43670,FPQ-9927,5/15/12,ARV,102-ZW-T30,13-Dec-12,Truck,Adult,60,0.13,SCMS from RDC,N/A - From RDC,1464
60779,ASN-10127,Generic,South Africa,26-Apr-11,26-Apr-11,150mg,Tablet,No,See ASN-10127 (ID#:17949),Direct Drop,"Lamivudine 150mg, tablets, 60 Tabs",429.95,84143,199418.91,PMO - US,"Aurobindo Unit III, India",Lamivudine,2.37,9/24/10,SCMS-83770,FPQ-6262,8/31/10,ARV,161-ZA-T30,26-Apr-11,Ocean,Adult,60,0.04,Aurobindo Pharma Limited,DDP,See ASN-10127 (ID#:17949)
84188,DN-2838,Generic,Uganda,06-Oct-12,06-Oct-12,200mg,Tablet,Yes,7504,From RDC,"Nevirapine 200mg, tablets, 60 Tabs",62.77,18350,44774.0,PMO - US,Hetero Unit III Hyderabad IN,Nevirapine,2.44,N/A - From RDC,SO-42630,FPQ-10084,06-07-12,ARV,900-UG-T30,28-Sep-12,Truck,Adult,60,0.04,SCMS from RDC,N/A - From RDC,1331
85657,DN-1668,Generic,Haiti,03-Mar-10,03-Mar-10,300mg,Tablet,No,See DN-1668 (ID#:83403),From RDC,"Zidovudine 300mg, tablets, 60 Tabs",27.27,1680,12650.4,PMO - US,Mylan (formerly Matrix) Nashik,Zidovudine,7.53,N/A - From RDC,SO-35930,FPQ-4384,10/23/09,ARV,106-HT-T30,07-Apr-10,Air,Adult,60,0.13,SCMS from RDC,N/A - From RDC,See DN-1668 (ID#:83403)
4189,ASN-1251,Retrovir,South Africa,29-Jan-08,29-Jan-08,300mg,Tablet,No,Freight Included in Commodity Cost,Direct Drop,"Zidovudine 300mg [Retrovir], tablets, 60 Tabs",24.65,800,15408.0,PMO - US,GSK Aranda,Zidovudine,19.26,11-12-07,SCMS-14050,Pre-PQ Process,Pre-PQ Process,ARV,116-ZA-T01,29-Jan-08,MIssing,Adult,60,0.32,"JSI R&T INSTITUTE, INC.",DDP,Weight Captured Separately
83259,DN-3792,Generic,Nigeria,20-Jun-14,25-Jun-14,150/300mg,Tablet - FDC,Yes,28812.57,From RDC,"Lamivudine/Zidovudine 150/300mg, tablets, 60 Tabs",199.71,29796,194269.92,PMO - US,Mylan (formerly Matrix) Nashik,Lamivudine/Zidovudine,6.52,N/A - From RDC,SO-47286,FPQ-13293,11/19/13,ARV,151-NG-T30,30-Jun-14,Air Charter,Adult,60,0.11,SCMS from RDC,N/A - From RDC,5862
10934,DN-479,Generic,Zimbabwe,05-Feb-08,05-Feb-08,150/30mg,Tablet - FDC,No,See DN-479 (ID#:10647),From RDC,"Lamivudine/Stavudine 150/30mg, tablets, 30 Tabs",5.12,1600,3200.0,PMO - US,"Cipla, Goa, India",Lamivudine/Stavudine,2.0,N/A - From RDC,SO-708,Pre-PQ Process,Pre-PQ Process,ARV,100-ZW-T01,05-Feb-08,Air,Adult,30,0.07,SCMS from RDC,N/A - From RDC,See DN-479 (ID#:10647)
83980,DN-1657,Generic,Zimbabwe,12-Mar-10,12-Mar-10,150/30mg,Tablet - FDC,Yes,3302.14,From RDC,"Lamivudine/Stavudine 150/30mg, tablets, 60 Tabs",26.66,4000,13600.0,PMO - US,"Cipla, Goa, India",Lamivudine/Stavudine,3.4,N/A - From RDC,SO-27210,FPQ-4472,3/17/09,ARV,113-ZW-T30,31-Mar-10,Truck,Adult,60,0.06,SCMS from RDC,N/A - From RDC,632
53532,ASN-17082,Determine,Tanzania,07-Dec-12,07-Dec-12,MIssing,Test kit,Yes,22223.95,Direct Drop,"HIV 1/2, Determine Complete HIV Kit, 100 Tests",307.77,2744,219520.0,PMO - US,"Alere Medical Co., Ltd.","HIV 1/2, Determine Complete HIV Kit",80.0,10-04-12,SCMS-157661,FPQ-10396,7/31/12,HRDT,900-TZ-T30,07-Dec-12,Air,HIV test,100,0.8,"Orgenics, Ltd",EXW,1303
9173,ASN-4079,Generic,Namibia,08-Jun-09,08-Jun-09,1mg/ml,Oral solution,Yes,1770.43,Direct Drop,"Stavudine 1mg/ml, powder for oral solution, 200 ml",2.1,800,1072.0,PMO - US,"Aurobindo Unit III, India",Stavudine,1.34,05-08-09,SCMS-45630,Pre-PQ Process,Pre-PQ Process,ARV,119-NA-T01,08-Jun-09,Air,Pediatric,200,0.01,Aurobindo Pharma Limited,EXW,98
82436,DN-2500,Generic,"Congo, DRC",14-Feb-12,14-Feb-12,150/300/200mg,Tablet - FDC,Yes,1824.72,From RDC,"Lamivudine/Nevirapine/Zidovudine 150/200/300mg, tablets, 60 Tabs",18.14,1176,12936.0,PMO - US,Mylan (formerly Matrix) Nashik,Lamivudine/Nevirapine/Zidovudine,11.0,N/A - From RDC,SO-41138,FPQ-8840,11/21/11,ARV,101-CD-T30,10-Feb-12,Air,Adult,60,0.18,SCMS from RDC,N/A - From RDC,308
61980,ASN-16682,Stocrin/Sustiva,Haiti,29-Oct-12,29-Oct-12,30mg/ml,Oral solution,Yes,5293.76,Direct Drop,"Efavirenz 30mg/ml [Stocrin/Sustiva], oral solution, Bottle, 180 ml",54.57,2295,38923.2,PMO - US,"MSD, Haarlem, NL",Efavirenz,16.96,06-08-12,SCMS-147100,FPQ-9621,4/20/12,ARV,106-HT-T30,29-Oct-12,Air,Pediatric,180,0.09,MERCK SHARP & DOHME IDEA GMBH (FORMALLY MERCK SHARP & DOHME B.V.),CIP,687
52388,ASN-33851,Generic,South Africa,24-Aug-15,24-Aug-15,300mg,Tablet,No,Freight Included in Commodity Cost,Direct Drop,"Tenofovir Disoproxil Fumarate 300mg, tablets, 30 Tabs",0.55,36,534.69,PMO - US,Mylan (formerly Matrix) Nashik,Tenofovir Disoproxil Fumarate,14.85,10-09-14,SCMS-259079,FPQ-14942,09-11-14,ARV,116-ZA-T30,24-Aug-15,Truck,Adult,30,0.5,PHARMACY DIRECT,DDP,Weight Captured Separately
85068,DN-1456,Generic,Nigeria,20-Oct-09,20-Oct-09,200mg,Tablet,No,See DN-1456 (ID#:83952),From RDC,"Nevirapine 200mg, tablets, 60 Tabs",17.05,3000,8700.0,PMO - US,"Aurobindo Unit III, India",Nevirapine,2.9,N/A - From RDC,SO-32980,FPQ-4040,7/29/09,ARV,112-NG-T30,15-Oct-09,Air Charter,Adult,60,0.05,SCMS from RDC,N/A - From RDC,See DN-1456 (ID#:83952)
43812,ASN-6667,Generic,Rwanda,13-Apr-10,13-Apr-10,300mg,Tablet,Yes,18475.61,Direct Drop,"Abacavir 300mg, tablets, 60 Tabs",402.36,10620,205284.6,PMO - US,"Aurobindo Unit III, India",Abacavir,19.33,7/17/09,SCMS-48930,FPQ-3859,6/30/09,ARV,107-RW-T30,13-Apr-10,Air,Adult,60,0.32,Aurobindo Pharma Limited,CIP,1050
130,ASN-628,Determine,Haiti,21-Aug-07,21-Aug-07,MIssing,Test kit,Yes,3518.38,Direct Drop,"HIV 1/2, Determine HIV Kit, without Lancets, 100 Tests",86.39,750,53992.5,PMO - US,Inverness Japan,"HIV 1/2, Determine HIV Kit, without Lancets",71.99,7/26/07,SCMS-10080,Pre-PQ Process,Pre-PQ Process,HRDT,100-HT-T01,13-Aug-07,Air,HIV test,100,0.72,"Orgenics, Ltd",EXW,171
84410,DN-3917,Generic,Nigeria,03-Sep-14,05-Sep-14,150/300mg,Tablet - FDC,Yes,61850,From RDC,"Lamivudine/Zidovudine 150/300mg, tablets, 60 Tabs",728.82,105344,708965.12,PMO - US,"Aurobindo Unit III, India",Lamivudine/Zidovudine,6.73,N/A - From RDC,SO-47280,FPQ-13293,11/19/13,ARV,151-NG-T30,30-Sep-14,Air Charter,Adult,60,0.11,SCMS from RDC,N/A - From RDC,10622
61998,ASN-16135,Stat-Pak,Ethiopia,05-Sep-12,05-Sep-12,MIssing,Test kit,Yes,810.96,Direct Drop,"HIV 1/2, Stat-Pak HIV, Kit, 20 Tests",13.82,340,9860.0,PMO - US,Chembio Diagnostics Sys. Inc.,"HIV 1/2, Stat-Pak HIV, Kit",29.0,1/23/12,SCMS-133560,FPQ-9098,01-10-12,HRDT,117-ET-T30,05-Sep-12,Air,HIV test,20,1.45,"CHEMBIO DIAGNOSTIC SYSTEMS, INC.",EXW,128
12776,DN-709,Generic,Zimbabwe,21-Apr-08,21-Apr-08,600mg,Tablet,No,See DN-709 (ID#:10945),From RDC,"Efavirenz 600mg, tablets, 30 Tabs",36.96,1860,23101.2,PMO - US,Mylan (formerly Matrix) Nashik,Efavirenz,12.42,N/A - From RDC,SO-714,Pre-PQ Process,Pre-PQ Process,ARV,100-ZW-T01,21-Apr-08,Air,Adult,30,0.41,SCMS from RDC,N/A - From RDC,See DN-709 (ID#:10945)
6994,ASN-1487,Clearview,Namibia,02-Apr-08,02-Apr-08,MIssing,Test kit,Yes,1496.76,Direct Drop,"HIV 1/2, Clearview Complete Kit, 25 Tests",32.52,271,20325.0,PMO - US,Inverness USA,"HIV 1/2, Clearview Complete Kit",75.0,3/14/08,SCMS-18890,Pre-PQ Process,Pre-PQ Process,HRDT,119-NA-T01,02-Apr-08,Air,HIV test,25,3.0,"Orgenics, Ltd",EXW,260
83622,DN-2854,Generic,Haiti,11-Sep-12,11-Sep-12,10mg/ml,Oral solution,Yes,16840.67,From RDC,"Zidovudine 10mg/ml, oral solution w/syringe, Bottle, 240 ml",11.78,4000,8400.0,PMO - US,"Aurobindo Unit III, India",Zidovudine,2.1,N/A - From RDC,SO-43020,FPQ-10378,8/13/12,ARV,106-HT-T30,28-Sep-12,Air,Pediatric,240,0.01,SCMS from RDC,N/A - From RDC,1596
12309,DN-1385,Generic,Rwanda,31-Jul-09,31-Jul-09,150mg,Tablet,Yes,4257.01,From RDC,"Lamivudine 150mg, tablets, 60 Tabs",41.92,8766,21389.04,PMO - US,"Aurobindo Unit III, India",Lamivudine,2.44,N/A - From RDC,SO-32800,Pre-PQ Process,Date Not Captured,ARV,107-RW-T01,31-Jul-09,Air,Adult,60,0.04,SCMS from RDC,N/A - From RDC,447
84663,DN-2303,Generic,Mozambique,15-Sep-11,15-Sep-11,200mg,Tablet,Yes,112.87,From RDC,"Nevirapine 200mg, tablets, 60 Tabs",8.05,1890,4876.2,PMO - US,"Aurobindo Unit VII, IN",Nevirapine,2.58,N/A - From RDC,SO-38634,FPQ-7053,1/24/11,ARV,111-MZ-T30,30-Sep-11,Truck,Adult,60,0.04,SCMS from RDC,N/A - From RDC,183
11040,DN-1213,Generic,Guyana,12-May-09,12-May-09,300mg,Tablet,Yes,1047.24,From RDC,"Zidovudine 300mg, tablets, 60 Tabs",7.39,489,3770.19,PMO - US,"Aurobindo Unit III, India",Zidovudine,7.71,N/A - From RDC,SO-25160,Pre-PQ Process,Pre-PQ Process,ARV,105-GY-T01,12-May-09,Air,Adult,60,0.13,SCMS from RDC,N/A - From RDC,28
83688,DN-3186,Generic,Zambia,07-Jun-13,07-Jun-13,150/300mg,Tablet - FDC,Yes,11941.65,From RDC,"Lamivudine/Zidovudine 150/300mg, tablets, 60 Tabs",610.12,62168,435176.0,PMO - US,"Cipla, Goa, India",Lamivudine/Zidovudine,7.0,N/A - From RDC,SO-43460,FPQ-10728,10-05-12,ARV,110-ZM-T30,28-Jun-13,Truck,Adult,60,0.12,SCMS from RDC,N/A - From RDC,22497
50730,ASN-15150,Videx,Haiti,13-Jun-12,13-Jun-12,25mg,Chewable/dispersible tablet,Yes,575.17,Direct Drop,"Didanosine 25mg [Videx], chewable tablets, 60 Tabs",1.18,120,840.0,PMO - US,Bristol-Myers Squibb Anagni IT,Didanosine,7.0,2/24/12,SCMS-138600,FPQ-9066,01-06-12,ARV,106-HT-T30,13-Jun-12,Air,Pediatric,60,0.12,LAWRENCE LABORATORIES (SUBSIDIARY OF BRISTOL MYERS SQUIBB),FCA,26
47817,ASN-14402,Uni-Gold,South Sudan,15-May-12,15-May-12,MIssing,Test kit,Yes,2147.11,Direct Drop,"HIV 1/2, Uni-Gold HIV Kit, 20 Tests",8.03,179,5728.0,PMO - US,"Trinity Biotech, Plc","HIV 1/2, Uni-Gold HIV Kit",32.0,2/15/12,SCMS-137170,FPQ-9038,1/17/12,HRDT,102-SS-T30,15-May-12,Air,HIV test,20,1.6,"Trinity Biotech, Plc",EXW,63
12358,DN-156,Generic,Rwanda,05-Jun-07,05-Jun-07,150mg,Tablet,Yes,2520.47,From RDC,"Lamivudine 150mg, tablets, 60 Tabs",MIssing,3431,11356.61,PMO - US,"Ranbaxy, Paonta Shahib, India",Lamivudine,3.31,N/A - From RDC,SO-602,Pre-PQ Process,Pre-PQ Process,ARV,107-RW-T01,05-Jun-07,Air,Adult,60,0.06,SCMS from RDC,N/A - From RDC,216
3010,ASN-1411,Determine,Nigeria,12-Mar-08,12-Mar-08,MIssing,Test kit,Yes,8213.59,Direct Drop,"HIV 1/2, Determine HIV Kit, without Lancets, 100 Tests",409.42,3199,255888.01,PMO - US,Inverness Japan,"HIV 1/2, Determine HIV Kit, without Lancets",79.99,1/29/08,SCMS-16900,Pre-PQ Process,Pre-PQ Process,HRDT,102-NG-T01,12-Mar-08,Air,HIV test,100,0.8,"Orgenics, Ltd",EXW,550
67043,ASN-23949,Determine,Nigeria,18-Feb-14,19-Mar-14,MIssing,Test kit,Yes,57017.68,Direct Drop,"HIV 1/2, Determine Complete HIV Kit, 100 Tests",1025.19,9312,828768.0,PMO - US,"Alere Medical Co., Ltd.","HIV 1/2, Determine Complete HIV Kit",89.0,11-01-13,SCMS-210351,FPQ-12812,8/13/13,HRDT,133-NG-T30,18-Feb-14,Air,HIV test,100,0.89,"Orgenics, Ltd",EXW,3787
84019,DN-1927,Generic,Tanzania,04-Aug-10,04-Aug-10,300mg,Tablet,Yes,9309.52,From RDC,"Abacavir 300mg, tablets, 60 Tabs",863.17,23358,400356.12,PMO - US,Mylan (formerly Matrix) Nashik,Abacavir,17.14,N/A - From RDC,SO-36030,FPQ-5173,2/23/10,ARV,109-TZ-T30,19-Jul-10,Air,Adult,60,0.29,SCMS from RDC,N/A - From RDC,2344
86103,DN-3891,Generic,South Sudan,17-Oct-14,13-Nov-14,600/300/300mg,Tablet - FDC,Yes,14522.43,From RDC,"Efavirenz/Lamivudine/Tenofovir Disoproxil Fumarate 600/300/300mg, tablets, 30 Tabs",86.04,7764,83695.92,PMO - US,Mylan (formerly Matrix) Nashik,Efavirenz/Lamivudine/Tenofovir Disoproxil Fumarate,10.78,N/A - From RDC,SO-49370,FPQ-14574,7/14/14,ARV,103-SS-T30,02-Oct-14,Air,Adult,30,0.36,SCMS from RDC,N/A - From RDC,1347
84212,DN-2971,Generic,Uganda,01-Feb-13,01-Feb-13,200mg,Tablet,Yes,4002.01,From RDC,"Nevirapine 200mg, tablets, 60 Tabs",15.39,4535,10974.7,PMO - US,"Aurobindo Unit III, India",Nevirapine,2.42,N/A - From RDC,SO-43470,FPQ-10780,10-10-12,ARV,114-UG-T30,31-Jan-13,Air,Adult,60,0.04,SCMS from RDC,N/A - From RDC,491
86517,DN-2866,Generic,Zimbabwe,05-Oct-12,05-Oct-12,150/300/200mg,Tablet - FDC,Yes,8751.99,From RDC,"Lamivudine/Nevirapine/Zidovudine 150/200/300mg, tablets, 60 Tabs",1375.36,100000,981000.0,PMO - US,Hetero Unit III Hyderabad IN,Lamivudine/Nevirapine/Zidovudine,9.81,N/A - From RDC,SO-42301,FPQ-9927,5/15/12,ARV,102-ZW-T30,31-Oct-12,Truck,Adult,60,0.16,SCMS from RDC,N/A - From RDC,14115
3852,ASN-4419,Generic,Vietnam,10-Jul-09,10-Jul-09,150/300/200mg,Tablet - FDC,No,See ASN-4419 (ID#:3851),Direct Drop,"Lamivudine/Nevirapine/Zidovudine 150/200/300mg, tablets, 60 Tabs",76.49,3500,39025.0,PMO - US,"Aurobindo Unit III, India",Lamivudine/Nevirapine/Zidovudine,11.15,4/29/09,SCMS-45070,Pre-PQ Process,Pre-PQ Process,ARV,108-VN-T01,10-Jul-09,Air,Adult,60,0.19,Aurobindo Pharma Limited,EXW,See ASN-4419 (ID#:3851)
12774,DN-589,Generic,Uganda,28-Feb-08,28-Feb-08,200mg,Tablet,No,See DN-589 (ID#:10670),From RDC,"Nevirapine 200mg, tablets, 60 Tabs",1.78,328,1115.2,PMO - US,"Ranbaxy, Paonta Shahib, India",Nevirapine,3.4,N/A - From RDC,SO-1082,Pre-PQ Process,Pre-PQ Process,ARV,114-UG-T01,28-Feb-08,MIssing,Adult,60,0.06,SCMS from RDC,N/A - From RDC,See DN-589 (ID#:10670)
84646,DN-2204,Generic,Guyana,16-May-11,16-May-11,10mg/ml,Oral suspension,Yes,3106.89,From RDC,"Nevirapine 10mg/ml, oral suspension w/syringe, Bottle, 240 ml",1.93,600,1170.0,PMO - US,"Aurobindo Unit III, India",Nevirapine,1.95,N/A - From RDC,SO-39360,FPQ-7464,3/22/11,ARV,105-GY-T30,20-Jun-11,Air,Pediatric,240,0.01,SCMS from RDC,N/A - From RDC,239
85684,DN-1908,Generic,Nigeria,28-Jun-10,28-Jun-10,30mg,Capsule,Yes,Freight Included in Commodity Cost,From RDC,"Stavudine 30mg, capsules, 60 Caps",7.08,2250,3285.0,PMO - US,"Aurobindo Unit III, India",Stavudine,1.46,N/A - From RDC,SO-36480,FPQ-5023,02-10-10,ARV,151-NG-T30,15-Jul-10,Air,Adult,60,0.02,SCMS from RDC,N/A - From RDC,763
75671,ASN-24371,Generic,Haiti,09-May-14,12-May-14,50mg,Capsule,Yes,2520.54,Direct Drop,"Efavirenz 50mg, capsule, 30 Caps",5.19,2688,4193.28,PMO - US,"Aurobindo Unit III, India",Efavirenz,1.56,10/24/13,SCMS-210470,FPQ-12590,8/21/13,ARV,106-HT-T30,09-May-14,Ocean,Pediatric,30,0.05,Aurobindo Pharma Limited,EXW,154
12822,DN-1008,Norvir,Nigeria,17-Nov-08,17-Nov-08,100mg,Capsule,No,See DN-1008 (ID#:11570),From RDC,"Ritonavir 100mg [Norvir], capsules, cool, 4 x 84 Caps",0.15,2,76.72,PMO - US,ABBVIE (Abbott) France,Ritonavir,38.36,N/A - From RDC,SO-2729,Pre-PQ Process,Pre-PQ Process,ARV,112-NG-T01,17-Nov-08,Air,Adult,336,0.11,SCMS from RDC,N/A - From RDC,See DN-1008 (ID#:11570)
84305,DN-3418,Generic,CÃte dIvoire,02-Dec-13,20-Dec-13,300mg,Tablet,No,See DN-3418 (ID#:83182),From RDC,"Abacavir 300mg, tablets, 60 Tabs",131.84,9300,106578.0,PMO - US,"Aurobindo Unit III, India",Abacavir,11.46,N/A - From RDC,SO-46360,FPQ-12800,08-09-13,ARV,104-CI-T30,16-Dec-13,Air,Adult,60,0.19,SCMS from RDC,N/A - From RDC,See DN-3418 (ID#:83182)
82290,DN-1626,Generic,Haiti,03-Mar-10,03-Mar-10,150/300mg,Tablet - FDC,Yes,12016.69,From RDC,"Lamivudine/Zidovudine 150/300mg, tablets, 60 Tabs",226.64,12000,105120.0,PMO - US,"Aurobindo Unit III, India",Lamivudine/Zidovudine,8.76,N/A - From RDC,SO-34200,FPQ-4469,9/23/09,ARV,106-HT-T30,05-Mar-10,Air,Adult,60,0.15,SCMS from RDC,N/A - From RDC,1077
3926,ASN-4,Visitect,CÃte dIvoire,10-May-06,10-May-06,MIssing,Test kit,Yes,633.73,Direct Drop,"HIV 1/2, Visitect Kit, 25 Tests",MIssing,44,1375.0,PMO - US,"OMEGA Diagnostics, UK","HIV 1/2, Visitect Kit",31.25,Date Not Captured,SCMS-2,Pre-PQ Process,Pre-PQ Process,HRDT,100-CI-T01,10-May-06,Air,HIV test,25,1.25,OMEGA DIAGNOSTICS LTD,EXW,15
6670,ASN-688,Videx EC,Mozambique,06-Sep-07,06-Sep-07,250mg,Delayed-release capsules - blister,Yes,Freight Included in Commodity Cost,Direct Drop,"Didanosine EC 250mg [Videx EC], delayed-release capsules, Blister 3 x 10 Caps",1.38,44,859.65,PMO - US,"BMS Meymac, France",Didanosine EC,19.54,05-07-07,SCMS-608,Pre-PQ Process,Pre-PQ Process,ARV,111-MZ-T01,06-Sep-07,Air,Adult,30,0.65,INTERNATIONAL HEALTHCARE DISTRIBUTORS,CIP,Weight Captured Separately
12431,DN-603,Generic,Mozambique,08-Apr-08,08-Apr-08,150/300mg,Tablet - FDC,No,See DN-603 (ID#:11197),From RDC,"Lamivudine/Zidovudine 150/300mg, tablets, 60 Tabs",108.35,7128,67716.0,PMO - US,"Cipla, Goa, India",Lamivudine/Zidovudine,9.5,N/A - From RDC,SO-1039,Pre-PQ Process,Pre-PQ Process,ARV,111-MZ-T01,08-Apr-08,Air,Adult,60,0.16,SCMS from RDC,N/A - From RDC,See DN-603 (ID#:11197)
84694,DN-2495,Generic,"Congo, DRC",14-Feb-12,14-Feb-12,300mg,Tablet,No,See DN-2495 (ID#:83555),From RDC,"Abacavir 300mg, tablets, 60 Tabs",0.47,23,336.49,PMO - US,Mylan (formerly Matrix) Nashik,Abacavir,14.63,N/A - From RDC,SO-41133,FPQ-8840,11/21/11,ARV,101-CD-T30,16-Mar-12,Air,Adult,60,0.24,SCMS from RDC,N/A - From RDC,See DN-2495 (ID#:83555)
30915,ASN-33340,Generic,Rwanda,28-Aug-15,30-Aug-15,300/100mg,Tablet,Yes,Invoiced Separately,Direct Drop,"Atazanavir/Ritonavir 300/100mg, tablets, 30 Tabs",306.89,16585,298530.0,PMO - US,"Emcure Plot No.P-2, I.T-B.T. Park, Phase II, MIDC, Hinjwadi, Pune, India",Atazanavir/Ritonavir,18.0,12/15/14,SCMS-261782,FPQ-14813,10-09-14,ARV,107-RW-T30,28-Aug-15,Air,Adult,30,0.6,EMCURE PHARMACEUTICALS LTD,EXW,Weight Captured Separately
82489,DN-2743,Generic,Uganda,01-Aug-12,01-Aug-12,300/300mg,Tablet - FDC,Yes,30482.8,From RDC,"Lamivudine/Tenofovir Disoproxil Fumarate 300/300mg, tablets, 30 Tabs",466.02,60000,332400.0,PMO - US,Mylan (formerly Matrix) Nashik,Lamivudine/Tenofovir Disoproxil Fumarate,5.54,N/A - From RDC,SO-42083,FPQ-9875,05-09-12,ARV,114-UG-T30,17-Aug-12,Air,Adult,30,0.18,SCMS from RDC,N/A - From RDC,4547
84767,DN-2930,Generic,Zimbabwe,13-Dec-12,13-Dec-12,300mg,Tablet,Yes,8194.09,From RDC,"Zidovudine 300mg, tablets, 60 Tabs",391.07,35061,237012.36,PMO - US,"Cipla, Goa, India",Zidovudine,6.76,N/A - From RDC,SO-39480,FPQ-7560,4/26/11,ARV,113-ZW-T30,19-Dec-12,Truck,Adult,60,0.11,SCMS from RDC,N/A - From RDC,2247
35539,ASN-13275,Determine,Sudan,03-Feb-12,03-Feb-12,MIssing,Test kit,Yes,900.53,Direct Drop,"HIV 1/2, Determine Complete HIV Kit, 100 Tests",2.94,20,1780.0,PMO - US,"Alere Medical Co., Ltd.","HIV 1/2, Determine Complete HIV Kit",89.0,9/14/11,SCMS-120453,FPQ-8261,8/29/11,HRDT,102-SD-T30,03-Feb-12,Air,HIV test,100,0.89,"Orgenics, Ltd",EXW,10
25915,ASN-32109,Determine,South Sudan,07-Jul-15,07-Jul-15,MIssing,Test kit - Ancillary,Yes,Invoiced Separately,Direct Drop,"Chase Buffer, Determine, 100 Tests, 2.5ml x 1 Vial",0.26,45,225.0,PMO - US,"Alere Medical Co., Ltd.","Chase Buffer, Determine, 100 Tests, 2.5ml x 1 Vial",5.0,2/20/15,SCMS-272170,FPQ-15569,12/29/14,HRDT,105-SS-T30,02-Jul-15,Air,HIV test - Ancillary,1,5.0,"Orgenics, Ltd",EXW,Weight Captured Separately
86515,DN-2863,Generic,Mozambique,10-Oct-12,10-Oct-12,150/300/200mg,Tablet - FDC,No,See DN-2863 (ID#:85307),From RDC,"Lamivudine/Nevirapine/Zidovudine 150/200/300mg, tablets, 60 Tabs",687.67,49999,490490.19,PMO - US,Hetero Unit III Hyderabad IN,Lamivudine/Nevirapine/Zidovudine,9.81,N/A - From RDC,SO-42841,FPQ-10210,6/28/12,ARV,111-MZ-T30,30-Oct-12,Truck,Adult,60,0.16,SCMS from RDC,N/A - From RDC,See DN-2863 (ID#:85307)
85974,DN-3209,Generic,Zambia,23-Jul-13,23-Jul-13,600/200/300mg,Tablet - FDC,Yes,Freight Included in Commodity Cost,From RDC,"Efavirenz/Emtricitabine/Tenofovir Disoproxil Fumarate 600/200/300mg, tablets, 30 Tabs",1431.55,78787,1021079.52,PMO - US,Mylan (formerly Matrix) Nashik,Efavirenz/Emtricitabine/Tenofovir Disoproxil Fumarate,12.96,N/A - From RDC,SO-44771,FPQ-10728,10-05-12,ARV,110-ZM-T30,15-Jul-13,Truck,Adult,30,0.43,SCMS from RDC,N/A - From RDC,9347
67090,ASN-23840,Generic,Haiti,17-Feb-14,18-Feb-14,600mg,Tablet,Yes,11656.59,Direct Drop,"Efavirenz 600mg, tablets, 30 Tabs",110.8,28080,89575.2,PMO - US,"Strides, Bangalore, India.",Efavirenz,3.19,10/24/13,SCMS-210490,FPQ-12590,8/21/13,ARV,106-HT-T30,17-Feb-14,Air,Adult,30,0.11,STRIDES ARCOLAB LIMITED,EXW,1772
82727,DN-3914,Generic,Nigeria,03-Sep-14,05-Sep-14,200mg,Capsule,Yes,10060,From RDC,"Efavirenz 200mg, capsule, 90 Caps",57.84,10230,56265.0,PMO - US,"Aurobindo Unit III, India",Efavirenz,5.5,N/A - From RDC,SO-48322,FPQ-13704,2/13/14,ARV,151-NG-T30,30-Sep-14,Air Charter,Pediatric,90,0.06,SCMS from RDC,N/A - From RDC,1505
9960,ASN-2403,Generic,Mozambique,03-Oct-08,03-Oct-08,MIssing,Test kit - Ancillary,No,See ASN-2403 (ID#:3386),Direct Drop,"HIV, Lancet, Safety, for HIV Test kits, 100 Pcs",0.02,1000,10.0,PMO - US,Inverness Japan,"HIV, Lancet, Safety, for HIV Test kits, 100 Pcs",0.01,8/29/08,SCMS-29440,Pre-PQ Process,Pre-PQ Process,HRDT,111-MZ-T01,03-Oct-08,Air,HIV test - Ancillary,100,0.0,"Orgenics, Ltd",EXW,See ASN-2403 (ID#:3386)
61664,ASN-13945,Determine,Kenya,22-Mar-12,22-Mar-12,MIssing,Test kit,Yes,31382.03,Direct Drop,"HIV 1/2, Determine Complete HIV Kit, 100 Tests",995.98,7982,710398.0,PMO - US,"Alere Medical Co., Ltd.","HIV 1/2, Determine Complete HIV Kit",89.0,02-01-12,SCMS-133470,FPQ-9100,01-09-12,HRDT,102-KE-T30,22-Mar-12,Air,HIV test,100,0.89,"Orgenics, Ltd",EXW,2278
86806,DN-4250,Generic,Zambia,15-May-15,15-May-15,200mg,Tablet,No,See DN-4250 (ID#:82799),From RDC,"Efavirenz 200mg, scored tablets, 90 Tabs",84.81,15000,82500.0,PMO - US,"Strides, Bangalore, India.",Efavirenz,5.5,N/A - From RDC,SO-49601,FPQ-14784,08-12-14,ARV,110-ZM-T30,29-May-15,Truck,Pediatric,90,0.06,SCMS from RDC,N/A - From RDC,See DN-4250 (ID#:82799)
82443,DN-2512,Generic,"Congo, DRC",14-Mar-12,14-Mar-12,300/300mg,Tablet - FDC,Yes,5636.3,From RDC,"Lamivudine/Tenofovir Disoproxil Fumarate 300/300mg, tablets, 30 Tabs",0.88,103,626.24,PMO - US,Mylan (formerly Matrix) Nashik,Lamivudine/Tenofovir Disoproxil Fumarate,6.08,N/A - From RDC,SO-41148,FPQ-8840,11/21/11,ARV,101-CD-T30,16-Mar-12,Air,Adult,30,0.2,SCMS from RDC,N/A - From RDC,1072
84720,DN-2639,Generic,Dominican Republic,16-May-12,16-May-12,10mg/ml,Oral solution,No,See DN-2639 (ID#:83588),From RDC,"Zidovudine 10mg/ml, oral solution w/syringe, Bottle, 240 ml",3.24,1100,2310.0,PMO - US,"Aurobindo Unit III, India",Zidovudine,2.1,N/A - From RDC,SO-41870,FPQ-9676,04-09-12,ARV,102-DO-T30,21-May-12,Air,Pediatric,240,0.01,SCMS from RDC,N/A - From RDC,See DN-2639 (ID#:83588)
83521,DN-2310,Generic,Haiti,11-Aug-11,11-Aug-11,150mg,Tablet,No,See DN-2310 (ID#:82968),From RDC,"Lamivudine 150mg, tablets, 60 Tabs",35.37,9200,21436.0,PMO - US,"Aurobindo Unit III, India",Lamivudine,2.33,N/A - From RDC,SO-38213,FPQ-6801,12/14/10,ARV,106-HT-T30,19-Jul-11,Air,Adult,60,0.04,SCMS from RDC,N/A - From RDC,See DN-2310 (ID#:82968)
84253,DN-3131,Generic,Zimbabwe,29-Apr-13,29-Apr-13,300/300mg,Tablet - FDC,No,See DN-3131 (ID#:83136),From RDC,"Lamivudine/Tenofovir Disoproxil Fumarate 300/300mg, tablets, 30 Tabs",11.71,2014,9465.8,PMO - US,"Aurobindo Unit VII, IN",Lamivudine/Tenofovir Disoproxil Fumarate,4.7,N/A - From RDC,SO-43710,FPQ-11002,11/16/12,ARV,113-ZW-T30,06-May-13,Truck,Adult,30,0.16,SCMS from RDC,N/A - From RDC,See DN-3131 (ID#:83136)
27461,ASN-29596,Isentress,South Africa,28-Nov-14,28-Nov-14,400mg,Tablet,Yes,Freight Included in Commodity Cost,Direct Drop,"Raltegravir 400mg [Isentress], tablets, 60 Tabs",2.83,45,2752.41,PMO - US,"MSD, Haarlem, NL",Raltegravir,61.16,11/28/14,SCMS-259071,FPQ-14942,09-11-14,ARV,116-ZA-T30,28-Nov-14,Truck,Adult,60,1.02,PHARMACY DIRECT,DDP,Weight Captured Separately
58800,ASN-28033,Generic,South Africa,29-Aug-14,29-Aug-14,250mg,Delayed-release capsules,No,Freight Included in Commodity Cost,Direct Drop,"Didanosine 250mg, delayed-release capsules, 30 Caps",0.12,6,100.91,PMO - US,"Aurobindo Unit III, India",Didanosine,16.82,8/29/14,SCMS-199289,FPQ-12522,07-11-13,ARV,116-ZA-T30,29-Aug-14,Truck,Adult,30,0.56,S. BUYS WHOLESALER,DDP,Weight Captured Separately
24790,ASN-19787,Generic,Vietnam,01-Jul-13,01-Jul-13,300mg,Tablet,No,See ASN-19787 (ID#:13978),Direct Drop,"Abacavir 300mg, tablets, 60 Tabs",10.86,717,8783.25,PMO - US,Hetero Unit III Hyderabad IN,Abacavir,12.25,02-06-13,SCMS-176300,FPQ-11418,1/29/13,ARV,108-VN-T30,01-Jul-13,Air,Adult,60,0.2,HETERO LABS LIMITED,EXW,See ASN-19787 (ID#:13978)
50287,ASN-24256,Generic,Zambia,14-Feb-14,25-Feb-14,300mg,Tablet,Yes,2543.67,Direct Drop,"Zidovudine 300mg, tablets, 60 Tabs",41.16,6160,40040.0,PMO - US,Mylan (formerly Matrix) Nashik,Zidovudine,6.5,1/16/14,SCMS-223510,FPQ-13479,12/23/13,ARV,110-ZM-T30,14-Feb-14,Air,Adult,60,0.11,MYLAN LABORATORIES LTD (FORMERLY MATRIX LABORATORIES),EXW,356
18386,ASN-27710,Generic,Haiti,28-Oct-14,21-Nov-14,150/300/200mg,Tablet - FDC,Yes,Invoiced Separately,Direct Drop,"Lamivudine/Nevirapine/Zidovudine 150/200/300mg, tablets, 60 Tabs",136.85,16435,133123.5,PMO - US,"Cipla, Goa, India",Lamivudine/Nevirapine/Zidovudine,8.1,5/30/14,SCMS-233981,FPQ-13797,3/20/14,ARV,106-HT-T30,28-Oct-14,Ocean,Adult,60,0.13,CIPLA LIMITED,EXW,Weight Captured Separately
84267,DN-3189,Generic,Nigeria,29-May-13,29-May-13,200mg,Tablet,Yes,20761,From RDC,"Nevirapine 200mg, tablets, 60 Tabs",305.39,109238,246877.88,PMO - US,"Aurobindo Unit III, India",Nevirapine,2.26,N/A - From RDC,SO-45202,FPQ-11022,11/15/12,ARV,151-NG-T30,21-May-13,Air Charter,Adult,60,0.04,SCMS from RDC,N/A - From RDC,11763
49587,ASN-27976,Generic,South Africa,27-Aug-14,27-Aug-14,300mg,Tablet,No,Freight Included in Commodity Cost,Direct Drop,"Abacavir 300mg, tablets, 60 Tabs",4.77,50,3857.34,PMO - US,"Aurobindo Unit III, India",Abacavir,77.15,8/27/14,SCMS-199283,FPQ-12522,07-11-13,ARV,116-ZA-T30,27-Aug-14,Truck,Adult,60,1.29,S. BUYS WHOLESALER,DDP,Weight Captured Separately
85626,DN-1311,Generic,Nigeria,04-Aug-09,04-Aug-09,200mg,Tablet,No,See DN-1311 (ID#:82837),From RDC,"Nevirapine 200mg, tablets, 60 Tabs",1.44,253,733.7,PMO - US,"Aurobindo Unit III, India",Nevirapine,2.9,N/A - From RDC,SO-32270,FPQ-3815,5/26/09,ARV,154-NG-T30,30-Jul-09,Air Charter,Adult,60,0.05,SCMS from RDC,N/A - From RDC,See DN-1311 (ID#:82837)
13544,ASN-29074,Kaletra,CÃte dIvoire,03-Nov-14,07-Nov-14,80/20mg/ml,Oral solution,Yes,6523.85,Direct Drop,"Lopinavir/Ritonavir 80/20mg/ml [Kaletra], oral solution, cool, Bottle 5 x 60 ml",15.84,500,15410.0,PMO - US,ABBVIE (Abbott) Logis. UK,Lopinavir/Ritonavir,30.82,7/31/14,SCMS-246550,FPQ-14372,06-03-14,ARV,104-CI-T30,03-Nov-14,Air,Pediatric,300,0.1,ABBVIE LOGISTICS (FORMERLY ABBOTT LOGISTICS BV),FCA,505
84471,DN-4269,Aluvia,Nigeria,28-Apr-15,29-Apr-15,200/50mg,Tablet,Yes,8228.24,From RDC,"Lopinavir/Ritonavir 200/50mg [Aluvia], tablets, 120 Tabs",371.1,19100,360990.0,PMO - US,ABBVIE Ludwigshafen Germany,Lopinavir/Ritonavir,18.9,N/A - From RDC,SO-49939,FPQ-14989,9/19/14,ARV,151-NG-T30,30-Jun-15,Air Charter,Adult,120,0.16,SCMS from RDC,N/A - From RDC,4710
83048,DN-2708,Generic,Nigeria,03-Jun-12,03-Jun-12,200/300mg,Tablet - FDC,Yes,17090,From RDC,"Emtricitabine/Tenofovir Disoproxil Fumarate 200/300mg, tablets, 30 Tabs",154.91,13743,110493.72,PMO - US,"Aurobindo Unit III, India",Emtricitabine/Tenofovir Disoproxil Fumarate,8.04,N/A - From RDC,SO-42334,FPQ-9432,03-01-12,ARV,151-NG-T30,02-Aug-12,Air Charter,Adult,30,0.27,SCMS from RDC,N/A - From RDC,1340
72281,ASN-4754,Determine,Namibia,25-Aug-09,25-Aug-09,MIssing,Test kit,Yes,2541.8,Direct Drop,"HIV 1/2, Determine HIV Kit, without Lancets, 100 Tests",20.58,150,10500.0,PMO - US,Inverness Japan,"HIV 1/2, Determine HIV Kit, without Lancets",70.0,7/25/09,SCMS-50160,FPQ-3983,7/17/09,HRDT,119-NA-T30,25-Aug-09,Air,HIV test,100,0.7,"Orgenics, Ltd",EXW,37
86538,DN-2965,Generic,Mozambique,11-Jan-13,11-Jan-13,150/300/200mg,Tablet - FDC,No,See DN-2965 (ID#:85321),From RDC,"Lamivudine/Nevirapine/Zidovudine 150/200/300mg, tablets, 60 Tabs",911.86,67609,650398.58,PMO - US,"Aurobindo Unit III, India",Lamivudine/Nevirapine/Zidovudine,9.62,N/A - From RDC,SO-42832,FPQ-10210,6/28/12,ARV,111-MZ-T30,11-Jan-13,Truck,Adult,60,0.16,SCMS from RDC,N/A - From RDC,See DN-2965 (ID#:85321)
83843,DN-3863,Aluvia,Uganda,09-Aug-14,13-Aug-14,200/50mg,Tablet,Yes,6926.9,From RDC,"Lopinavir/Ritonavir 200/50mg [Aluvia], tablets, 120 Tabs",247,12713,240275.7,PMO - US,ABBVIE Ludwigshafen Germany,Lopinavir/Ritonavir,18.9,N/A - From RDC,SO-48980,FPQ-14396,06-04-14,ARV,114-UG-T30,11-Sep-14,Truck,Adult,120,0.16,SCMS from RDC,N/A - From RDC,2630
18422,ASN-7387,Aluvia,Zambia,08-Jul-10,08-Jul-10,200/50mg,Tablet,Yes,1100.2,Direct Drop,"Lopinavir/Ritonavir 200/50mg [Aluvia], tablets, 120 Tabs",795.78,10000,369100.0,PMO - US,ABBVIE Ludwigshafen Germany,Lopinavir/Ritonavir,36.91,5/25/10,SCMS-70750,FPQ-5516,4/14/10,ARV,110-ZM-T30,08-Jul-10,Air,Adult,120,0.31,INTERNATIONAL HEALTHCARE DISTRIBUTORS,CIP,2294
76136,ASN-29093,Determine,Zambia,11-Mar-15,31-Mar-15,MIssing,Test kit,Yes,37444.1,Direct Drop,"HIV 1/2, Determine Complete HIV Kit, 100 Tests",519.92,6322,505760.0,PMO - US,"Alere Medical Co., Ltd.","HIV 1/2, Determine Complete HIV Kit",80.0,9/19/14,SCMS-256510,FPQ-14827,8/19/14,HRDT,110-ZM-T30,11-Mar-15,Air,HIV test,100,0.8,"Orgenics, Ltd",EXW,2564
11086,DN-16,Generic,CÃte dIvoire,22-Feb-07,22-Feb-07,600mg,Tablet,No,See DN-16 (ID#:10540),From RDC,"Efavirenz 600mg, tablets, 30 Tabs",MIssing,4350,70687.5,PMO - US,"Aurobindo Unit III, India",Efavirenz,16.25,N/A - From RDC,SO-283,Pre-PQ Process,Pre-PQ Process,ARV,100-CI-T01,22-Feb-07,MIssing,Adult,30,0.54,SCMS from RDC,N/A - From RDC,See DN-16 (ID#:10540)
82634,DN-3484,Generic,Mozambique,20-Feb-14,19-Mar-14,600/300/300mg,Tablet - FDC,Yes,7928.11,From RDC,"Efavirenz/Lamivudine/Tenofovir Disoproxil Fumarate 600/300/300mg, tablets, 30 Tabs",1104.38,80071,892791.65,PMO - US,"Aurobindo Unit VII, IN",Efavirenz/Lamivudine/Tenofovir Disoproxil Fumarate,11.15,N/A - From RDC,SO-44860,FPQ-11884,3/19/13,ARV,111-MZ-T30,31-Jan-14,Truck,Adult,30,0.37,SCMS from RDC,N/A - From RDC,18838
86400,DN-2313,Generic,Uganda,26-Aug-11,26-Aug-11,300mg,Tablet,No,See DN-2313 (ID#:85780),From RDC,"Zidovudine 300mg, tablets, 60 Tabs",19.51,1684,11821.68,PMO - US,Hetero Unit III Hyderabad IN,Zidovudine,7.02,N/A - From RDC,SO-40220,FPQ-8048,7/13/11,ARV,114-UG-T30,22-Sep-11,Truck,Adult,60,0.12,SCMS from RDC,N/A - From RDC,See DN-2313 (ID#:85780)
12313,DN-1401,Generic,CÃte dIvoire,08-Sep-09,08-Sep-09,150/300/200mg,Tablet - FDC,No,See DN-1401 (ID#:10793),From RDC,"Lamivudine/Nevirapine/Zidovudine 150/200/300mg, tablets, 60 Tabs",626.67,28170,319729.5,PMO - US,"Aurobindo Unit III, India",Lamivudine/Nevirapine/Zidovudine,11.35,N/A - From RDC,SO-32210,Pre-PQ Process,Date Not Captured,ARV,104-CI-T01,08-Sep-09,Air,Adult,60,0.19,SCMS from RDC,N/A - From RDC,See DN-1401 (ID#:10793)
83128,DN-3092,Generic,Zimbabwe,08-Apr-13,08-Apr-13,150/300/200mg,Tablet - FDC,Yes,14451.69,From RDC,"Lamivudine/Nevirapine/Zidovudine 150/200/300mg, tablets, 60 Tabs",256.22,21300,182754.0,PMO - US,Mylan (formerly Matrix) Nashik,Lamivudine/Nevirapine/Zidovudine,8.58,N/A - From RDC,SO-43230,FPQ-10674,9/18/12,ARV,102-ZW-T30,30-Mar-13,Truck,Adult,60,0.14,SCMS from RDC,N/A - From RDC,13288
83070,DN-2823,Generic,Nigeria,14-Aug-12,14-Aug-12,600/200/300mg,Tablet - FDC,Yes,18461.22,From RDC,"Efavirenz/Emtricitabine/Tenofovir Disoproxil Fumarate 600/200/300mg, tablets, 30 Tabs",2266.52,107489,1616634.56,PMO - US,Mylan (formerly Matrix) Nashik,Efavirenz/Emtricitabine/Tenofovir Disoproxil Fumarate,15.04,N/A - From RDC,SO-41680,FPQ-9432,03-01-12,ARV,151-NG-T30,10-Sep-12,Air,Adult,30,0.5,SCMS from RDC,N/A - From RDC,13193
84911,DN-3599,Generic,CÃte dIvoire,14-Apr-14,22-May-14,300/300mg,Tablet - FDC,No,See DN-3599 (ID#:84351),From RDC,"Lamivudine/Tenofovir Disoproxil Fumarate 300/300mg, tablets, 30 Tabs",151.16,26000,122200.0,PMO - US,Hetero Unit III Hyderabad IN,Lamivudine/Tenofovir Disoproxil Fumarate,4.7,N/A - From RDC,SO-46430,FPQ-12800,08-09-13,ARV,104-CI-T30,30-Apr-14,Truck,Adult,30,0.16,SCMS from RDC,N/A - From RDC,See DN-3599 (ID#:84351)
86711,DN-3838,Generic,Zambia,25-Jul-14,31-Jul-14,150/300mg,Tablet - FDC,Yes,1325.68,From RDC,"Lamivudine/Zidovudine 150/300mg, tablets, 60 Tabs",99.42,14653,96709.8,PMO - US,"Aurobindo Unit III, India",Lamivudine/Zidovudine,6.6,N/A - From RDC,SO-48650,FPQ-14105,4/16/14,ARV,110-ZM-T30,04-Sep-14,Truck,Adult,60,0.11,SCMS from RDC,N/A - From RDC,1413
20878,ASN-9709,Norvir,Vietnam,24-Feb-11,24-Feb-11,100mg,Capsule,Yes,4042.47,Direct Drop,"Ritonavir 100mg [Norvir], capsules, cool, 4 x 84 Caps",5.34,12,2478.12,PMO - US,ABBVIE (Abbott) Logis. UK,Ritonavir,206.51,10/14/10,SCMS-87700,FPQ-6384,9/30/10,ARV,108-VN-T30,24-Feb-11,Air,Adult,336,0.61,ABBVIE LOGISTICS (FORMERLY ABBOTT LOGISTICS BV),FCA,51
10735,DN-1055,Generic,Mozambique,18-Mar-09,18-Mar-09,150/200/30mg,Tablet - FDC,Yes,6757.33,From RDC,"Lamivudine/Nevirapine/Stavudine 150/200/30mg, tablets, 60 Tabs",1624.71,115130,828936.0,PMO - US,"Strides, Bangalore, India.",Lamivudine/Nevirapine/Stavudine,7.2,N/A - From RDC,SO-15083,Pre-PQ Process,Pre-PQ Process,ARV,111-MZ-T01,18-Mar-09,Air,Adult,60,0.12,SCMS from RDC,N/A - From RDC,8693
398,ASN-1502,Generic,Guyana,01-Apr-08,01-Apr-08,MIssing,Test kit - Ancillary,Yes,Invoiced Separately,Direct Drop,"HIV, Lancet, Safety, for HIV Test kits, 100 Pcs",0,240,2.4,PMO - US,Inverness Japan,"HIV, Lancet, Safety, for HIV Test kits, 100 Pcs",0.01,2/28/08,SCMS-18480,Pre-PQ Process,Pre-PQ Process,HRDT,102-GY-T01,09-Apr-08,Air,HIV test - Ancillary,100,0.0,"Orgenics, Ltd",EXW,Weight Captured Separately
40950,ASN-28234,Kaletra,Guyana,05-Nov-14,11-Nov-14,80/20mg/ml,Oral solution,Yes,790.71,Direct Drop,"Lopinavir/Ritonavir 80/20mg/ml [Kaletra], oral solution, cool, Bottle 5 x 60 ml",0.75,12,729.84,PMO - US,ABBVIE (Abbott) Logis. UK,Lopinavir/Ritonavir,60.82,8/26/14,SCMS-235780,FPQ-14048,04-09-14,ARV,105-GY-T30,05-Nov-14,Air,Pediatric,300,0.2,ABBVIE LOGISTICS (FORMERLY ABBOTT LOGISTICS BV),FCA,39
50231,ASN-7237,Generic,Vietnam,02-Jul-10,02-Jul-10,300mg,Tablet,Yes,7488.39,Direct Drop,"Abacavir 300mg, tablets, 60 Tabs",5.17,151,2399.39,PMO - US,Mylan (formerly Matrix) Nashik,Abacavir,15.89,3/29/10,SCMS-69720,FPQ-5317,3/22/10,ARV,108-VN-T30,02-Jul-10,Air,Adult,60,0.26,MYLAN LABORATORIES LTD (FORMERLY MATRIX LABORATORIES),EXW,749
82542,DN-3000,Generic,Uganda,07-Mar-13,07-Mar-13,600/200/300mg,Tablet - FDC,Yes,13252.2,From RDC,"Efavirenz/Emtricitabine/Tenofovir Disoproxil Fumarate 600/200/300mg, tablets, 30 Tabs",136.77,7126,97554.94,PMO - US,Mylan (formerly Matrix) Nashik,Efavirenz/Emtricitabine/Tenofovir Disoproxil Fumarate,13.69,N/A - From RDC,SO-43491,FPQ-10780,10-10-12,ARV,114-UG-T30,11-Feb-13,Air,Adult,30,0.46,SCMS from RDC,N/A - From RDC,2261
5083,ASN-4285,Aluvia,South Africa,21-Apr-09,21-Apr-09,200/50mg,Tablet,Yes,Freight Included in Commodity Cost,Direct Drop,"Lopinavir/Ritonavir 200/50mg [Aluvia], tablets, 120 Tabs",28.22,400,14400.0,PMO - US,ABBVIE Ludwigshafen Germany,Lopinavir/Ritonavir,36.0,04-02-09,SCMS-47380,Pre-PQ Process,Pre-PQ Process,ARV,116-ZA-T01,15-May-09,Truck,Adult,120,0.3,S. BUYS WHOLESALER,DDP,Weight Captured Separately
85639,DN-1548,Generic,Uganda,02-Dec-09,02-Dec-09,200mg,Tablet,No,See DN-1548 (ID#:85076),From RDC,"Nevirapine 200mg, tablets, 60 Tabs",11.37,2000,5800.0,PMO - US,"Aurobindo Unit III, India",Nevirapine,2.9,N/A - From RDC,SO-34010,FPQ-4470,8/17/09,ARV,114-UG-T30,30-Nov-09,Air,Adult,60,0.05,SCMS from RDC,N/A - From RDC,See DN-1548 (ID#:85076)
50483,ASN-5409,Generic,Rwanda,19-Nov-09,19-Nov-09,300mg,Tablet,Yes,280.23,Direct Drop,"Tenofovir Disoproxil Fumarate 300mg, tablets, 30 Tabs",0,250,2.5,PMO - US,"Aurobindo Unit III, India",Tenofovir Disoproxil Fumarate,0.01,7/16/09,SCMS-48830,FPQ-3859,6/30/09,ARV,107-RW-T30,19-Nov-09,Air,Adult,30,0.0,Aurobindo Pharma Limited,CIP,24
66145,ASN-33854,Isentress,South Africa,24-Aug-15,24-Aug-15,400mg,Tablet,No,Freight Included in Commodity Cost,Direct Drop,"Raltegravir 400mg [Isentress], tablets, 60 Tabs",0.2,3,197.26,PMO - US,"MSD, Haarlem, NL",Raltegravir,65.75,10-09-14,SCMS-259079,FPQ-14942,09-11-14,ARV,116-ZA-T30,24-Aug-15,Truck,Adult,60,1.1,PHARMACY DIRECT,DDP,Weight Captured Separately
72988,ASN-24721,Uni-Gold,"Congo, DRC",04-Apr-14,28-Apr-14,MIssing,Test kit,No,See ASN-24721 (ID#:13708),Direct Drop,"HIV 1/2, Uni-Gold HIV Kit, 20 Tests",1.12,34,1088.0,PMO - US,"Trinity Biotech, Plc","HIV 1/2, Uni-Gold HIV Kit",32.0,1/28/14,SCMS-224840,FPQ-13548,1/22/14,HRDT,101-CD-T30,04-Apr-14,Air,HIV test,20,1.6,"Trinity Biotech, Plc",EXW,See ASN-24721 (ID#:13708)
9154,ASN-4419,Generic,Vietnam,10-Jul-09,10-Jul-09,150mg,Tablet,No,See ASN-4419 (ID#:3851),Direct Drop,"Lamivudine 150mg, tablets, 60 Tabs",28.22,6000,14400.0,PMO - US,"Aurobindo Unit III, India",Lamivudine,2.4,4/29/09,SCMS-45070,Pre-PQ Process,Pre-PQ Process,ARV,108-VN-T01,10-Jul-09,Air,Adult,60,0.04,Aurobindo Pharma Limited,EXW,See ASN-4419 (ID#:3851)
85996,DN-3313,Generic,CÃte dIvoire,13-Sep-13,13-Sep-13,300/300mg,Tablet - FDC,Yes,3738.52,From RDC,"Lamivudine/Tenofovir Disoproxil Fumarate 300/300mg, tablets, 30 Tabs",70.81,12180,57246.0,PMO - US,"Aurobindo Unit VII, IN",Lamivudine/Tenofovir Disoproxil Fumarate,4.7,N/A - From RDC,SO-45610,FPQ-12144,4/22/13,ARV,104-CI-T30,08-Jan-14,Truck,Adult,30,0.16,SCMS from RDC,N/A - From RDC,1208
62879,ASN-7834,Generic,Dominican Republic,14-Sep-10,14-Sep-10,300mg,Tablet,Yes,1254.61,Direct Drop,"Tenofovir Disoproxil Fumarate 300mg, tablets, 30 Tabs",30.18,2000,14000.0,PMO - US,Mylan (formerly Matrix) Nashik,Tenofovir Disoproxil Fumarate,7.0,7/30/10,SCMS-80890,FPQ-6083,7/16/10,ARV,100-DO-T30,14-Sep-10,Air,Adult,30,0.23,MYLAN LABORATORIES LTD (FORMERLY MATRIX LABORATORIES),EXW,111
10783,DN-1334,Generic,Mozambique,17-Aug-09,17-Aug-09,30mg,Capsule,Yes,1047.04,From RDC,"Stavudine 30mg, capsules, 60 Caps",1.37,470,700.3,PMO - US,"Aurobindo Unit III, India",Stavudine,1.49,N/A - From RDC,SO-32180,Pre-PQ Process,Date Not Captured,ARV,111-MZ-T01,17-Aug-09,Air,Adult,60,0.02,SCMS from RDC,N/A - From RDC,31
82513,DN-2861,Generic,CÃte dIvoire,01-Oct-12,01-Oct-12,600mg,Tablet,Yes,15677.98,From RDC,"Efavirenz 600mg, tablets, 30 Tabs",10.68,2000,7620.0,PMO - US,"Strides, Bangalore, India.",Efavirenz,3.81,N/A - From RDC,SO-42380,FPQ-9749,4/19/12,ARV,104-CI-T30,29-Oct-12,Truck,Adult,30,0.13,SCMS from RDC,N/A - From RDC,4026
83718,DN-3339,Generic,Mozambique,13-Nov-13,02-Dec-13,150/300mg,Tablet - FDC,Yes,5950.17,From RDC,"Lamivudine/Zidovudine 150/300mg, tablets, 60 Tabs",27.29,3035,22064.45,PMO - US,"Cipla, Goa, India",Lamivudine/Zidovudine,7.27,N/A - From RDC,SO-44870,FPQ-11884,3/19/13,ARV,111-MZ-T30,31-Oct-13,Truck,Adult,60,0.12,SCMS from RDC,N/A - From RDC,1722
85208,DN-2416,Generic,Tanzania,12-Dec-11,12-Dec-11,30/50/60mg,Chewable/dispersible tablet - FDC,Yes,6614.27,From RDC,"Lamivudine/Nevirapine/Zidovudine 30/50/60mg, dispersible tablets, 60 Tabs",69.7,9940,42245.0,PMO - US,Mylan (formerly Matrix) Nashik,Lamivudine/Nevirapine/Zidovudine,4.25,N/A - From RDC,SO-40480,FPQ-8303,8/22/11,ARV,109-TZ-T30,20-Dec-11,Truck,Pediatric,60,0.07,SCMS from RDC,N/A - From RDC,562
86555,DN-3051,Generic,Zambia,01-Apr-13,01-Apr-13,200mg,Tablet,Yes,16295.56,From RDC,"Nevirapine 200mg, tablets, 60 Tabs",108.83,38929,87979.54,PMO - US,Hetero Unit III Hyderabad IN,Nevirapine,2.26,N/A - From RDC,SO-44471,FPQ-11553,1/28/13,ARV,110-ZM-T30,25-Jun-13,Truck,Adult,60,0.04,SCMS from RDC,N/A - From RDC,2462
82981,DN-2355,Generic,Nigeria,14-Oct-11,14-Oct-11,300/300mg,Tablet - FDC,Yes,21326.73,From RDC,"Lamivudine/Tenofovir Disoproxil Fumarate 300/300mg, tablets, 30 Tabs",1433.26,100654,868644.02,PMO - US,Mylan (formerly Matrix) Nashik,Lamivudine/Tenofovir Disoproxil Fumarate,8.63,N/A - From RDC,SO-39996,FPQ-7812,06-06-11,ARV,151-NG-T30,03-Nov-11,Air Charter,Adult,30,0.29,SCMS from RDC,N/A - From RDC,9629
60841,ASN-14125,Generic,Rwanda,30-Mar-12,30-Mar-12,250mg,Delayed-release capsules,No,See ASN-14125 (ID#:22658),Direct Drop,"Didanosine 250mg, delayed-release capsules, 30 Caps",16.82,784,10192.0,PMO - US,"Aurobindo Unit III, India",Didanosine,13.0,11-09-11,SCMS-126490,FPQ-8365,10/26/11,ARV,107-RW-T30,30-Mar-12,Air,Adult,30,0.43,Aurobindo Pharma Limited,EXW,See ASN-14125 (ID#:22658)
84564,DN-1831,Generic,Zimbabwe,31-May-10,31-May-10,150/200/30mg,Tablet - FDC,Yes,3833.17,From RDC,"Lamivudine/Nevirapine/Stavudine 150/200/30mg, tablets, 60 Tabs",543.37,47390,277231.5,PMO - US,"Cipla, Goa, India",Lamivudine/Nevirapine/Stavudine,5.85,N/A - From RDC,SO-35910,FPQ-4472,3/17/09,ARV,113-ZW-T30,28-May-10,Air,Adult,60,0.1,SCMS from RDC,N/A - From RDC,7112
16708,ASN-21568,Generic,Zambia,17-Oct-13,06-Nov-13,200/300mg,Tablet - FDC,Yes,5904.94,Direct Drop,"Emtricitabine/Tenofovir Disoproxil Fumarate 200/300mg, tablets, 30 Tabs",86.2,11811,69684.9,PMO - US,"Aurobindo Unit III, India",Emtricitabine/Tenofovir Disoproxil Fumarate,5.9,07-10-13,SCMS-188801,FPQ-11979,4/19/13,ARV,110-ZM-T30,17-Oct-13,Air,Adult,30,0.2,Aurobindo Pharma Limited,EXW,1184
81252,ASN-13847,Reveal,Kenya,06-Feb-12,06-Feb-12,MIssing,Test kit,Yes,Freight Included in Commodity Cost,Direct Drop,"HIV, Reveal G3 Rapid HIV-1 Antibody Test, 30 Tests",3.58,50,2550.0,PMO - US,MedMira Inc.,"HIV, Reveal G3 Rapid HIV-1 Antibody Test",51.0,1/18/12,SCMS-134000,FPQ-9126,01-10-12,HRDT,102-KE-T30,06-Feb-12,Air,HIV test,30,1.7,MEDMIRA EAST AFRICA LTD.,DAP,Weight Captured Separately
9860,ASN-2487,Epivir,South Africa,14-Jul-08,14-Jul-08,150mg,Tablet,No,Freight Included in Commodity Cost,Direct Drop,"Lamivudine 150mg [Epivir], tablets, 60 Tabs",8.5,1000,5310.0,PMO - US,GSK Cape Town Factory (South Africa),Lamivudine,5.31,Date Not Captured,SCMS-26820,Pre-PQ Process,Pre-PQ Process,ARV,116-ZA-T01,10-Jul-08,Truck,Adult,60,0.09,S. BUYS WHOLESALER,DDP,Weight Captured Separately
42156,ASN-30566,Generic,Haiti,20-Apr-15,28-Apr-15,300/300mg,Tablet - FDC,Yes,7842.4,Direct Drop,"Lamivudine/Tenofovir Disoproxil Fumarate 300/300mg, tablets, 30 Tabs",86.79,18273,84421.26,PMO - US,Hetero Unit III Hyderabad IN,Lamivudine/Tenofovir Disoproxil Fumarate,4.62,12/24/14,SCMS-263000,FPQ-15038,10/22/14,ARV,106-HT-T30,20-Apr-15,Ocean,Adult,30,0.15,HETERO LABS LIMITED,EXW,2001
24934,ASN-6712,Invirase,Nigeria,21-Jun-10,21-Jun-10,500mg,Tablet,Yes,729.03,Direct Drop,"Saquinavir 500mg [Invirase], tablets, 120 Tabs",87.78,430,40713.32,PMO - US,Roche Basel,Saquinavir,94.68,03-05-10,SCMS-66900,FPQ-5124,2/15/10,ARV,151-NG-T30,21-Jun-10,Air,Adult,120,0.79,Hoffmann-La Roche ltd Basel,FCA,77
29880,ASN-32258,Generic,Vietnam,13-Jul-15,14-Jul-15,150mg,Tablet,Yes,3775.5,Direct Drop,"Lamivudine 150mg, tablets, 60 Tabs",32.63,15400,27720.0,PMO - US,Hetero Unit III Hyderabad IN,Lamivudine,1.8,2/17/15,SCMS-274370,FPQ-15692,1/28/15,ARV,108-VN-T30,13-Jul-15,Air,Adult,60,0.03,HETERO LABS LIMITED,EXW,2486
29616,ASN-33267,Generic,Vietnam,03-Sep-15,03-Sep-15,600/300/300mg,Tablet - FDC,Yes,Invoiced Separately,Direct Drop,"Efavirenz/Lamivudine/Tenofovir Disoproxil Fumarate 600/300/300mg, tablets, 30 Tabs",200.73,17952,170544.0,PMO - US,Hetero Unit III Hyderabad IN,Efavirenz/Lamivudine/Tenofovir Disoproxil Fumarate,9.5,5/13/15,SCMS-285500,FPQ-16194,4/14/15,ARV,108-VN-T30,03-Sep-15,Air,Adult,30,0.32,HETERO LABS LIMITED,EXW,Weight Captured Separately
30220,ASN-30231,Generic,Haiti,06-Feb-15,06-Feb-15,150mg,Tablet,Yes,1497.53,Direct Drop,"Lamivudine 150mg, tablets, 60 Tabs",2.66,1440,2592.0,PMO - US,Hetero Unit III Hyderabad IN,Lamivudine,1.8,11/14/14,SCMS-261710,FPQ-14895,9/24/14,ARV,106-HT-T30,06-Feb-15,Air,Adult,60,0.03,HETERO LABS LIMITED,EXW,99
39343,ASN-12990,Generic,South Africa,31-Jan-12,31-Jan-12,200mg,Tablet,Yes,7175.27,Direct Drop,"Nevirapine 200mg, tablets, 60 Tabs",368.35,82075,223244.0,PMO - US,"Cipla, Goa, India",Nevirapine,2.72,3/28/11,SCMS-104090,FPQ-7175,03-10-11,ARV,161-ZA-T30,31-Jan-12,Ocean,Adult,60,0.05,CIPLA LIMITED,DDP,8969
10975,DN-727,Aluvia,Guyana,09-May-08,09-May-08,200/50mg,Tablet,Yes,1608.7,From RDC,"Lopinavir/Ritonavir 200/50mg [Aluvia], tablets, 120 Tabs",19.73,150,12330.0,PMO - US,ABBVIE Ludwigshafen Germany,Lopinavir/Ritonavir,82.2,N/A - From RDC,SO-2464,Pre-PQ Process,Pre-PQ Process,ARV,105-GY-T01,09-May-08,Air,Adult,120,0.68,SCMS from RDC,N/A - From RDC,34
85079,DN-1592,Generic,Haiti,21-Dec-09,21-Dec-09,50mg,Capsule,Yes,1062.95,From RDC,"Efavirenz 50mg, capsule, 30 Caps",2.76,572,1281.28,PMO - US,"Aurobindo Unit III, India",Efavirenz,2.24,N/A - From RDC,SO-35190,FPQ-4469,9/23/09,ARV,106-HT-T30,25-Dec-09,Air,Pediatric,30,0.07,SCMS from RDC,N/A - From RDC,33
12740,DN-438,Generic,Zambia,21-Nov-07,21-Nov-07,150/200/30mg,Tablet - FDC,Yes,7194.3,From RDC,"Lamivudine/Nevirapine/Stavudine 150/200/30mg, tablets, 60 Tabs",224.65,18974,140407.6,PMO - US,"Cipla, Goa, India",Lamivudine/Nevirapine/Stavudine,7.4,N/A - From RDC,SO-1078,Pre-PQ Process,Pre-PQ Process,ARV,110-ZM-T01,21-Nov-07,MIssing,Adult,60,0.12,SCMS from RDC,N/A - From RDC,1928
12539,DN-850,Generic,Mozambique,05-Sep-08,05-Sep-08,150mg,Tablet,No,See DN-850 (ID#:10733),From RDC,"Lamivudine 150mg, tablets, 60 Tabs",0.56,120,349.2,PMO - US,Hetero Unit III Hyderabad IN,Lamivudine,2.91,N/A - From RDC,SO-2424,Pre-PQ Process,Pre-PQ Process,ARV,111-MZ-T01,05-Sep-08,Air,Adult,60,0.05,SCMS from RDC,N/A - From RDC,See DN-850 (ID#:10733)
28322,ASN-21559,Generic,Tanzania,04-Oct-13,04-Oct-13,150/300/200mg,Tablet - FDC,Yes,90677.04,Direct Drop,"Lamivudine/Nevirapine/Zidovudine 150/200/300mg, tablets, 60 Tabs",1502.96,150000,1215000.0,PMO - US,"Cipla, Goa, India",Lamivudine/Nevirapine/Zidovudine,8.1,7/16/13,SCMS-198770,FPQ-12540,07-03-13,ARV,109-TZ-T30,04-Oct-13,Air,Adult,60,0.13,CIPLA LIMITED,EXW,21674
86698,DN-3886,Generic,Mozambique,30-Oct-14,13-Nov-14,300/300mg,Tablet - FDC,No,See DN-3886 (ID#:83817),From RDC,"Lamivudine/Tenofovir Disoproxil Fumarate 300/300mg, tablets, 30 Tabs",10.49,2199,10203.36,PMO - US,"Aurobindo Unit VII, IN",Lamivudine/Tenofovir Disoproxil Fumarate,4.64,N/A - From RDC,SO-49390,FPQ-14226,05-02-14,ARV,111-MZ-T30,30-Sep-14,Truck,Adult,30,0.15,SCMS from RDC,N/A - From RDC,See DN-3886 (ID#:83817)
82415,DN-2395,Generic,Nigeria,13-Oct-11,13-Oct-11,150/300/200mg,Tablet - FDC,Yes,21326.73,From RDC,"Lamivudine/Nevirapine/Zidovudine 150/200/300mg, tablets, 60 Tabs",1946.83,105160,1179895.2,PMO - US,"Aurobindo Unit III, India",Lamivudine/Nevirapine/Zidovudine,11.22,N/A - From RDC,SO-40723,FPQ-7812,06-06-11,ARV,151-NG-T30,05-Dec-11,Air Charter,Adult,60,0.19,SCMS from RDC,N/A - From RDC,28277
81521,ASN-9694,Generic,South Africa,14-Mar-11,14-Mar-11,300mg,Tablet,Yes,6639.35,Direct Drop,"Tenofovir Disoproxil Fumarate 300mg, tablets, 30 Tabs",872.68,57577,404766.31,PMO - US,"Cipla, Goa, India",Tenofovir Disoproxil Fumarate,7.03,9/21/10,SCMS-84210,FPQ-6262,8/31/10,ARV,161-ZA-T30,09-Feb-11,Ocean,Adult,30,0.23,CIPLA LIMITED,DDP,3950
84148,DN-2561,Generic,Nigeria,16-Feb-12,16-Feb-12,300/300mg,Tablet - FDC,Yes,25231.96,From RDC,"Lamivudine/Tenofovir Disoproxil Fumarate 300/300mg, tablets, 30 Tabs",224.98,22426,136350.08,PMO - US,Mylan (formerly Matrix) Nashik,Lamivudine/Tenofovir Disoproxil Fumarate,6.08,N/A - From RDC,SO-40665,FPQ-8364,8/29/11,ARV,151-NG-T30,16-Mar-12,Air Charter,Adult,30,0.2,SCMS from RDC,N/A - From RDC,1942
49014,ASN-12098,Determine,Kenya,30-Sep-11,30-Sep-11,MIssing,Test kit,Yes,23226.6,Direct Drop,"HIV 1/2, Determine Complete HIV Kit, 100 Tests",1215.33,8276,736564.0,PMO - US,Inverness Japan,"HIV 1/2, Determine Complete HIV Kit",89.0,7/20/11,SCMS-115320,FPQ-7907,6/23/11,HRDT,127-KE-T30,30-Sep-11,Air,HIV test,100,0.89,"Orgenics, Ltd",EXW,2050
66257,ASN-24415,Ziagen,South Africa,06-Feb-14,06-Feb-14,20mg/ml,Oral solution,No,Freight Included in Commodity Cost,Direct Drop,"Abacavir 20mg/ml [Ziagen], oral solution, Bottle, 240 ml",0.24,8,192.37,PMO - US,GSK Mississauga (Canada),Abacavir,24.05,12-02-13,SCMS-215370,FPQ-13035,10-08-13,ARV,116-ZA-T30,06-Feb-14,Truck,Pediatric,240,0.1,S. BUYS WHOLESALER,DDP,Weight Captured Separately
39017,ASN-28037,Generic,South Africa,29-Aug-14,29-Aug-14,10mg/ml,Oral solution,No,Freight Included in Commodity Cost,Direct Drop,"Lamivudine 10mg/ml, oral solution w/syringe, Bottle, 240 ml",0.3,31,244.58,PMO - US,"Aurobindo Unit III, India",Lamivudine,7.89,8/29/14,SCMS-199289,FPQ-12522,07-11-13,ARV,116-ZA-T30,29-Aug-14,Truck,Pediatric,240,0.03,S. BUYS WHOLESALER,DDP,Weight Captured Separately
35031,ASN-30377,Generic,South Africa,26-Jan-15,26-Jan-15,20mg/ml,Oral solution,No,Freight Included in Commodity Cost,Direct Drop,"Abacavir 20mg/ml, oral solution, Bottle, 240 ml",0.49,27,478.2,PMO - US,"Aurobindo Unit III, India",Abacavir,17.71,1/26/15,SCMS-259072,FPQ-14942,09-11-14,ARV,116-ZA-T30,26-Jan-15,Truck,Pediatric,240,0.07,PHARMACY DIRECT,DDP,Weight Captured Separately
11130,DN-146,Generic,CÃte dIvoire,16-May-07,16-May-07,300mg,Tablet,No,See DN-146 (ID#:10834),From RDC,"Abacavir 300mg, tablets, 60 Tabs",MIssing,1200,42960.0,PMO - US,"Aurobindo Unit III, India",Abacavir,35.8,N/A - From RDC,SO-560,Pre-PQ Process,Pre-PQ Process,ARV,104-CI-T01,16-May-07,MIssing,Adult,60,0.6,SCMS from RDC,N/A - From RDC,See DN-146 (ID#:10834)
77293,ASN-7050,Generic,South Africa,09-Jun-10,09-Jun-10,10mg/ml,Oral suspension,Yes,4088.43,Direct Drop,"Nevirapine 10mg/ml, oral suspension w/syringe, Bottle, 240 ml",67.91,10000,31500.0,PMO - US,"Aurobindo Unit III, India",Nevirapine,3.15,3/19/10,SCMS-68990,FPQ-5303,3/18/10,ARV,161-ZA-T30,09-Jun-10,Air,Pediatric,240,0.01,Aurobindo Pharma Limited,DDP,3869
85502,DN-3807,Generic,Nigeria,20-Jun-14,25-Jun-14,300/300mg,Tablet - FDC,No,See DN-3807 (ID#:82698),From RDC,"Lamivudine/Tenofovir Disoproxil Fumarate 300/300mg, tablets, 30 Tabs",35.08,7354,34122.56,PMO - US,Hetero Unit III Hyderabad IN,Lamivudine/Tenofovir Disoproxil Fumarate,4.64,N/A - From RDC,SO-48901,FPQ-14156,4/25/14,ARV,151-NG-T30,31-Oct-14,Air Charter,Adult,30,0.15,SCMS from RDC,N/A - From RDC,See DN-3807 (ID#:82698)
3894,ASN-4819,Viramune,South Africa,21-Jul-09,21-Jul-09,200mg,Tablet,Yes,Freight Included in Commodity Cost,Direct Drop,"Nevirapine 200mg [Viramune], tablets, 60 Tabs",13.8,360,7041.6,PMO - US,"Boehringer Ing., Koropi, GR",Nevirapine,19.56,06-05-09,SCMS-47050,Pre-PQ Process,Pre-PQ Process,ARV,116-ZA-T01,12-Oct-09,Truck,Adult,60,0.33,S. BUYS WHOLESALER,DDP,Weight Captured Separately
84138,DN-2500,Generic,"Congo, DRC",14-Feb-12,14-Feb-12,150/300mg,Tablet - FDC,No,See DN-2500 (ID#:82436),From RDC,"Lamivudine/Zidovudine 150/300mg, tablets, 60 Tabs",3.17,274,2263.24,PMO - US,"Aurobindo Unit III, India",Lamivudine/Zidovudine,8.26,N/A - From RDC,SO-41138,FPQ-8840,11/21/11,ARV,101-CD-T30,10-Feb-12,Air,Adult,60,0.14,SCMS from RDC,N/A - From RDC,See DN-2500 (ID#:82436)
7778,ASN-4514,Generic,South Africa,08-Jun-09,08-Jun-09,50mg,Capsule,Yes,Freight Included in Commodity Cost,Direct Drop,"Efavirenz 50mg, capsule, 30 Caps",3.7,600,1890.0,PMO - US,"Aurobindo Unit III, India",Efavirenz,3.15,04-02-09,SCMS-42440,Pre-PQ Process,Pre-PQ Process,ARV,116-ZA-T01,08-Jun-09,Truck,Pediatric,30,0.1,S. BUYS WHOLESALER,DDP,Weight Captured Separately
21843,ASN-11393,Generic,South Africa,14-Sep-11,14-Sep-11,150/300mg,Tablet - FDC,Yes,8033.13,Direct Drop,"Lamivudine/Zidovudine 150/300mg, tablets, 60 Tabs",694.65,50000,421000.0,PMO - US,"Aurobindo Unit III, India",Lamivudine/Zidovudine,8.42,3/24/11,SCMS-103430,FPQ-7175,03-10-11,ARV,161-ZA-T30,14-Sep-11,Ocean,Adult,60,0.14,Aurobindo Pharma Limited,DDP,4603
63362,ASN-30671,Generic,South Africa,12-Feb-15,12-Feb-15,200mg,Capsule,No,Freight Included in Commodity Cost,Direct Drop,"Efavirenz 200mg, capsule, 90 Caps",0.37,21,357.91,PMO - US,"Aurobindo Unit III, India",Efavirenz,17.04,02-12-15,SCMS-259073,FPQ-14942,09-11-14,ARV,116-ZA-T30,12-Feb-15,Truck,Pediatric,90,0.19,PHARMACY DIRECT,DDP,Weight Captured Separately
11372,DN-93,Generic,Nigeria,17-Apr-07,17-Apr-07,150/300+200mg,Tablet - FDC + co-blister,No,See DN-93 (ID#:10546),From RDC,"Lamivudine/Zidovudine+Nevirapine 150/300+200mg, tablets, co-blister, 60+60 Tabs",MIssing,2703,55411.5,PMO - US,"Aspen-OSD, Port Elizabeth, SA",Lamivudine/Zidovudine+Nevirapine,20.5,N/A - From RDC,SO-341,Pre-PQ Process,Pre-PQ Process,ARV,112-NG-T01,17-Apr-07,MIssing,Adult,120,0.17,SCMS from RDC,N/A - From RDC,See DN-93 (ID#:10546)
11839,DN-569,Generic,CÃte dIvoire,29-Jan-08,29-Jan-08,150/200/30mg,Tablet - FDC,No,See DN-569 (ID#:11224),From RDC,"Lamivudine/Nevirapine/Stavudine 150/200/30mg, tablets, 60 Tabs",266.4,22500,166500.0,PMO - US,"Cipla, Goa, India",Lamivudine/Nevirapine/Stavudine,7.4,N/A - From RDC,SO-1104,Pre-PQ Process,Pre-PQ Process,ARV,104-CI-T01,29-Jan-08,Air,Adult,60,0.12,SCMS from RDC,N/A - From RDC,See DN-569 (ID#:11224)
85232,DN-2516,Generic,Mozambique,08-Mar-12,08-Mar-12,10mg/ml,Oral suspension,Yes,9458.64,From RDC,"Nevirapine 10mg/ml, oral suspension w/syringe, Bottle, 240 ml",135.13,41998,81896.1,PMO - US,"Aurobindo Unit III, India",Nevirapine,1.95,N/A - From RDC,SO-38630,FPQ-7053,1/24/11,ARV,111-MZ-T30,29-Feb-12,Truck,Pediatric,240,0.01,SCMS from RDC,N/A - From RDC,12489
85940,DN-3030,Generic,Zimbabwe,14-Mar-13,14-Mar-13,200mg,Tablet,No,See DN-3030 (ID#:82549),From RDC,"Nevirapine 200mg, tablets, 60 Tabs",190.42,60096,135816.96,PMO - US,"Aurobindo Unit III, India",Nevirapine,2.26,N/A - From RDC,SO-43210,FPQ-10632,09-11-12,ARV,113-ZW-T30,14-Mar-13,Truck,Adult,60,0.04,SCMS from RDC,N/A - From RDC,See DN-3030 (ID#:82549)
66809,ASN-17177,Generic,Vietnam,05-Dec-12,05-Dec-12,300mg,Tablet,No,See ASN-17177 (ID#:18240),Direct Drop,"Abacavir 300mg, tablets, 60 Tabs",11.12,615,7933.5,PMO - US,Hetero Unit III Hyderabad IN,Abacavir,12.9,8/15/12,SCMS-156320,FPQ-10287,7/25/12,ARV,108-VN-T30,05-Dec-12,Air,Adult,60,0.22,HETERO LABS LIMITED,EXW,See ASN-17177 (ID#:18240)
49796,ASN-29764,Generic,South Africa,10-Dec-14,10-Dec-14,20mg/ml,Oral solution,No,Freight Included in Commodity Cost,Direct Drop,"Abacavir 20mg/ml, oral solution, Bottle, 240 ml",4.88,191,4145.72,PMO - US,"Aurobindo Unit III, India",Abacavir,21.71,12-10-14,SCMS-267020,FPQ-15269,10/29/14,ARV,116-ZA-T30,10-Dec-14,Truck,Pediatric,240,0.09,S. BUYS WHOLESALER,DDP,Weight Captured Separately
19263,ASN-12886,Determine,Tanzania,30-Jan-12,30-Jan-12,MIssing,Test kit,Yes,13836.99,Direct Drop,"HIV 1/2, Determine Complete HIV Kit, 100 Tests",198,1500,120000.0,PMO - US,Inverness Japan,"HIV 1/2, Determine Complete HIV Kit",80.0,08-01-11,SCMS-116850,FPQ-8071,7/22/11,HRDT,109-TZ-T30,30-Jan-12,Air,HIV test,100,0.8,"Orgenics, Ltd",EXW,714
76409,ASN-18919,Generic,Haiti,07-Aug-13,07-Aug-13,150/300mg,Tablet - FDC,No,See ASN-18919 (ID#:14578),Direct Drop,"Lamivudine/Zidovudine 150/300mg, tablets, 60 Tabs",441.3,52080,356748.0,PMO - US,"Aurobindo Unit III, India",Lamivudine/Zidovudine,6.85,03-11-13,SCMS-177180,FPQ-11442,1/30/13,ARV,106-HT-T30,07-Aug-13,Ocean,Adult,60,0.11,Aurobindo Pharma Limited,EXW,See ASN-18919 (ID#:14578)
1723,ASN-2291,Retrovir,South Africa,25-Apr-08,25-Apr-08,300mg,Tablet,Yes,Freight Included in Commodity Cost,Direct Drop,"Zidovudine 300mg [Retrovir], tablets, 60 Tabs",6.65,300,4155.0,PMO - US,GSK Aranda,Zidovudine,13.85,04-04-08,SCMS-21460,Pre-PQ Process,Pre-PQ Process,ARV,116-ZA-T01,25-Apr-08,MIssing,Adult,60,0.23,S. BUYS WHOLESALER,DDP,Weight Captured Separately
43450,ASN-27978,Generic,South Africa,27-Aug-14,27-Aug-14,200mg,Capsule,No,Freight Included in Commodity Cost,Direct Drop,"Efavirenz 200mg, capsule, 90 Caps",0.82,25,659.22,PMO - US,"Aurobindo Unit III, India",Efavirenz,26.37,8/27/14,SCMS-199283,FPQ-12522,07-11-13,ARV,116-ZA-T30,27-Aug-14,Truck,Pediatric,90,0.29,S. BUYS WHOLESALER,DDP,Weight Captured Separately
12128,DN-545,Generic,CÃte dIvoire,25-Jan-08,25-Jan-08,MIssing,Test kit - Ancillary,No,See DN-545 (ID#:11817),From RDC,"HIV, Lancet, Safety, for HIV Test kits, 100 Pcs",0.02,1250,12.5,PMO - US,Inverness Japan,"HIV, Lancet, Safety, for HIV Test kits, 100 Pcs",0.01,N/A - From RDC,SO-1482,Pre-PQ Process,Pre-PQ Process,HRDT,104-CI-T01,25-Jan-08,Air,HIV test - Ancillary,100,0.0,SCMS from RDC,N/A - From RDC,See DN-545 (ID#:11817)
84916,DN-3630,Generic,CÃte dIvoire,25-Apr-14,06-Jun-14,300mg,Tablet,Yes,1008.9,From RDC,"Tenofovir Disoproxil Fumarate 300mg, tablets, 30 Tabs",15.43,3300,12474.0,PMO - US,Mylan (formerly Matrix) Nashik,Tenofovir Disoproxil Fumarate,3.78,N/A - From RDC,SO-46423,FPQ-12800,08-09-13,ARV,104-CI-T30,30-Apr-14,Air,Adult,30,0.13,SCMS from RDC,N/A - From RDC,259
86453,DN-2543,Generic,Tanzania,14-Feb-12,14-Feb-12,150/300mg,Tablet - FDC,Yes,13590.64,From RDC,"Lamivudine/Zidovudine 150/300mg, tablets, 60 Tabs",3184.14,233630,1929783.8,PMO - US,"Aurobindo Unit III, India",Lamivudine/Zidovudine,8.26,N/A - From RDC,SO-40612,FPQ-8297,8/22/11,ARV,109-TZ-T30,30-Mar-12,Truck,Adult,60,0.14,SCMS from RDC,N/A - From RDC,21394
85461,DN-3646,Generic,Tanzania,25-Sep-14,07-Nov-14,200/300mg,Tablet - FDC,Yes,2317.16,From RDC,"Emtricitabine/Tenofovir Disoproxil Fumarate 200/300mg, tablets, 30 Tabs",10.95,1542,8851.08,PMO - US,"Aurobindo Unit III, India",Emtricitabine/Tenofovir Disoproxil Fumarate,5.74,N/A - From RDC,SO-48290,FPQ-12587,07-04-13,ARV,109-TZ-T30,15-Sep-14,Truck,Adult,30,0.19,SCMS from RDC,N/A - From RDC,9400
19013,ASN-7662,Generic,South Africa,20-Sep-10,20-Sep-10,150mg,Tablet,Yes,1791.42,Direct Drop,"Lamivudine 150mg, tablets, 60 Tabs",181.85,33338,84345.14,PMO - US,"Aurobindo Unit III, India",Lamivudine,2.53,3/19/10,SCMS-68980,FPQ-5303,3/18/10,ARV,161-ZA-T30,24-Aug-10,Air,Adult,60,0.04,Aurobindo Pharma Limited,DDP,1791
47642,ASN-32231,Determine,"Congo, DRC",23-Jul-15,29-Jul-15,MIssing,Test kit,No,See ASN-32231 (ID#:13648),Direct Drop,"HIV 1/2, Determine Complete HIV Kit, 100 Tests",24.67,262,20960.0,PMO - US,"Alere Medical Co., Ltd.","HIV 1/2, Determine Complete HIV Kit",80.0,3/17/15,SCMS-280220,FPQ-16001,03-10-15,HRDT,101-CD-T30,23-Jul-15,Air,HIV test,100,0.8,"Orgenics, Ltd",EXW,See ASN-32231 (ID#:13648)
83785,DN-3635,Generic,Guyana,22-Apr-14,11-Jun-14,300mg,Tablet,Yes,660.44,From RDC,"Zidovudine 300mg, tablets, 60 Tabs",0.35,62,341.0,PMO - US,"Aurobindo Unit III, India",Zidovudine,5.5,N/A - From RDC,SO-46802,FPQ-13071,10-09-13,ARV,105-GY-T30,30-Apr-14,Air,Adult,60,0.09,SCMS from RDC,N/A - From RDC,4
13897,ASN-13149,Determine,Kenya,17-Jan-12,17-Jan-12,MIssing,Test kit,Yes,16090.59,Direct Drop,"HIV 1/2, Determine Complete HIV Kit, 100 Tests",1218.56,8298,738522.0,PMO - US,"Alere Medical Co., Ltd.","HIV 1/2, Determine Complete HIV Kit",89.0,10/26/11,SCMS-124900,FPQ-8446,10-05-11,HRDT,102-KE-T30,17-Jan-12,Air,HIV test,100,0.89,"Orgenics, Ltd",EXW,1427
51380,ASN-14232,Colloidal Gold,Ethiopia,02-Apr-12,02-Apr-12,MIssing,Test kit,Yes,7655.99,Direct Drop,"HIV 1/2, SKB Colloidal Gold, Diagnostic Kit, Antibody, 50 Tests",37.78,1100,26950.0,PMO - US,"KHB Test Kit Facility, Shanghai China","HIV 1/2, Colloidal Gold, Diagnostic Kit, Antibody",24.5,1/23/12,SCMS-134730,FPQ-9209,1/18/12,HRDT,117-ET-T30,02-Apr-12,Air,HIV test,1,24.5,"SHANGHAI KEHUA BIOENGINEERING CO.,LTD.  (KHB)",EXW,780
86168,DN-4139,Generic,CÃte dIvoire,25-Feb-15,30-Mar-15,150/300mg,Tablet - FDC,Yes,35832.12,From RDC,"Lamivudine/Zidovudine 150/300mg, tablets, 60 Tabs",719.52,104000,699920.0,PMO - US,Hetero Unit III Hyderabad IN,Lamivudine/Zidovudine,6.73,N/A - From RDC,SO-47860,FPQ-13628,1/29/14,ARV,104-CI-T30,27-Feb-15,Truck,Adult,60,0.11,SCMS from RDC,N/A - From RDC,9208
62322,ASN-9551,Determine,Angola,12-May-11,12-May-11,MIssing,Test kit,Yes,13790.1,Direct Drop,"HIV 1/2, Determine Complete HIV Kit, 100 Tests",310.46,1800,144000.0,PMO - US,Inverness Japan,"HIV 1/2, Determine Complete HIV Kit",80.0,11-10-10,SCMS-91630,FPQ-6434,10/28/10,HRDT,102-AO-T30,12-May-11,Air,HIV test,100,0.8,"Orgenics, Ltd",EXW,865
17065,ASN-15046,Stat-Pak,CÃte dIvoire,05-Jun-12,05-Jun-12,MIssing,Test kit,Yes,8695.18,Direct Drop,"HIV 1/2, Stat-Pak HIV, Kit, 20 Tests",96.4,2371,68759.0,PMO - US,Chembio Diagnostics Sys. Inc.,"HIV 1/2, Stat-Pak HIV, Kit",29.0,3/21/12,SCMS-141410,FPQ-9394,2/28/12,HRDT,104-CI-T30,05-Jun-12,Air,HIV test,20,1.45,"CHEMBIO DIAGNOSTIC SYSTEMS, INC.",EXW,939
23573,ASN-11271,Determine,Nigeria,27-Jul-11,27-Jul-11,MIssing,Test kit,Yes,26014.88,Direct Drop,"HIV 1/2, Determine Complete HIV Kit, 100 Tests",394.59,2687,239143.0,PMO - US,Inverness Japan,"HIV 1/2, Determine Complete HIV Kit",89.0,5/23/11,SCMS-108720,FPQ-7553,4/28/11,HRDT,133-NG-T30,27-Jul-11,Air,HIV test,100,0.89,"Orgenics, Ltd",EXW,1277
86040,DN-3521,Generic,Zimbabwe,11-Feb-14,24-Feb-14,60/30mg,Tablet - FDC,Yes,2021.95,From RDC,"Abacavir/Lamivudine 60/30mg, tablets, 60 Tabs",8.59,2088,8352.0,PMO - US,"Aurobindo Unit III, India",Abacavir/Lamivudine,4.0,N/A - From RDC,SO-47230,FPQ-13294,11/19/13,ARV,103-ZW-T30,30-Jan-14,Air,Pediatric,60,0.07,SCMS from RDC,N/A - From RDC,102
67449,ASN-24721,Uni-Gold,"Congo, DRC",04-Apr-14,28-Apr-14,MIssing,Test kit,No,See ASN-24721 (ID#:13708),Direct Drop,"HIV 1/2, Uni-Gold HIV Kit, 20 Tests",0.2,6,192.0,PMO - US,"Trinity Biotech, Plc","HIV 1/2, Uni-Gold HIV Kit",32.0,1/28/14,SCMS-224840,FPQ-13548,1/22/14,HRDT,101-CD-T30,04-Apr-14,Air,HIV test,20,1.6,"Trinity Biotech, Plc",EXW,See ASN-24721 (ID#:13708)
11497,DN-485,Generic,Zambia,08-Jan-08,08-Jan-08,600mg,Tablet,Yes,12492,From RDC,"Efavirenz 600mg, tablets, 30 Tabs",877.05,44135,548156.7,PMO - US,Mylan (formerly Matrix) Nashik,Efavirenz,12.42,N/A - From RDC,SO-1032,Pre-PQ Process,Pre-PQ Process,ARV,110-ZM-T01,08-Jan-08,MIssing,Adult,30,0.41,SCMS from RDC,N/A - From RDC,3454
30164,ASN-5488,Videx,CÃte dIvoire,25-Nov-09,25-Nov-09,50mg,Chewable/dispersible tablet,Yes,Freight Included in Commodity Cost,Direct Drop,"Didanosine 50mg [Videx], chewable tablets, 60 Tabs",5.59,300,2850.0,PMO - US,"BMS Meymac, France",Didanosine,9.5,9/14/09,SCMS-52690,FPQ-3967,8/21/09,ARV,104-CI-T30,25-Nov-09,Air,Pediatric,60,0.16,BRISTOL-MYERS SQUIBB,CIP,Weight Captured Separately
84503,DN-1506,Generic,Uganda,10-Nov-09,10-Nov-09,150/300mg,Tablet - FDC,No,See DN-1506 (ID#:83375),From RDC,"Lamivudine/Zidovudine 150/300mg, tablets, 60 Tabs",5.15,300,2628.0,PMO - US,"Aurobindo Unit III, India",Lamivudine/Zidovudine,8.76,N/A - From RDC,SO-34160,FPQ-4475,09-02-09,ARV,114-UG-T30,20-Nov-09,Air,Adult,60,0.15,SCMS from RDC,N/A - From RDC,See DN-1506 (ID#:83375)
9390,ASN-746,OraQuick,Zimbabwe,09-Oct-07,09-Oct-07,MIssing,Test kit,Yes,536.08,Direct Drop,"HIV 1/2, OraQuick Advance HIV Rapid Antibody Kit, 100 Tests",5.6,10,3500.0,PMO - US,"Pacific Biotech, Thailand","HIV 1/2, OraQuick Advance HIV Rapid Antibody Kit",350.0,8/28/07,SCMS-11680,Pre-PQ Process,Pre-PQ Process,HRDT,113-ZW-T01,09-Oct-07,Air,HIV test,100,3.5,Orasure Technologies Inc.,EXW,24
64238,ASN-18919,Generic,Haiti,07-Aug-13,07-Aug-13,1mg/ml,Powder for oral solution,No,See ASN-18919 (ID#:14578),Direct Drop,"Stavudine 1mg/ml, powder for oral solution w/syringe, 200 ml",0.46,300,375.0,PMO - US,"Aurobindo Unit III, India",Stavudine,1.25,03-11-13,SCMS-177180,FPQ-11442,1/30/13,ARV,106-HT-T30,07-Aug-13,Ocean,Pediatric,200,0.01,Aurobindo Pharma Limited,EXW,See ASN-18919 (ID#:14578)
34336,ASN-30792,Generic,South Africa,19-Feb-15,19-Feb-15,300mg,Tablet,No,Freight Included in Commodity Cost,Direct Drop,"Tenofovir Disoproxil Fumarate 300mg, tablets, 30 Tabs",0.06,3,57.36,PMO - US,Mylan (formerly Matrix) Nashik,Tenofovir Disoproxil Fumarate,19.12,05-08-14,SCMS-238550,FPQ-13973,4/30/14,ARV,116-ZA-T30,19-Feb-15,Truck,Adult,30,0.64,PHARMACY DIRECT,DDP,Weight Captured Separately
82507,DN-2837,Generic,CÃte dIvoire,05-Sep-12,05-Sep-12,150/300mg,Tablet - FDC,Yes,36194.84,From RDC,"Lamivudine/Zidovudine 150/300mg, tablets, 60 Tabs",926.05,84900,660522.0,PMO - US,Mylan (formerly Matrix) Nashik,Lamivudine/Zidovudine,7.78,N/A - From RDC,SO-42382,FPQ-9749,4/19/12,ARV,104-CI-T30,13-Nov-12,Truck,Adult,60,0.13,SCMS from RDC,N/A - From RDC,18204
86206,DN-4281,Generic,Nigeria,22-Jun-15,24-Jun-15,150/300mg,Tablet - FDC,Yes,21533.88,From RDC,"Lamivudine/Zidovudine 150/300mg, tablets, 60 Tabs",289.63,37742,246077.84,PMO - US,Mylan (formerly Matrix) Nashik,Lamivudine/Zidovudine,6.52,N/A - From RDC,SO-51430,FPQ-16313,05-04-15,ARV,151-NG-T30,02-Jun-15,Air,Adult,60,0.11,SCMS from RDC,N/A - From RDC,3322
83101,DN-2952,Generic,Uganda,02-Feb-13,02-Feb-13,300/300mg,Tablet - FDC,No,See DN-2952 (ID#:82537),From RDC,"Lamivudine/Tenofovir Disoproxil Fumarate 300/300mg, tablets, 30 Tabs",10.28,1525,7335.25,PMO - US,"Cipla, Kurkumbh, India",Lamivudine/Tenofovir Disoproxil Fumarate,4.81,N/A - From RDC,SO-43160,FPQ-10556,8/30/12,ARV,114-UG-T30,02-Feb-13,Air,Adult,30,0.16,SCMS from RDC,N/A - From RDC,See DN-2952 (ID#:82537)
30412,ASN-13663,First Response,Kenya,13-Mar-12,13-Mar-12,MIssing,Test kit,Yes,2644.79,Direct Drop,"HIV 1/2/O, First Response HIV 1-2.0, v.3.0 Cards Kit, 30 Tests",1.64,50,1170.0,PMO - US,Premier Med. Corp Ltd. India,"HIV 1/2/O, First Response HIV 1-2.0, v.3.0 Cards Kit",23.4,1/19/12,SCMS-134420,FPQ-9127,1/13/12,HRDT,102-KE-T30,13-Mar-12,Air,HIV test,30,0.78,Premier Medical Corporation Ltd.,EXW,18
20512,ASN-27544,Generic,Rwanda,22-Aug-14,26-Aug-14,200mg,Capsule,Yes,1950.74,Direct Drop,"Atazanavir 200mg, capsules, 60 Caps",47.87,1411,46563.0,PMO - US,"Emcure Plot No.P-2, I.T-B.T. Park, Phase II, MIDC, Hinjwadi, Pune, India",Atazanavir,33.0,4/29/14,SCMS-235960,FPQ-13853,3/25/14,ARV,107-RW-T30,22-Aug-14,Air,Pediatric,60,0.55,EMCURE PHARMACEUTICALS LTD,EXW,145
35310,ASN-8444,Generic,South Africa,04-Nov-10,04-Nov-10,150mg,Tablet,Yes,4514.06,Direct Drop,"Lamivudine 150mg, tablets, 60 Tabs",402.63,75000,186750.0,PMO - US,"Strides, Bangalore, India.",Lamivudine,2.49,6/17/10,SCMS-75910,FPQ-5648,06-02-10,ARV,161-ZA-T30,04-Nov-10,Ocean,Adult,60,0.04,STRIDES ARCOLAB LIMITED,DDP,3755
77659,ASN-32138,Generic,South Africa,12-May-15,12-May-15,600mg,Tablet,No,Freight Included in Commodity Cost,Direct Drop,"Efavirenz 600mg, tablets, 30 Tabs",0.03,3,33.81,PMO - US,"Aurobindo Unit III, India",Efavirenz,11.27,05-11-15,SCMS-259075,FPQ-14942,09-11-14,ARV,116-ZA-T30,12-May-15,Truck,Adult,30,0.38,PHARMACY DIRECT,DDP,Weight Captured Separately
67244,ASN-24717,Colloidal Gold,Rwanda,27-Mar-14,27-Mar-14,MIssing,Test kit,Yes,26266.34,Direct Drop,"HIV 1/2, SKB Colloidal Gold, Diagnostic Kit, Antibody, 50 Tests",90.56,2988,73206.0,PMO - US,"KHB Test Kit Facility, Shanghai China","HIV 1/2, Colloidal Gold, Diagnostic Kit, Antibody",24.5,08-12-13,SCMS-198222,FPQ-12518,6/21/13,HRDT,107-RW-T30,27-Mar-14,Air,HIV test,1,24.5,"SHANGHAI KEHUA BIOENGINEERING CO.,LTD.  (KHB)",EXW,1992
12737,DN-611,Generic,CÃte dIvoire,19-Feb-08,19-Feb-08,150/200/30mg,Tablet - FDC,No,See DN-611 (ID#:12472),From RDC,"Lamivudine/Nevirapine/Stavudine 150/200/30mg, tablets, 60 Tabs",525.7,44400,328560.0,PMO - US,"Cipla, Goa, India",Lamivudine/Nevirapine/Stavudine,7.4,N/A - From RDC,SO-1663,Pre-PQ Process,Pre-PQ Process,ARV,104-CI-T01,06-Mar-08,Air,Adult,60,0.12,SCMS from RDC,N/A - From RDC,See DN-611 (ID#:12472)
10694,DN-616,Uni-Gold,Namibia,05-Mar-08,05-Mar-08,MIssing,Test kit,Yes,5491.08,From RDC,"HIV 1/2, Uni-Gold HIV Kit, 20 Tests",37.73,737,23584.0,PMO - US,"Trinity Biotech, Plc","HIV 1/2, Uni-Gold HIV Kit",32.0,N/A - From RDC,SO-1131,Pre-PQ Process,Pre-PQ Process,HRDT,119-NA-T01,05-Mar-08,Air,HIV test,20,1.6,SCMS from RDC,N/A - From RDC,231
11570,DN-1008,Generic,Nigeria,17-Nov-08,17-Nov-08,30mg,Capsule,Yes,4984.4,From RDC,"Stavudine 30mg, capsules, 60 Caps",2.88,948,1469.4,PMO - US,"Aurobindo Unit III, India",Stavudine,1.55,N/A - From RDC,SO-2729,Pre-PQ Process,Pre-PQ Process,ARV,112-NG-T01,17-Nov-08,Air,Adult,60,0.03,SCMS from RDC,N/A - From RDC,127
12638,DN-129,Viracept,Zambia,15-May-07,15-May-07,250mg,Tablet,No,See DN-129 (ID#:10818),From RDC,"Nelfinavir (as mesilate) 250mg [Viracept], tablets, 270 Tabs",MIssing,864,70346.88,PMO - US,Roche Madrid,Nelfinavir (as mesilate),81.42,N/A - From RDC,SO-311,Pre-PQ Process,Pre-PQ Process,ARV,110-ZM-T01,15-May-07,MIssing,Adult,270,0.3,SCMS from RDC,N/A - From RDC,See DN-129 (ID#:10818)
62730,ASN-12560,Generic,South Africa,02-Nov-11,02-Nov-11,600mg,Tablet,Yes,10283.25,Direct Drop,"Efavirenz 600mg, tablets, 30 Tabs",971.87,136980,589014.0,PMO - US,"Emcure Plot No.P-2, I.T-B.T. Park, Phase II, MIDC, Hinjwadi, Pune, India",Efavirenz,4.3,3/23/11,SCMS-103690,FPQ-7175,03-10-11,ARV,161-ZA-T30,02-Nov-11,Ocean,Adult,30,0.14,EMCURE PHARMACEUTICALS LTD,DDP,10832
66609,ASN-9407,Generic,Vietnam,09-Feb-11,09-Feb-11,30mg,Capsule,No,See ASN-9407 (ID#:17697),Direct Drop,"Stavudine 30mg, capsules, 60 Caps",45.1,14428,20920.6,PMO - US,Hetero Unit III Hyderabad IN,Stavudine,1.45,10/18/10,SCMS-87770,FPQ-6384,9/30/10,ARV,108-VN-T30,09-Feb-11,Air,Adult,60,0.02,HETERO LABS LIMITED,EXW,See ASN-9407 (ID#:17697)
25752,ASN-6750,Generic,South Africa,11-Jun-10,11-Jun-10,300mg,Tablet,Yes,3908.55,Direct Drop,"Tenofovir Disoproxil Fumarate 300mg, tablets, 30 Tabs",655.68,38890,304119.8,PMO - US,"Cipla, Goa, India",Tenofovir Disoproxil Fumarate,7.82,3/19/10,SCMS-68710,FPQ-5303,3/18/10,ARV,161-ZA-T30,11-Jun-10,Air,Adult,30,0.26,CIPLA LIMITED,DDP,2649
59624,ASN-24433,Generic,South Africa,07-Feb-14,07-Feb-14,250mg,Delayed-release capsules,No,Freight Included in Commodity Cost,Direct Drop,"Didanosine 250mg, delayed-release capsules, 30 Caps",0.1,5,84.1,PMO - US,"Aurobindo Unit III, India",Didanosine,16.82,8/13/13,SCMS-199280,FPQ-12522,07-11-13,ARV,116-ZA-T30,07-Feb-14,Truck,Adult,30,0.56,S. BUYS WHOLESALER,DDP,Weight Captured Separately
54045,ASN-7337,Norvir,Vietnam,02-Aug-10,02-Aug-10,100mg,Capsule,Yes,5795.92,Direct Drop,"Ritonavir 100mg [Norvir], capsules, cool, 4 x 84 Caps",13.23,20,6137.6,PMO - US,ABBVIE (Abbott) Logis. UK,Ritonavir,306.88,3/31/10,SCMS-68700,FPQ-5094,3/15/10,ARV,108-VN-T30,02-Aug-10,Air,Adult,336,0.91,ABBVIE LOGISTICS (FORMERLY ABBOTT LOGISTICS BV),FCA,57
83567,DN-2523,Generic,"Congo, DRC",22-Mar-12,22-Mar-12,150mg,Tablet,Yes,491.42,From RDC,"Lamivudine 150mg, tablets, 60 Tabs",0.22,67,156.11,PMO - US,Hetero Unit III Hyderabad IN,Lamivudine,2.33,N/A - From RDC,SO-41381,FPQ-8840,11/21/11,ARV,101-CD-T30,22-Mar-12,Air,Adult,60,0.04,SCMS from RDC,N/A - From RDC,4
72047,ASN-27975,Generic,South Africa,27-Aug-14,27-Aug-14,600mg,Tablet,No,Freight Included in Commodity Cost,Direct Drop,"Efavirenz 600mg, tablets, 30 Tabs",0.02,1,16.73,PMO - US,Hetero Unit III Hyderabad IN,Efavirenz,16.73,8/27/14,SCMS-199283,FPQ-12522,07-11-13,ARV,116-ZA-T30,27-Aug-14,Truck,Adult,30,0.56,S. BUYS WHOLESALER,DDP,Weight Captured Separately
45248,ASN-24474,Uni-Gold,Mozambique,02-Apr-14,11-Apr-14,MIssing,Test kit,Yes,10780.63,Direct Drop,"HIV 1/2, Uni-Gold HIV Kit, 20 Tests",186.62,5673,181536.0,PMO - US,"Trinity Biotech, Plc","HIV 1/2, Uni-Gold HIV Kit",32.0,11-12-13,SCMS-211550,FPQ-13093,10/15/13,HRDT,111-MZ-T30,02-Apr-14,Air,HIV test,20,1.6,"Trinity Biotech, Plc",EXW,1674
1066,ASN-3623,Generic,South Africa,03-Dec-08,03-Dec-08,10mg/ml,Oral solution,No,Freight Included in Commodity Cost,Direct Drop,"Zidovudine 10mg/ml, oral solution, Bottle, 240 ml",7.03,1008,3588.48,PMO - US,"Aurobindo Unit III, India",Zidovudine,3.56,Date Not Captured,SCMS-41040,Pre-PQ Process,Pre-PQ Process,ARV,116-ZA-T01,07-Apr-09,Air,Pediatric,240,0.01,S. BUYS WHOLESALER,DDP,Weight Captured Separately
19514,ASN-28021,Generic,South Africa,28-Aug-14,28-Aug-14,150/300mg,Tablet - FDC,No,Freight Included in Commodity Cost,Direct Drop,"Lamivudine/Zidovudine 150/300mg, tablets, 60 Tabs",0.51,16,499.07,PMO - US,"Aurobindo Unit III, India",Lamivudine/Zidovudine,31.19,8/28/14,SCMS-238553,FPQ-13973,4/30/14,ARV,116-ZA-T30,28-Aug-14,Truck,Adult,60,0.52,PHARMACY DIRECT,DDP,Weight Captured Separately
71012,ASN-5830,Determine,Botswana,03-Mar-10,03-Mar-10,MIssing,Test kit,Yes,690.02,Direct Drop,"HIV 1/2, Determine HIV Kit, without Lancets, 100 Tests",1.1,8,560.0,PMO - US,Inverness Japan,"HIV 1/2, Determine HIV Kit, without Lancets",70.0,9/29/09,SCMS-54010,FPQ-4167,09-09-09,HRDT,144-BW-T30,03-Mar-10,Air,HIV test,100,0.7,"Orgenics, Ltd",EXW,3
28601,ASN-30187,Colloidal Gold,Haiti,20-Feb-15,23-Feb-15,MIssing,Test kit,Yes,3087.68,Direct Drop,"HIV 1/2, SKB Colloidal Gold, Diagnostic Kit, Antibody, 50 Tests",10.07,400,9800.0,PMO - US,"KHB Test Kit Facility, Shanghai China","HIV 1/2, Colloidal Gold, Diagnostic Kit, Antibody",24.5,2/19/14,SCMS-225424,FPQ-13494,1/21/14,HRDT,106-HT-T30,20-Feb-15,Air,HIV test,1,24.5,"SHANGHAI KEHUA BIOENGINEERING CO.,LTD.  (KHB)",EXW,253
64304,ASN-24980,Determine,Haiti,14-Apr-14,14-Apr-14,MIssing,Test kit,Yes,15537.04,Direct Drop,"HIV 1/2, Determine Complete HIV Kit, 100 Tests",411.2,4000,400000.0,PMO - US,"Alere Medical Co., Ltd.","HIV 1/2, Determine Complete HIV Kit",100.0,2/19/14,SCMS-225410,FPQ-13494,1/21/14,HRDT,106-HT-T30,14-Apr-14,Air,HIV test,100,1.0,"Orgenics, Ltd",EXW,1624
86267,DN-1649,Generic,Uganda,23-Dec-09,23-Dec-09,300mg,Tablet,Yes,Invoiced Separately,From RDC,"Zidovudine 300mg, tablets, 60 Tabs",0.1,6,45.18,PMO - US,"Aurobindo Unit III, India",Zidovudine,7.53,N/A - From RDC,SO-35850,FPQ-4497,10/28/09,ARV,114-UG-T30,20-May-10,Air,Adult,60,0.13,SCMS from RDC,N/A - From RDC,Weight Captured Separately
46209,ASN-4976,Determine,Rwanda,27-Oct-09,27-Oct-09,MIssing,Test kit,Yes,46638.41,Direct Drop,"HIV 1/2, Determine HIV Kit, without Lancets, 100 Tests",697.52,5084,355880.0,PMO - US,Inverness Japan,"HIV 1/2, Determine HIV Kit, without Lancets",70.0,8/18/09,SCMS-51680,FPQ-4032,08-05-09,HRDT,107-RW-T30,27-Oct-09,Air,HIV test,100,0.7,"Orgenics, Ltd",EXW,1153
83715,DN-3308,Generic,Tanzania,18-Sep-13,18-Sep-13,10mg/ml,Oral suspension,Yes,3524,From RDC,"Nevirapine 10mg/ml, oral suspension w/syringe, Bottle, 240 ml",5.99,2191,4272.45,PMO - US,"Aurobindo Unit III, India",Nevirapine,1.95,N/A - From RDC,SO-43141,FPQ-10551,8/31/12,ARV,109-TZ-T30,15-Oct-13,Truck,Pediatric,240,0.01,SCMS from RDC,N/A - From RDC,823
78846,ASN-14647,Uni-Gold,Tanzania,13-Jul-12,13-Jul-12,MIssing,Test kit,Yes,31491.23,Direct Drop,"HIV 1/2, Uni-Gold HIV Kit, 20 Tests",414.99,9250,296000.0,PMO - US,"Trinity Biotech, Plc","HIV 1/2, Uni-Gold HIV Kit",32.0,02-03-12,SCMS-136830,FPQ-9259,1/27/12,HRDT,109-TZ-T30,13-Jul-12,Air,HIV test,20,1.6,"Trinity Biotech, Plc",EXW,3058
82512,DN-2859,Generic,Rwanda,18-Oct-12,18-Oct-12,300/300mg,Tablet - FDC,Yes,23249.47,From RDC,"Lamivudine/Tenofovir Disoproxil Fumarate 300/300mg, tablets, 30 Tabs",282.64,36390,201600.6,PMO - US,Mylan (formerly Matrix) Nashik,Lamivudine/Tenofovir Disoproxil Fumarate,5.54,N/A - From RDC,SO-42100,FPQ-9888,05-11-12,ARV,107-RW-T30,19-Oct-12,Air,Adult,30,0.18,SCMS from RDC,N/A - From RDC,3863
85893,DN-2816,Generic,CÃte dIvoire,27-Aug-12,27-Aug-12,150/300mg,Tablet - FDC,No,See DN-2816 (ID#:84747),From RDC,"Lamivudine/Zidovudine 150/300mg, tablets, 60 Tabs",631.87,58380,450693.6,PMO - US,Mylan (formerly Matrix) Nashik,Lamivudine/Zidovudine,7.72,N/A - From RDC,SO-41360,FPQ-9063,12/21/11,ARV,104-CI-T30,02-Oct-12,Truck,Adult,60,0.13,SCMS from RDC,N/A - From RDC,See DN-2816 (ID#:84747)
6081,ASN-3312,Generic,Vietnam,27-Feb-09,27-Feb-09,150mg,Tablet,Yes,3894.21,Direct Drop,"Lamivudine 150mg, tablets, 60 Tabs",32.77,6966,16718.4,PMO - US,"Aurobindo Unit III, India",Lamivudine,2.4,10/21/08,SCMS-31720,Pre-PQ Process,Pre-PQ Process,ARV,108-VN-T01,27-Feb-09,Air,Adult,60,0.04,Aurobindo Pharma Limited,EXW,1068
82414,DN-2394,Generic,Nigeria,14-Oct-11,14-Oct-11,300/300mg,Tablet - FDC,Yes,21326.73,From RDC,"Lamivudine/Tenofovir Disoproxil Fumarate 300/300mg, tablets, 30 Tabs",314.14,24346,190385.72,PMO - US,Mylan (formerly Matrix) Nashik,Lamivudine/Tenofovir Disoproxil Fumarate,7.82,N/A - From RDC,SO-40722,FPQ-7812,06-06-11,ARV,151-NG-T30,05-Dec-11,Air Charter,Adult,30,0.26,SCMS from RDC,N/A - From RDC,2391
10580,DN-265,Generic,CÃte dIvoire,17-Aug-07,17-Aug-07,150mg,Tablet,Yes,2731.58,From RDC,"Lamivudine 150mg, tablets, 60 Tabs",15.3,3145,9560.8,PMO - US,"Aurobindo Unit III, India",Lamivudine,3.04,N/A - From RDC,SO-816,Pre-PQ Process,Pre-PQ Process,ARV,104-CI-T01,17-Aug-07,Air,Adult,60,0.05,SCMS from RDC,N/A - From RDC,206
82941,DN-2125,Generic,Zambia,05-Apr-11,05-Apr-11,150/300mg,Tablet - FDC,Yes,4471.07,From RDC,"Lamivudine/Zidovudine 150/300mg, tablets, 60 Tabs",460.84,25000,213750.0,PMO - US,"Aurobindo Unit III, India",Lamivudine/Zidovudine,8.55,N/A - From RDC,SO-37950,FPQ-6221,8/20/10,ARV,110-ZM-T30,31-Mar-11,Truck,Adult,60,0.14,SCMS from RDC,N/A - From RDC,2565
7968,ASN-130,Crixivan,Zambia,08-Jan-07,08-Jan-07,400mg,Capsule,No,Freight Included in Commodity Cost,Direct Drop,"Indinavir 400mg [Crixivan], capsules, 180 Caps",MIssing,1307,64461.24,PMO - US,MSD Elkton USA,Indinavir,49.32,Date Not Captured,SCMS-139,Pre-PQ Process,Pre-PQ Process,ARV,110-ZM-T01,08-Jan-07,Air,Adult,180,0.27,MERCK SHARP & DOHME IDEA GMBH (FORMALLY MERCK SHARP & DOHME B.V.),DDU,Weight Captured Separately
84242,DN-3095,Generic,Zambia,15-Apr-13,15-Apr-13,600/200/300mg,Tablet - FDC,Yes,33770.41,From RDC,"Efavirenz/Emtricitabine/Tenofovir Disoproxil Fumarate 600/200/300mg, tablets, 30 Tabs",4319.18,225035,3080729.15,PMO - US,Mylan (formerly Matrix) Nashik,Efavirenz/Emtricitabine/Tenofovir Disoproxil Fumarate,13.69,N/A - From RDC,SO-43450,FPQ-10728,10-05-12,ARV,110-ZM-T30,30-Apr-13,Truck,Adult,30,0.46,SCMS from RDC,N/A - From RDC,25504
37624,ASN-32231,Determine,"Congo, DRC",23-Jul-15,29-Jul-15,MIssing,Test kit,No,See ASN-32231 (ID#:13648),Direct Drop,"HIV 1/2, Determine Complete HIV Kit, 100 Tests",73.07,776,62080.0,PMO - US,"Alere Medical Co., Ltd.","HIV 1/2, Determine Complete HIV Kit",80.0,3/17/15,SCMS-280220,FPQ-16001,03-10-15,HRDT,101-CD-T30,23-Jul-15,Air,HIV test,100,0.8,"Orgenics, Ltd",EXW,See ASN-32231 (ID#:13648)
74838,ASN-5633,Coartem,Nigeria,06-Jan-10,06-Jan-10,20/120mg,Tablet - FDC + blister,Yes,8423.76,Direct Drop,"Artemether/Lumefantrine 20/120mg [Coartem], scored tablets, Blister 30 x 18 Tabs",2.37,30,1207.5,PMO - US,"Novartis Pharma AG, Switzerland",Artemether/Lumefantrine,40.25,10-07-09,SCMS-54540,FPQ-4151,9/18/09,ACT,112-NG-T30,06-Jan-10,Air,ACT,540,0.07,IDA FOUNDATION,EXW,1295
52049,ASN-11121,Determine,Kenya,08-Jul-11,08-Jul-11,MIssing,Test kit,Yes,31923.61,Direct Drop,"HIV 1/2, Determine Complete HIV Kit, 100 Tests",1468.5,10000,890000.0,PMO - US,Inverness Japan,"HIV 1/2, Determine Complete HIV Kit",89.0,4/21/11,SCMS-106790,FPQ-7498,3/30/11,HRDT,102-KE-T30,08-Jul-11,Air,HIV test,100,0.89,"Orgenics, Ltd",EXW,2951
6415,ASN-4304,Generic,South Africa,08-Apr-09,08-Apr-09,10mg/ml,Oral solution,No,Freight Included in Commodity Cost,Direct Drop,"Zidovudine 10mg/ml, oral solution, Bottle, 240 ml",14.21,1200,7248.0,PMO - US,"Aurobindo Unit III, India",Zidovudine,6.04,3/27/09,SCMS-41582,Pre-PQ Process,Pre-PQ Process,ARV,116-ZA-T01,25-Jun-09,Air,Pediatric,240,0.03,S. BUYS WHOLESALER,DDP,Weight Captured Separately
86660,DN-3580,Generic,Mozambique,14-Apr-14,17-Apr-14,600mg,Tablet,No,See DN-3580 (ID#:83772),From RDC,"Efavirenz 600mg, tablets, 30 Tabs",147.2,43000,143190.0,PMO - US,"Cipla, Goa, India",Efavirenz,3.33,N/A - From RDC,SO-47083,FPQ-13123,10/21/13,ARV,111-MZ-T30,15-Apr-14,Truck,Adult,30,0.11,SCMS from RDC,N/A - From RDC,See DN-3580 (ID#:83772)
82909,DN-1964,Generic,Haiti,23-Aug-10,23-Aug-10,15mg,Capsule,No,See DN-1964 (ID#:82908),From RDC,"Stavudine 15mg, capsules, 60 Caps",1.09,336,504.0,PMO - US,"Aurobindo Unit III, India",Stavudine,1.5,N/A - From RDC,SO-36760,FPQ-5523,4/19/10,ARV,106-HT-T30,10-Aug-10,Air,Adult,60,0.02,SCMS from RDC,N/A - From RDC,See DN-1964 (ID#:82908)
46590,ASN-7284,Generic,Vietnam,21-Jul-10,21-Jul-10,600mg,Tablet,Yes,13241.08,Direct Drop,"Efavirenz 600mg, tablets, 30 Tabs",587.96,63421,272710.3,PMO - US,Mylan (formerly Matrix) Nashik,Efavirenz,4.3,3/24/10,SCMS-68580,FPQ-5094,3/15/10,ARV,108-VN-T30,21-Jul-10,Air,Adult,30,0.14,MYLAN LABORATORIES LTD (FORMERLY MATRIX LABORATORIES),EXW,5101
83997,DN-1784,Generic,Nigeria,18-May-10,18-May-10,300mg,Tablet,Yes,9736.1,From RDC,"Zidovudine 300mg, tablets, 60 Tabs",160.47,9924,74430.0,PMO - US,"Aurobindo Unit III, India",Zidovudine,7.5,N/A - From RDC,SO-35090,FPQ-4537,11-06-09,ARV,151-NG-T30,31-May-10,Air Charter,Adult,60,0.12,SCMS from RDC,N/A - From RDC,544
38510,ASN-32682,Generic,Haiti,13-Aug-15,14-Aug-15,150/300/200mg,Tablet - FDC,Yes,Invoiced Separately,Direct Drop,"Lamivudine/Nevirapine/Zidovudine 150/200/300mg, tablets, 60 Tabs",529.46,55536,449841.6,PMO - US,"Hetero, Jadcherla, unit 5, IN",Lamivudine/Nevirapine/Zidovudine,8.1,5/27/15,SCMS-288890,FPQ-16241,05-05-15,ARV,106-HT-T30,13-Aug-15,Ocean,Adult,60,0.13,HETERO LABS LIMITED,EXW,Weight Captured Separately
84576,DN-1924,Generic,Nigeria,28-Jun-10,28-Jun-10,150/300mg+600mg,Tablet - FDC + co-blister,Yes,Freight Included in Commodity Cost,From RDC,"Lamivudine/Zidovudine+Efavirenz 150/300mg+600mg, tablets, co-blister 60+30 Tabs",3.94,87,1827.0,PMO - US,"Aurobindo Unit III, India",Lamivudine/Zidovudine+Efavirenz,21.0,N/A - From RDC,SO-36530,FPQ-5023,02-10-10,ARV,151-NG-T30,15-Jul-10,Air,Adult,90,0.23,SCMS from RDC,N/A - From RDC,42
25782,ASN-27809,Generic,Vietnam,16-Sep-14,01-Oct-14,300mg,Tablet,No,See ASN-27809 (ID#:13106),Direct Drop,"Abacavir 300mg, tablets, 60 Tabs",7.06,600,6870.0,PMO - US,Hetero Unit III Hyderabad IN,Abacavir,11.45,4/30/14,SCMS-236120,FPQ-13976,04-08-14,ARV,108-VN-T30,16-Sep-14,Air,Adult,60,0.19,HETERO LABS LIMITED,EXW,See ASN-27809 (ID#:13106)
11246,DN-686,Determine,Haiti,03-Apr-08,03-Apr-08,MIssing,Test kit,No,See DN-686 (ID#:10691),From RDC,"HIV 1/2, Determine HIV Kit, without Lancets, 100 Tests",1.15,10,720.0,PMO - US,Inverness Japan,"HIV 1/2, Determine HIV Kit, without Lancets",72.0,N/A - From RDC,SO-1291,Pre-PQ Process,Pre-PQ Process,HRDT,125-HT-T01,03-Apr-08,Air,HIV test,100,0.72,SCMS from RDC,N/A - From RDC,See DN-686 (ID#:10691)
82317,DN-1805,Generic,Nigeria,18-May-10,18-May-10,600/200/300mg,Tablet - FDC,Yes,9736.1,From RDC,"Efavirenz/Emtricitabine/Tenofovir Disoproxil Fumarate 600/200/300mg, tablets, 30 Tabs",1288.43,30000,597600.0,PMO - US,Mylan (formerly Matrix) Nashik,Efavirenz/Emtricitabine/Tenofovir Disoproxil Fumarate,19.92,N/A - From RDC,SO-35020,FPQ-4537,11-06-09,ARV,151-NG-T30,31-May-10,Air Charter,Adult,30,0.66,SCMS from RDC,N/A - From RDC,3289
12611,DN-1432,Generic,Zambia,02-Oct-09,02-Oct-09,150/300mg,Tablet - FDC,No,See DN-1432 (ID#:12320),From RDC,"Lamivudine/Zidovudine 150/300mg, tablets, 60 Tabs",1915.06,111538,977072.88,PMO - US,"Aurobindo Unit III, India",Lamivudine/Zidovudine,8.76,N/A - From RDC,SO-32850,Pre-PQ Process,Date Not Captured,ARV,110-ZM-T01,02-Oct-09,Truck,Adult,60,0.15,SCMS from RDC,N/A - From RDC,See DN-1432 (ID#:12320)
85018,DN-4144,Generic,Burundi,28-Feb-15,05-Mar-15,600/300/300mg,Tablet - FDC,No,See DN-4144 (ID#:82781),From RDC,"Efavirenz/Lamivudine/Tenofovir Disoproxil Fumarate 600/300/300mg, tablets, 30 Tabs",105.76,9360,89856.0,PMO - US,Mylan (formerly Matrix) Nashik,Efavirenz/Lamivudine/Tenofovir Disoproxil Fumarate,9.6,N/A - From RDC,SO-50270,FPQ-15406,11/19/14,ARV,102-BI-T30,27-Feb-15,Air,Adult,30,0.32,SCMS from RDC,N/A - From RDC,See DN-4144 (ID#:82781)
83232,DN-3624,Generic,Mozambique,03-Jun-14,11-Jun-14,300/300mg,Tablet - FDC,Yes,Freight Included in Commodity Cost,From RDC,"Lamivudine/Tenofovir Disoproxil Fumarate 300/300mg, tablets, 30 Tabs",16.74,3464,16280.8,PMO - US,Hetero Unit III Hyderabad IN,Lamivudine/Tenofovir Disoproxil Fumarate,4.7,N/A - From RDC,SO-47051,FPQ-13124,10/21/13,ARV,111-MZ-T30,30-Jun-14,Truck,Adult,30,0.16,SCMS from RDC,N/A - From RDC,359
12649,DN-82,Generic,CÃte dIvoire,30-Apr-07,30-Apr-07,150/200/30mg,Tablet - FDC,Yes,3166,From RDC,"Lamivudine/Nevirapine/Stavudine 150/200/30mg, tablets, 60 Tabs",MIssing,9000,67500.0,PMO - US,"Cipla, Goa, India",Lamivudine/Nevirapine/Stavudine,7.5,N/A - From RDC,SO-432,Pre-PQ Process,Pre-PQ Process,ARV,100-CI-T01,30-Apr-07,MIssing,Adult,60,0.12,SCMS from RDC,N/A - From RDC,974
73360,ASN-5131,Generic,Vietnam,26-Oct-09,26-Oct-09,250mg,Delayed-release capsules,No,See ASN-5131 (ID#:25886),Direct Drop,"Didanosine 250mg, delayed-release capsules, 30 Caps",4.59,180,2340.0,PMO - US,"Aurobindo Unit III, India",Didanosine,13.0,6/26/09,SCMS-48270,FPQ-3896,6/25/09,ARV,108-VN-T30,26-Oct-09,Air,Adult,30,0.43,Aurobindo Pharma Limited,EXW,See ASN-5131 (ID#:25886)
84869,DN-3425,Generic,Guyana,02-Dec-13,20-Dec-13,10mg/ml,Oral solution,No,See DN-3425 (ID#:82618),From RDC,"Zidovudine 10mg/ml, oral solution w/syringe, Bottle, 240 ml",0.58,225,472.5,PMO - US,"Aurobindo Unit III, India",Zidovudine,2.1,N/A - From RDC,SO-46090,FPQ-12619,7/16/13,ARV,105-GY-T30,31-Dec-13,Air,Pediatric,240,0.01,SCMS from RDC,N/A - From RDC,See DN-3425 (ID#:82618)
66218,ASN-5907,Norvir,South Africa,29-Dec-09,29-Dec-09,80mg/ml,Oral solution,No,Freight Included in Commodity Cost,Direct Drop,"Ritonavir 80mg/ml [Norvir], oral solution, cool, Bottle, 90 ml",0.1,5,46.16,PMO - US,ABBVIE (Abbott) France,Ritonavir,9.23,12/23/09,SCMS-60190,FPQ-4770,12/17/09,ARV,116-ZA-T30,29-Dec-09,Truck,Pediatric,90,0.1,S. BUYS WHOLESALER,DDP,Weight Captured Separately
81477,ASN-8901,Generic,South Africa,03-Dec-10,03-Dec-10,150mg,Tablet,Yes,6012.42,Direct Drop,"Lamivudine 150mg, tablets, 60 Tabs",391.31,75000,181500.0,PMO - US,"Aurobindo Unit III, India",Lamivudine,2.42,6/17/10,SCMS-76020,FPQ-5648,06-02-10,ARV,161-ZA-T30,03-Dec-10,Ocean,Adult,60,0.04,Aurobindo Pharma Limited,DDP,2915
11367,DN-25,Viread,Rwanda,17-Mar-07,17-Mar-07,300mg,Tablet,Yes,12205.4,From RDC,"Tenofovir Disoproxil Fumarate 300mg [Viread], tablets, 30 Tabs",MIssing,4000,68000.0,PMO - US,Gilead(Nycomed) Oranienburg DE,Tenofovir Disoproxil Fumarate,17.0,N/A - From RDC,SO-308,Pre-PQ Process,Pre-PQ Process,ARV,107-RW-T01,17-Mar-07,Air,Adult,30,0.57,SCMS from RDC,N/A - From RDC,256
11954,DN-988,Generic,CÃte dIvoire,01-Dec-08,01-Dec-08,600mg,Tablet,No,See DN-988 (ID#:11022),From RDC,"Efavirenz 600mg, tablets, 30 Tabs",704.16,30654,359264.88,PMO - US,"Aurobindo Unit III, India",Efavirenz,11.72,N/A - From RDC,SO-11850,Pre-PQ Process,Pre-PQ Process,ARV,104-CI-T01,01-Dec-08,Air,Adult,30,0.39,SCMS from RDC,N/A - From RDC,See DN-988 (ID#:11022)
84303,DN-3399,Generic,Rwanda,29-Nov-13,23-Dec-13,150/300/200mg,Tablet - FDC,Yes,13380.52,From RDC,"Lamivudine/Nevirapine/Zidovudine 150/200/300mg, tablets, 60 Tabs",950.12,89520,768081.6,PMO - US,"Aurobindo Unit III, India",Lamivudine/Nevirapine/Zidovudine,8.58,N/A - From RDC,SO-45400,FPQ-12190,05-06-13,ARV,107-RW-T30,29-Nov-13,Truck,Adult,60,0.14,SCMS from RDC,N/A - From RDC,10238
73335,ASN-31318,Uni-Gold,Nigeria,15-Apr-15,23-Apr-15,MIssing,Test kit,Yes,13771.63,Direct Drop,"HIV 1/2, Uni-Gold HIV Kit, 20 Tests",252.5,6704,214528.0,PMO - US,"Trinity Biotech, Plc","HIV 1/2, Uni-Gold HIV Kit",32.0,1/28/15,SCMS-270751,FPQ-15504,12-08-14,HRDT,133-NG-T30,15-Apr-15,Air,HIV test,20,1.6,"Trinity Biotech, Plc",EXW,2134
12030,DN-41,Generic,Zambia,29-Mar-07,29-Mar-07,300mg,Tablet,Yes,7441.23,From RDC,"Abacavir 300mg, tablets, 60 Tabs",MIssing,3334,118357.0,PMO - US,"Aurobindo Unit III, India",Abacavir,35.5,N/A - From RDC,SO-229,Pre-PQ Process,Pre-PQ Process,ARV,110-ZM-T01,29-Mar-07,MIssing,Adult,60,0.59,SCMS from RDC,N/A - From RDC,161
25886,ASN-5131,Generic,Vietnam,26-Oct-09,26-Oct-09,150/300/200mg,Tablet - FDC,Yes,5018.69,Direct Drop,"Lamivudine/Nevirapine/Zidovudine 150/200/300mg, tablets, 60 Tabs",185.76,8500,94775.0,PMO - US,"Aurobindo Unit III, India",Lamivudine/Nevirapine/Zidovudine,11.15,6/26/09,SCMS-48270,FPQ-3896,6/25/09,ARV,108-VN-T30,26-Oct-09,Air,Adult,60,0.19,Aurobindo Pharma Limited,EXW,3099
84235,DN-3048,Generic,Zimbabwe,23-Mar-13,23-Mar-13,300/300mg,Tablet - FDC,Yes,49580.17,From RDC,"Lamivudine/Tenofovir Disoproxil Fumarate 300/300mg, tablets, 30 Tabs",325.96,49467,232494.9,PMO - US,Hetero Unit III Hyderabad IN,Lamivudine/Tenofovir Disoproxil Fumarate,4.7,N/A - From RDC,SO-43212,FPQ-10632,09-11-12,ARV,113-ZW-T30,15-Apr-13,Truck,Adult,30,0.16,SCMS from RDC,N/A - From RDC,8615
24766,ASN-7373,Viread,South Africa,31-May-10,31-May-10,300mg,Tablet,No,Freight Included in Commodity Cost,Direct Drop,"Tenofovir Disoproxil Fumarate 300mg [Viread], tablets, 30 Tabs",74.66,1200,34631.24,PMO - US,"Aspen-OSD, Port Elizabeth, SA",Tenofovir Disoproxil Fumarate,28.86,4/21/10,SCMS-71370,FPQ-5535,4/19/10,ARV,116-ZA-T30,31-May-10,Truck,Adult,30,0.96,S. BUYS WHOLESALER,DDP,Weight Captured Separately
86134,DN-3912,Generic,Nigeria,03-Sep-14,05-Sep-14,30/6mg,Chewable/dispersible tablet - FDC,Yes,3963,From RDC,"Lamivudine/Stavudine 30/6mg, dispersible tablets, 60 Tabs",20.28,10383,19727.7,PMO - US,"Cipla, Goa, India",Lamivudine/Stavudine,1.9,N/A - From RDC,SO-47288,FPQ-13293,11/19/13,ARV,151-NG-T30,30-Sep-14,Air Charter,Pediatric,60,0.03,SCMS from RDC,N/A - From RDC,767
22843,ASN-29593,Norvir,Vietnam,16-Jan-15,24-Feb-15,100mg,Tablet,Yes,Invoiced Separately,Direct Drop,"Ritonavir 100mg [Norvir], film coated tablets, 30 Tabs",4.78,200,4652.0,PMO - US,ABBVIE Ludwigshafen Germany,Ritonavir,23.26,08-11-14,SCMS-249141,FPQ-14516,07-09-14,ARV,108-VN-T30,16-Jan-15,Air,Adult,30,0.78,ABBVIE LOGISTICS (FORMERLY ABBOTT LOGISTICS BV),FCA,Weight Captured Separately
43714,ASN-15953,Determine,Nigeria,30-Aug-12,30-Aug-12,MIssing,Test kit,Yes,86928.23,Direct Drop,"HIV 1/2, Determine Complete HIV Kit, 100 Tests",1016.82,8149,725261.0,PMO - US,"Alere Medical Co., Ltd.","HIV 1/2, Determine Complete HIV Kit",89.0,05-03-12,SCMS-144200,FPQ-9599,3/27/12,HRDT,133-NG-T30,01-Aug-12,Air,HIV test,100,0.89,"Orgenics, Ltd",EXW,3886
82792,DN-4216,Generic,Uganda,22-Apr-15,24-Apr-15,30/60mg,Chewable/dispersible tablet - FDC,Yes,Freight Included in Commodity Cost,From RDC,"Lamivudine/Zidovudine 30/60mg, dispersible tablets, 60 Tabs",13.56,6000,11520.0,PMO - US,"Mylan,  H-12 & H-13, India",Lamivudine/Zidovudine,1.92,N/A - From RDC,SO-50080,FPQ-15294,11-03-14,ARV,114-UG-T30,30-Apr-15,Truck,Pediatric,60,0.03,SCMS from RDC,N/A - From RDC,11732
61186,ASN-33852,Generic,South Africa,24-Aug-15,24-Aug-15,200/300mg,Tablet - FDC,No,Freight Included in Commodity Cost,Direct Drop,"Emtricitabine/Tenofovir Disoproxil Fumarate 200/300mg, tablets, 30 Tabs",0.24,10,234.38,PMO - US,"Aurobindo Unit III, India",Emtricitabine/Tenofovir Disoproxil Fumarate,23.44,10-09-14,SCMS-259079,FPQ-14942,09-11-14,ARV,116-ZA-T30,24-Aug-15,Truck,Adult,30,0.78,PHARMACY DIRECT,DDP,Weight Captured Separately
4025,ASN-652,Zerit,CÃte dIvoire,27-Aug-07,27-Aug-07,20mg,Capsule,Yes,Freight Included in Commodity Cost,Direct Drop,"Stavudine 20mg [Zerit], capsules, 60 Caps",10.48,1161,6548.04,PMO - US,"BMS Meymac, France",Stavudine,5.64,07-11-07,SCMS-785,Pre-PQ Process,Pre-PQ Process,ARV,104-CI-T01,27-Aug-07,Air,Adult,60,0.09,BRISTOL-MYERS SQUIBB,CIP,Weight Captured Separately
10656,DN-481,Determine,Zambia,15-Jan-08,15-Jan-08,MIssing,Test kit,Yes,2292.6,From RDC,"HIV 1/2, Determine HIV Kit, without Lancets, 100 Tests",241.89,2100,151179.0,PMO - US,Inverness Japan,"HIV 1/2, Determine HIV Kit, without Lancets",71.99,N/A - From RDC,SO-783,Pre-PQ Process,Pre-PQ Process,HRDT,110-ZM-T01,15-Jan-08,MIssing,HIV test,100,0.72,SCMS from RDC,N/A - From RDC,498
4949,ASN-4381,Aluvia,Tanzania,11-Aug-09,11-Aug-09,200/50mg,Tablet,Yes,12620.12,Direct Drop,"Lopinavir/Ritonavir 200/50mg [Aluvia], tablets, 120 Tabs",860.34,10680,438948.0,PMO - US,ABBVIE Ludwigshafen Germany,Lopinavir/Ritonavir,41.1,02-05-09,SCMS-38410,Pre-PQ Process,Pre-PQ Process,ARV,109-TZ-T01,11-Aug-09,Air,Adult,120,0.34,ABBVIE LOGISTICS (FORMERLY ABBOTT LOGISTICS BV),FCA,2724
85476,DN-3706,Generic,CÃte dIvoire,04-Jun-14,10-Jul-14,600mg,Tablet,No,See DN-3706 (ID#:82676),From RDC,"Efavirenz 600mg, tablets, 30 Tabs",116.72,25000,83250.0,PMO - US,"Strides, Bangalore, India.",Efavirenz,3.33,N/A - From RDC,SO-43370,FPQ-10633,09-11-12,ARV,104-CI-T30,30-Jun-14,Truck,Adult,30,0.11,SCMS from RDC,N/A - From RDC,See DN-3706 (ID#:82676)
45644,ASN-26338,Generic,CÃte dIvoire,20-Jun-14,25-Jun-14,250mg,Delayed-release capsules,Yes,1789.85,Direct Drop,"Didanosine 250mg, delayed-release capsules, 30 Caps",15.58,2000,15160.0,PMO - US,"Aurobindo Unit III, India",Didanosine,7.58,03-03-14,SCMS-228880,FPQ-13622,1/23/14,ARV,104-CI-T30,20-Jun-14,Air,Adult,30,0.25,Aurobindo Pharma Limited,EXW,150
85388,DN-3234,Generic,Burundi,23-Aug-13,23-Aug-13,10mg/ml,Oral solution,Yes,4674.58,From RDC,"Lamivudine 10mg/ml, oral solution w/syringe, Bottle, 240 ml",2.12,927,1714.95,PMO - US,"Aurobindo Unit III, India",Lamivudine,1.85,N/A - From RDC,SO-45180,FPQ-12065,4/22/13,ARV,102-BI-T30,09-Jul-13,Air,Pediatric,240,0.01,SCMS from RDC,N/A - From RDC,891
12929,ASN-5901,Determine,Kenya,19-Feb-10,19-Feb-10,MIssing,Test kit,Yes,10083.69,Direct Drop,"HIV 1/2, Determine Complete HIV Kit, 100 Tests",0.17,1,80.0,PMO - US,Inverness Japan,"HIV 1/2, Determine Complete HIV Kit",80.0,12-02-09,SCMS-58380,FPQ-4587,11/18/09,HRDT,102-KE-T30,16-Feb-10,Air,HIV test,100,0.8,"Orgenics, Ltd",EXW,1028
12181,DN-840,Generic,Nigeria,03-Aug-08,03-Aug-08,300mg,Tablet,No,See DN-840 (ID#:12179),From RDC,"Abacavir 300mg, tablets, 60 Tabs",0.17,4,105.2,PMO - US,Mylan (formerly Matrix) Nashik,Abacavir,26.3,N/A - From RDC,SO-10030,Pre-PQ Process,Pre-PQ Process,ARV,112-NG-T01,03-Aug-08,Air,Adult,60,0.44,SCMS from RDC,N/A - From RDC,See DN-840 (ID#:12179)
772,ASN-3653,Atripla,Nigeria,08-Apr-09,08-Apr-09,600/200/300mg,Tablet - FDC,Yes,Freight Included in Commodity Cost,Direct Drop,"Efavirenz/Emtricitabine/Tenofovir Disoproxil Fumarate 600/200/300mg [Atripla], tablets, 30 Tabs",0.89,9,453.6,PMO - US,"MSD, Haarlem, NL",Efavirenz/Emtricitabine/Tenofovir Disoproxil Fumarate,50.4,03-06-09,SCMS-30502,Pre-PQ Process,Pre-PQ Process,ARV,131-NG-T01,10-Mar-09,Air,Adult,30,1.68,MERCK SHARP & DOHME IDEA GMBH (FORMALLY MERCK SHARP & DOHME B.V.),CIP,Weight Captured Separately
62594,ASN-5443,Generic,South Africa,14-Sep-09,14-Sep-09,600mg,Tablet,Yes,Freight Included in Commodity Cost,Direct Drop,"Efavirenz 600mg, tablets, 30 Tabs",0.04,1,19.05,PMO - US,"Cipla, Goa, India",Efavirenz,19.05,7/21/09,SCMS-49631,FPQ-3560,05-07-09,ARV,116-ZA-T30,14-Sep-09,Truck,Adult,30,0.64,S. BUYS WHOLESALER,DDP,Weight Captured Separately
51928,ASN-5747,Generic,Ethiopia,30-Dec-09,30-Dec-09,150mg,Tablet,Yes,7354.24,Direct Drop,"Lamivudine 150mg, tablets, 60 Tabs",280.28,50000,130000.0,PMO - US,Mylan (formerly Matrix) Nashik,Lamivudine,2.6,11/25/09,SCMS-58060,FPQ-4502,10/27/09,ARV,117-ET-T30,30-Dec-09,Air,Adult,60,0.04,MYLAN LABORATORIES LTD (FORMERLY MATRIX LABORATORIES),EXW,2504
21193,ASN-11441,Determine,Kenya,11-Aug-11,11-Aug-11,MIssing,Test kit,Yes,37548.87,Direct Drop,"HIV 1/2, Determine Complete HIV Kit, 100 Tests",1223.41,8331,741459.0,PMO - US,Inverness Japan,"HIV 1/2, Determine Complete HIV Kit",89.0,5/19/11,SCMS-109250,FPQ-7684,05-05-11,HRDT,127-KE-T30,09-Aug-11,Air,HIV test,100,0.89,"Orgenics, Ltd",EXW,1980
65450,ASN-21221,Determine,Nigeria,18-Sep-13,18-Sep-13,MIssing,Test kit,Yes,13325.65,Direct Drop,"HIV 1/2, Determine Complete HIV Kit, 100 Tests",337.66,3067,272963.0,PMO - US,"Alere Medical Co., Ltd.","HIV 1/2, Determine Complete HIV Kit",89.0,07-10-13,SCMS-196560,FPQ-12456,06-10-13,HRDT,133-NG-T30,18-Sep-13,Air,HIV test,100,0.89,"Orgenics, Ltd",EXW,1228
11552,DN-631,Generic,Ethiopia,06-Mar-08,06-Mar-08,150mg,Tablet,Yes,12047.8,From RDC,"Lamivudine 150mg, tablets, 60 Tabs",318.59,65500,199120.0,PMO - US,"Ranbaxy, Paonta Shahib, India",Lamivudine,3.04,N/A - From RDC,SO-1537,Pre-PQ Process,Pre-PQ Process,ARV,117-ET-T01,06-Mar-08,Air,Adult,60,0.05,SCMS from RDC,N/A - From RDC,3858
10890,DN-379,Invirase,CÃte dIvoire,15-Oct-07,15-Oct-07,200mg,Capsule,Yes,13721.28,From RDC,"Saquinavir 200mg [Invirase], capsules, 270 Caps",198.42,1577,124015.28,PMO - US,Roche Basel,Saquinavir,78.64,N/A - From RDC,SO-964,Pre-PQ Process,Pre-PQ Process,ARV,104-CI-T01,15-Oct-07,Air,Adult,270,0.29,SCMS from RDC,N/A - From RDC,3023
85671,DN-1821,Generic,Nigeria,18-May-10,18-May-10,150/300mg,Tablet - FDC,Yes,9736.1,From RDC,"Lamivudine/Zidovudine 150/300mg, tablets, 60 Tabs",388.67,20579,180272.04,PMO - US,Hetero Unit III Hyderabad IN,Lamivudine/Zidovudine,8.76,N/A - From RDC,SO-35051,FPQ-4537,11-06-09,ARV,151-NG-T30,31-May-10,Air Charter,Adult,60,0.15,SCMS from RDC,N/A - From RDC,1773
46095,ASN-33571,Stocrin/Sustiva,Haiti,26-Aug-15,27-Aug-15,30mg/ml,Oral solution,Yes,Freight Included in Commodity Cost,Direct Drop,"Efavirenz 30mg/ml [Stocrin/Sustiva], oral solution, Bottle, 180 ml",8.38,420,7123.2,PMO - US,"MSD, Haarlem, NL",Efavirenz,16.96,5/22/15,SCMS-288830,FPQ-16100,3/30/15,ARV,106-HT-T30,26-Aug-15,Air,Pediatric,180,0.09,"MSD LATIN AMERICA SERVICES, S. DE R.L. DE C.V.",CIP,Weight Captured Separately
85354,DN-3122,Generic,Uganda,07-Jun-13,07-Jun-13,600mg,Tablet,No,See DN-3122 (ID#:82570),From RDC,"Efavirenz 600mg, tablets, 30 Tabs",102.62,24912,82956.96,PMO - US,"Strides, Bangalore, India.",Efavirenz,3.33,N/A - From RDC,SO-43890,FPQ-11133,12/13/12,ARV,114-UG-T30,07-Jun-13,Truck,Adult,30,0.11,SCMS from RDC,N/A - From RDC,See DN-3122 (ID#:82570)
13277,ASN-5008,Generic,Vietnam,26-Oct-09,26-Oct-09,300mg,Tablet,Yes,791.43,Direct Drop,"Tenofovir Disoproxil Fumarate 300mg, tablets, 30 Tabs",27.17,1680,13860.0,PMO - US,Mylan (formerly Matrix) Nashik,Tenofovir Disoproxil Fumarate,8.25,8/14/09,SCMS-51780,FPQ-4098,08-12-09,ARV,108-VN-T30,26-Oct-09,Air,Adult,30,0.28,MYLAN LABORATORIES LTD (FORMERLY MATRIX LABORATORIES),EXW,110
71045,ASN-32107,Determine,South Sudan,07-Jul-15,07-Jul-15,MIssing,Test kit - Ancillary,No,See ASN-32107 (ID#:16391),Direct Drop,"Capillary Tubes, for Determine, EDTA, 50uL,100 Pcs",0.47,50,400.0,PMO - US,"Alere Medical Co., Ltd.","HIV, Capillary Tubes, for Determine, EDTA, 50uL,100 Pcs",8.0,2/20/15,SCMS-272170,FPQ-15569,12/29/14,HRDT,105-SS-T30,02-Jul-15,Air,HIV test - Ancillary,100,0.08,"Orgenics, Ltd",EXW,See ASN-32107 (ID#:16391)
4259,ASN-1520,Epivir,South Africa,04-Jan-08,04-Jan-08,10mg/ml,Oral solution,No,Freight Included in Commodity Cost,Direct Drop,"Lamivudine 10mg/ml [Epivir], oral solution, Bottle, 240 ml",3.28,300,2049.0,PMO - US,GSK Mississauga (Canada),Lamivudine,6.83,01-04-08,SCMS-16600,Pre-PQ Process,Pre-PQ Process,ARV,116-ZA-T01,21-Jan-08,MIssing,Pediatric,240,0.03,"JSI R&T INSTITUTE, INC.",DDP,Weight Captured Separately
84846,DN-3295,Generic,Tanzania,10-Sep-13,10-Sep-13,200/300mg,Tablet - FDC,No,See DN-3295 (ID#:83155),From RDC,"Emtricitabine/Tenofovir Disoproxil Fumarate 200/300mg, tablets, 30 Tabs",138.59,19086,112034.82,PMO - US,"Aurobindo Unit III, India",Emtricitabine/Tenofovir Disoproxil Fumarate,5.87,N/A - From RDC,SO-44983,FPQ-12015,04-02-13,ARV,109-TZ-T30,15-Oct-13,Truck,Adult,30,0.2,SCMS from RDC,N/A - From RDC,See DN-3295 (ID#:83155)
8465,ASN-2293,Stocrin/Sustiva,South Africa,08-May-08,08-May-08,50mg,Capsule,No,Freight Included in Commodity Cost,Direct Drop,"Efavirenz 50mg [Stocrin/Sustiva], capsule, 30 Caps",1.15,240,717.6,PMO - US,"MSD Midrand, Jburg, SA",Efavirenz,2.99,Date Not Captured,SCMS-23500,Pre-PQ Process,Pre-PQ Process,ARV,116-ZA-T01,20-Aug-08,Truck,Pediatric,30,0.1,S. BUYS WHOLESALER,DDP,Weight Captured Separately
10940,DN-559,Generic,Tanzania,25-Feb-08,25-Feb-08,100mg,Chewable/dispersible tablet,Yes,10654.94,From RDC,"Didanosine 100mg, chewable/dispersible tablets, 60 Tabs",28.19,2273,17615.75,PMO - US,"Aurobindo Unit III, India",Didanosine,7.75,N/A - From RDC,SO-1648,Pre-PQ Process,Pre-PQ Process,ARV,109-TZ-T01,25-Feb-08,Air,Pediatric,60,0.13,SCMS from RDC,N/A - From RDC,2749
49660,ASN-31765,Uni-Gold,South Sudan,25-Jul-15,29-Jul-15,MIssing,Test kit,No,See ASN-31765 (ID#:41640),Direct Drop,"HIV 1/2, Uni-Gold HIV Kit, 20 Tests",0.38,10,320.0,PMO - US,"Trinity Biotech, Plc","HIV 1/2, Uni-Gold HIV Kit",32.0,2/20/15,SCMS-272150,FPQ-15569,12/29/14,HRDT,105-SS-T30,25-Jul-15,Air,HIV test,20,1.6,"Trinity Biotech, Plc",EXW,See ASN-31765 (ID#:41640)
15382,ASN-19649,Determine,Mali,11-Jun-13,11-Jun-13,MIssing,Test kit,Yes,2190.78,Direct Drop,"HIV 1/2, Determine Complete HIV Kit, 100 Tests",8.02,81,6480.0,PMO - US,"Alere Medical Co., Ltd.","HIV 1/2, Determine Complete HIV Kit",80.0,04-11-13,SCMS-182800,FPQ-11783,3/15/13,HRDT,102-ML-T30,11-Jun-13,Air,HIV test,100,0.8,"Orgenics, Ltd",EXW,37
12247,DN-944,Generic,Haiti,04-Nov-08,04-Nov-08,20mg,Capsule,No,See DN-944 (ID#:11012),From RDC,"Stavudine 20mg, capsules, 60 Caps",1.72,500,875.0,PMO - US,"Aurobindo Unit III, India",Stavudine,1.75,N/A - From RDC,SO-15930,Pre-PQ Process,Pre-PQ Process,ARV,106-HT-T01,04-Nov-08,Air,Adult,60,0.03,SCMS from RDC,N/A - From RDC,See DN-944 (ID#:11012)
86475,DN-2652,Generic,CÃte dIvoire,30-May-12,30-May-12,300mg,Tablet,No,See DN-2652 (ID#:82477),From RDC,"Abacavir 300mg, tablets, 60 Tabs",11.43,620,8153.0,PMO - US,Mylan (formerly Matrix) Nashik,Abacavir,13.15,N/A - From RDC,SO-41200,FPQ-8790,11-11-11,ARV,104-CI-T30,30-May-12,Air,Adult,60,0.22,SCMS from RDC,N/A - From RDC,See DN-2652 (ID#:82477)
5053,ASN-3732,Stocrin/Sustiva,South Africa,21-Jan-09,21-Jan-09,200mg,Capsule,No,Freight Included in Commodity Cost,Direct Drop,"Efavirenz 200mg [Stocrin/Sustiva], capsule, 90 Caps",1.63,30,829.5,PMO - US,"MSD Midrand, Jburg, SA",Efavirenz,27.65,Date Not Captured,SCMS-41190,Pre-PQ Process,Pre-PQ Process,ARV,116-ZA-T01,30-Mar-09,Air,Pediatric,90,0.31,S. BUYS WHOLESALER,DDP,Weight Captured Separately
85898,DN-2833,Generic,Zambia,07-Sep-12,07-Sep-12,200mg,Tablet,No,See DN-2833 (ID#:82506),From RDC,"Nevirapine 200mg, tablets, 60 Tabs",143.42,41926,102299.44,PMO - US,Hetero Unit III Hyderabad IN,Nevirapine,2.44,N/A - From RDC,SO-41991,FPQ-9773,4/27/12,ARV,110-ZM-T30,25-Sep-12,Truck,Adult,60,0.04,SCMS from RDC,N/A - From RDC,See DN-2833 (ID#:82506)
15695,ASN-6004,Generic,Ethiopia,09-Feb-10,09-Feb-10,150/30mg,Tablet - FDC,Yes,15236.52,Direct Drop,"Lamivudine/Stavudine 150/30mg, tablets, 60 Tabs",520.2,71596,241278.52,PMO - US,"Strides, Bangalore, India.",Lamivudine/Stavudine,3.37,12/29/09,SCMS-61200,FPQ-4752,12/23/09,ARV,117-ET-T30,09-Feb-10,Air,Adult,60,0.06,STRIDES ARCOLAB LIMITED,EXW,3652
11515,DN-623,Generic,Zimbabwe,05-Mar-08,05-Mar-08,150/30mg,Tablet - FDC,No,See DN-623 (ID#:10925),From RDC,"Lamivudine/Stavudine 150/30mg, tablets, 30 Tabs",5.12,1600,3200.0,PMO - US,"Cipla, Goa, India",Lamivudine/Stavudine,2.0,N/A - From RDC,SO-712,Pre-PQ Process,Pre-PQ Process,ARV,100-ZW-T01,05-Mar-08,Air,Adult,30,0.07,SCMS from RDC,N/A - From RDC,See DN-623 (ID#:10925)
83027,DN-2623,Generic,CÃte dIvoire,11-Apr-12,11-Apr-12,200mg,Delayed-release capsules,Yes,1191.02,From RDC,"Didanosine 200mg, delayed-release capsules, 30 Caps",19.05,1235,13585.0,PMO - US,"Aurobindo Unit III, India",Didanosine,11.0,N/A - From RDC,SO-41150,FPQ-8787,11-11-11,ARV,104-CI-T30,16-Apr-12,Air,Pediatric,30,0.37,SCMS from RDC,N/A - From RDC,649
12459,DN-555,Generic,Zambia,25-Jan-08,25-Jan-08,600mg,Tablet,Yes,4428.75,From RDC,"Efavirenz 600mg, tablets, 30 Tabs",287.45,14465,179655.3,PMO - US,Mylan (formerly Matrix) Nashik,Efavirenz,12.42,N/A - From RDC,SO-1035,Pre-PQ Process,Pre-PQ Process,ARV,110-ZM-T01,25-Jan-08,MIssing,Adult,30,0.41,SCMS from RDC,N/A - From RDC,1135
57862,ASN-29257,Generic,South Africa,05-Nov-14,05-Nov-14,200mg,Capsule,No,Freight Included in Commodity Cost,Direct Drop,"Efavirenz 200mg, capsule, 90 Caps",1.12,46,1085.01,PMO - US,"Aurobindo Unit III, India",Efavirenz,23.59,11-04-14,SCMS-238555,FPQ-13973,4/30/14,ARV,116-ZA-T30,05-Nov-14,Truck,Pediatric,90,0.26,PHARMACY DIRECT,DDP,Weight Captured Separately
32359,ASN-10450,Bioline,Sudan,29-Apr-11,29-Apr-11,MIssing,Test kit,Yes,2701.16,Direct Drop,"HIV 1/2, Bioline 3.0 Kit, Lancets, Capillary pipets, Alcohol swabs included, 25 Tests",0.56,17,340.0,PMO - US,"Standard Diagnostics, Korea","HIV 1/2, Bioline 3.0 Kit, Lancets, Capillary pipets, Alcohol swabs included",20.0,03-02-11,SCMS-100300,FPQ-6991,02-05-11,HRDT,102-SD-T30,29-Apr-11,Air,HIV test,25,0.8,"Standard Diagnostics, Inc.",EXW,244
85300,DN-2833,Generic,Zambia,07-Sep-12,07-Sep-12,600mg,Tablet,No,See DN-2833 (ID#:82506),From RDC,"Efavirenz 600mg, tablets, 30 Tabs",93.87,17124,66954.84,PMO - US,"Emcure Plot No.P-2, I.T-B.T. Park, Phase II, MIDC, Hinjwadi, Pune, India",Efavirenz,3.91,N/A - From RDC,SO-41991,FPQ-9773,4/27/12,ARV,110-ZM-T30,25-Sep-12,Truck,Adult,30,0.13,SCMS from RDC,N/A - From RDC,See DN-2833 (ID#:82506)
12868,DN-1122,Generic,CÃte dIvoire,29-Apr-09,29-Apr-09,150/300mg,Tablet - FDC,Yes,7608.7,From RDC,"Lamivudine/Zidovudine 150/300mg, tablets, 60 Tabs",524.56,28624,267634.4,PMO - US,"Aurobindo Unit III, India",Lamivudine/Zidovudine,9.35,N/A - From RDC,SO-19340,Pre-PQ Process,Pre-PQ Process,ARV,104-CI-T01,29-Apr-09,Air,Adult,60,0.16,SCMS from RDC,N/A - From RDC,2583
84060,DN-2111,Generic,Ethiopia,07-Feb-11,07-Feb-11,300mg,Tablet,Yes,3935.92,From RDC,"Tenofovir Disoproxil Fumarate 300mg, tablets, 30 Tabs",65.26,6020,39551.4,PMO - US,"Aurobindo Unit III, India",Tenofovir Disoproxil Fumarate,6.57,N/A - From RDC,SO-38460,FPQ-7001,01-06-11,ARV,117-ET-T30,09-Feb-11,Air,Adult,30,0.22,SCMS from RDC,N/A - From RDC,542
9096,ASN-3894,Bioline,Kenya,20-May-09,20-May-09,MIssing,Test kit,Yes,11653.64,Direct Drop,"HIV 1/2, Bioline 3.0 Kit, (no accessories), 30 Tests",235.2,5000,120000.0,PMO - US,"Standard Diagnostics, Korea","HIV 1/2, Bioline 3.0 Kit (no accessories)",24.0,04-04-09,SCMS-42990,Pre-PQ Process,Pre-PQ Process,HRDT,102-KE-T01,20-May-09,Air,HIV test,30,0.8,"Standard Diagnostics, Inc.",EXW,1558
86467,DN-2608,Generic,Zambia,16-Apr-12,16-Apr-12,200/300mg,Tablet - FDC,No,See DN-2608 (ID#:83579),From RDC,"Emtricitabine/Tenofovir Disoproxil Fumarate 200/300mg, tablets, 30 Tabs",1170.35,79075,709302.75,PMO - US,Mylan (formerly Matrix) Nashik,Emtricitabine/Tenofovir Disoproxil Fumarate,8.97,N/A - From RDC,SO-40953,FPQ-8476,9/27/11,ARV,110-ZM-T30,15-May-12,Truck,Adult,30,0.3,SCMS from RDC,N/A - From RDC,See DN-2608 (ID#:83579)
717,ASN-2472,Genie,CÃte dIvoire,02-Oct-08,02-Oct-08,MIssing,Test kit,Yes,11298.13,Direct Drop,"#108853** HIV, Genie II HIV-1/HIV-2 Kit, 40 Tests",60.8,500,38000.0,PMO - US,Bio-Rad Laboratories,"HIV, Genie II HIV-1/HIV-2 Kit",76.0,8/27/08,SCMS-29140,Pre-PQ Process,Pre-PQ Process,HRDT,104-CI-T01,02-Oct-08,Air,HIV test,40,1.9,BIO-RAD LABORATORIES (FRANCE),EXW,562
38507,ASN-19166,Retrovir,South Africa,16-Apr-13,16-Apr-13,300mg,Tablet,No,Freight Included in Commodity Cost,Direct Drop,"Zidovudine 300mg [Retrovir], tablets, 60 Tabs",0.3,13,242.73,South Africa Field Office,GSK Aranda,Zidovudine,18.67,Date Not Captured,SCMS-183950,FPQ-11828,3/18/13,ARV,116-ZA-T30,16-Apr-13,Truck,Adult,60,0.31,S. BUYS WHOLESALER,DDP,Weight Captured Separately
82357,DN-2035,Generic,CÃte dIvoire,26-Nov-10,26-Nov-10,10mg/ml,Oral solution,No,See DN-2035 (ID#:82356),From RDC,"Lamivudine 10mg/ml, oral solution w/syringe, Bottle, 240 ml",9.63,2415,4467.75,PMO - US,"Aurobindo Unit III, India",Lamivudine,1.85,N/A - From RDC,SO-37150,FPQ-5925,6/23/10,ARV,104-CI-T30,30-Nov-10,Truck,Pediatric,240,0.01,SCMS from RDC,N/A - From RDC,See DN-2035 (ID#:82356)
38120,ASN-15288,Generic,Rwanda,29-Jun-12,29-Jun-12,200mg,Tablet,Yes,17858.68,Direct Drop,"Nevirapine 200mg, tablets, 60 Tabs",74.13,22500,52875.0,PMO - US,"Aurobindo Unit III, India",Nevirapine,2.35,06-12-12,SCMS-149420,FPQ-10092,06-04-12,ARV,107-RW-T30,29-Jun-12,Air,Adult,60,0.04,Aurobindo Pharma Limited,EXW,2145
85817,DN-2497,Generic,"Congo, DRC",14-Feb-12,14-Feb-12,150/300mg,Tablet - FDC,No,See DN-2497 (ID#:82435),From RDC,"Lamivudine/Zidovudine 150/300mg, tablets, 60 Tabs",0.47,41,338.66,PMO - US,"Aurobindo Unit III, India",Lamivudine/Zidovudine,8.26,N/A - From RDC,SO-41135,FPQ-8840,11/21/11,ARV,101-CD-T30,16-Mar-12,Air,Adult,60,0.14,SCMS from RDC,N/A - From RDC,See DN-2497 (ID#:82435)
18580,ASN-25904,Generic,Tanzania,24-Jun-14,24-Jun-14,200mg,Tablet,Yes,4673.77,Direct Drop,"Efavirenz 200mg, scored tablets, 90 Tabs",143.8,15041,139881.3,PMO - US,"Strides, Bangalore, India.",Efavirenz,9.3,4/18/14,SCMS-236750,FPQ-14009,4/17/14,ARV,109-TZ-T30,24-Jun-14,Air,Pediatric,90,0.1,STRIDES ARCOLAB LIMITED,EXW,949
25809,ASN-20555,Generic,Vietnam,03-Sep-13,03-Sep-13,150/300/200mg,Tablet - FDC,Yes,3314.03,Direct Drop,"Lamivudine/Nevirapine/Zidovudine 150/200/300mg, tablets, 60 Tabs",125.9,12488,101777.2,PMO - US,"Aurobindo Unit III, India",Lamivudine/Nevirapine/Zidovudine,8.15,5/17/13,SCMS-188680,FPQ-12051,05-03-13,ARV,108-VN-T30,03-Sep-13,Air,Adult,60,0.14,Aurobindo Pharma Limited,EXW,1846
10610,DN-324,Norvir,CÃte dIvoire,31-Aug-07,31-Aug-07,100mg,Capsule,Yes,4602.4,From RDC,"Ritonavir 100mg [Norvir], capsules, cool, 4 x 84 Caps",15.04,245,9398.2,PMO - US,ABBVIE (Abbott) France,Ritonavir,38.36,N/A - From RDC,SO-997,Pre-PQ Process,Pre-PQ Process,ARV,104-CI-T01,31-Aug-07,MIssing,Adult,336,0.11,SCMS from RDC,N/A - From RDC,1468
10750,DN-958,Aluvia,Nigeria,31-Oct-08,31-Oct-08,200/50mg,Tablet,Yes,10990.36,From RDC,"Lopinavir/Ritonavir 200/50mg [Aluvia], tablets, 120 Tabs",163.85,2034,83597.4,PMO - US,ABBVIE Ludwigshafen Germany,Lopinavir/Ritonavir,41.1,N/A - From RDC,SO-11232,Pre-PQ Process,Pre-PQ Process,ARV,123-NG-T01,31-Oct-08,Air,Adult,120,0.34,SCMS from RDC,N/A - From RDC,937
64329,ASN-21574,Kaletra,CÃte dIvoire,24-Sep-13,24-Sep-13,80/20mg/ml,Oral solution,Yes,5755.58,Direct Drop,"Lopinavir/Ritonavir 80/20mg/ml [Kaletra], oral solution, cool, Bottle 5 x 60 ml",12.96,340,10478.8,PMO - US,ABBVIE (Abbott) Logis. UK,Lopinavir/Ritonavir,30.82,06-12-13,SCMS-191920,FPQ-12150,4/29/13,ARV,104-CI-T30,24-Sep-13,Air,Pediatric,300,0.1,ABBVIE LOGISTICS (FORMERLY ABBOTT LOGISTICS BV),FCA,336
19891,ASN-9513,Generic,South Africa,24-Feb-11,24-Feb-11,10mg/ml,Oral solution,Yes,17267.14,Direct Drop,"Lamivudine 10mg/ml, oral solution w/syringe, Bottle, 240 ml",246.65,55000,114400.0,PMO - US,"Cipla, Goa, India",Lamivudine,2.08,9/21/10,SCMS-83890,FPQ-6262,8/31/10,ARV,161-ZA-T30,24-Feb-11,Ocean,Pediatric,240,0.01,CIPLA LIMITED,DDP,20419
84517,DN-1559,Generic,Haiti,01-Dec-09,01-Dec-09,20mg,Capsule,No,See DN-1559 (ID#:82849),From RDC,"Stavudine 20mg, capsules, 60 Caps",0.83,230,384.1,PMO - US,"Aurobindo Unit III, India",Stavudine,1.67,N/A - From RDC,SO-34670,FPQ-4384,10/23/09,ARV,106-HT-T30,09-Dec-09,Air,Adult,60,0.03,SCMS from RDC,N/A - From RDC,See DN-1559 (ID#:82849)
83081,DN-2858,Generic,South Sudan,23-Oct-12,23-Oct-12,300mg,Tablet,No,See DN-2858 (ID#:82511),From RDC,"Zidovudine 300mg, tablets, 60 Tabs",88.71,9360,63273.6,PMO - US,Hetero Unit III Hyderabad IN,Zidovudine,6.76,N/A - From RDC,SO-43070,FPQ-10517,8/17/12,ARV,900-SS-T30,15-Nov-12,Air,Adult,60,0.11,SCMS from RDC,N/A - From RDC,See DN-2858 (ID#:82511)
41162,ASN-11147,Stat-Pak,Nigeria,28-Jun-11,28-Jun-11,MIssing,Test kit,Yes,2386.35,Direct Drop,"HIV 1/2, Stat-Pak HIV, Kit, 20 Tests",61.54,1286,37294.0,PMO - US,Chembio Diagnostics Sys. Inc.,"HIV 1/2, Stat-Pak HIV, Kit",29.0,5/18/11,SCMS-108710,FPQ-7553,4/28/11,HRDT,133-NG-T30,28-Jun-11,Air,HIV test,20,1.45,"CHEMBIO DIAGNOSTIC SYSTEMS, INC.",EXW,482
66925,ASN-11023,Generic,Vietnam,22-Jun-11,22-Jun-11,300mg,Tablet,No,See ASN-11023 (ID#:37963),Direct Drop,"Abacavir 300mg, tablets, 60 Tabs",1.58,64,960.0,PMO - US,Mylan (formerly Matrix) Nashik,Abacavir,15.0,2/15/11,SCMS-98050,FPQ-6818,1/17/11,ARV,108-VN-T30,22-Jun-11,Air,Adult,60,0.25,MYLAN LABORATORIES LTD (FORMERLY MATRIX LABORATORIES),EXW,See ASN-11023 (ID#:37963)
85336,DN-3015,Generic,Haiti,14-Mar-13,14-Mar-13,1mg/ml,Powder for oral solution,No,See DN-3015 (ID#:82554),From RDC,"Stavudine 1mg/ml, powder for oral solution w/syringe, 200 ml",0.51,330,412.5,PMO - US,"Aurobindo Unit III, India",Stavudine,1.25,N/A - From RDC,SO-44400,FPQ-11281,1/16/13,ARV,106-HT-T30,09-Apr-13,Air,Pediatric,200,0.01,SCMS from RDC,N/A - From RDC,See DN-3015 (ID#:82554)
80819,ASN-32760,Generic,Haiti,23-Jul-15,28-Jul-15,300/100mg,Tablet,Yes,Invoiced Separately,Direct Drop,"Atazanavir/Ritonavir 300/100mg, tablets, 30 Tabs",89.67,4846,87228.0,PMO - US,"Emcure Plot No.P-2, I.T-B.T. Park, Phase II, MIDC, Hinjwadi, Pune, India",Atazanavir/Ritonavir,18.0,11/14/14,SCMS-261011,FPQ-14895,9/24/14,ARV,106-HT-T30,23-Jul-15,Air,Adult,30,0.6,EMCURE PHARMACEUTICALS LTD,EXW,Weight Captured Separately
82338,DN-1932,Generic,Nigeria,28-Jun-10,28-Jun-10,600/200/300mg,Tablet - FDC,Yes,Freight Included in Commodity Cost,From RDC,"Efavirenz/Emtricitabine/Tenofovir Disoproxil Fumarate 600/200/300mg, tablets, 30 Tabs",317.81,7400,147408.0,PMO - US,Mylan (formerly Matrix) Nashik,Efavirenz/Emtricitabine/Tenofovir Disoproxil Fumarate,19.92,N/A - From RDC,SO-36422,FPQ-5023,02-10-10,ARV,151-NG-T30,15-Jul-10,Air,Adult,30,0.66,SCMS from RDC,N/A - From RDC,668
5979,ASN-2503,Videx EC,South Africa,14-Aug-08,14-Aug-08,250mg,Delayed-release capsules - blister,No,Freight Included in Commodity Cost,Direct Drop,"Didanosine EC 250mg [Videx EC], delayed-release capsules, Blister 3 x 10 Caps",2.92,100,1828.0,PMO - US,"BMS Meymac, France",Didanosine EC,18.28,Date Not Captured,SCMS-28830,Pre-PQ Process,Pre-PQ Process,ARV,116-ZA-T01,25-Aug-08,Truck,Adult,30,0.61,S. BUYS WHOLESALER,DDP,Weight Captured Separately
9023,ASN-3578,Generic,South Africa,19-Dec-08,19-Dec-08,600mg,Tablet,Yes,Freight Included in Commodity Cost,Direct Drop,"Efavirenz 600mg, tablets, 30 Tabs",119.04,3710,60732.7,PMO - US,"Aurobindo Unit III, India",Efavirenz,16.37,Date Not Captured,SCMS-40830,Pre-PQ Process,Pre-PQ Process,ARV,116-ZA-T01,28-Apr-09,Air,Adult,30,0.55,S. BUYS WHOLESALER,DDP,Weight Captured Separately
85303,DN-2843,Generic,Uganda,12-Oct-12,12-Oct-12,200mg,Tablet,Yes,10915.97,From RDC,"Nevirapine 200mg, tablets, 60 Tabs",89.68,26432,63965.44,PMO - US,Hetero Unit III Hyderabad IN,Nevirapine,2.42,N/A - From RDC,SO-42890,FPQ-10357,7/18/12,ARV,114-UG-T30,15-Oct-12,Truck,Adult,60,0.04,SCMS from RDC,N/A - From RDC,1499
41791,ASN-25862,Generic,Ghana,17-Jun-14,24-Jun-14,600/200/300mg,Tablet - FDC,Yes,20654.13,Direct Drop,"Efavirenz/Emtricitabine/Tenofovir Disoproxil Fumarate 600/200/300mg, tablets, 30 Tabs",292.01,24917,284053.8,PMO - US,"Cipla, Goa, India",Efavirenz/Emtricitabine/Tenofovir Disoproxil Fumarate,11.4,4/15/14,SCMS-234060,FPQ-13809,03-07-14,ARV,105-GH-T30,17-Jun-14,Air,Adult,30,0.38,CIPLA LIMITED,EXW,3227
75229,ASN-13542,Uni-Gold,Zambia,09-Mar-12,09-Mar-12,MIssing,Test kit,Yes,20626.58,Direct Drop,"HIV 1/2, Uni-Gold HIV Kit, 20 Tests",264,5000,160000.0,PMO - US,"Trinity Biotech, Plc","HIV 1/2, Uni-Gold HIV Kit",32.0,9/19/11,SCMS-120580,FPQ-8315,8/31/11,HRDT,110-ZM-T30,09-Mar-12,Air,HIV test,20,1.6,"Trinity Biotech, Plc",EXW,1647
7730,ASN-3752,Invirase,South Africa,21-Nov-08,21-Nov-08,200mg,Capsule,No,Freight Included in Commodity Cost,Direct Drop,"Saquinavir 200mg [Invirase], capsules, 270 Caps",3.2,30,1634.7,PMO - US,Roche Basel,Saquinavir,54.49,Date Not Captured,SCMS-41140,Pre-PQ Process,Pre-PQ Process,ARV,116-ZA-T01,31-Mar-09,Air,Adult,270,0.2,S. BUYS WHOLESALER,DDP,Weight Captured Separately
86064,DN-3591,First Response,Kenya,11-Mar-14,09-Jul-14,MIssing,Test kit,Yes,Invoiced Separately,From RDC,"HIV 1/2/O, First Response HIV 1-2.0, v.3.0 Cards Kit, 30 Tests",0,2429,0.0,PMO - US,Premier Med. Corp Ltd. India,"HIV 1/2/O, First Response HIV 1-2.0, v.3.0 Cards Kit",0.0,N/A - From RDC,SO-48080,FPQ-13822,2/27/14,HRDT,101-KE-T30,03-Apr-14,Truck,HIV test,30,0.0,SCMS from RDC,N/A - From RDC,Weight Captured Separately
74906,ASN-23017,Generic,Haiti,23-Jan-14,24-Jan-14,100/25mg,Tablet,Yes,737.12,Direct Drop,"Lopinavir/Ritonavir 100/25mg [Aluvia], tablets, 60 Tabs",0.59,80,475.2,PMO - US,ABBVIE Ludwigshafen Germany,Lopinavir/Ritonavir,5.94,10/22/13,SCMS-210440,FPQ-12590,8/21/13,ARV,106-HT-T30,23-Jan-14,Air,Pediatric,60,0.1,ABBVIE LOGISTICS (FORMERLY ABBOTT LOGISTICS BV),FCA,8
64003,ASN-4585,Bioline,CÃte dIvoire,17-Aug-09,17-Aug-09,MIssing,Test kit,Yes,5180.34,Direct Drop,"HIV 1/2, Bioline 3.0 Kit, (no accessories), 30 Tests",84.67,1800,43200.0,PMO - US,"Standard Diagnostics, Korea","HIV 1/2, Bioline 3.0 Kit (no accessories)",24.0,07-07-09,SCMS-48610,FPQ-3885,6/19/09,HRDT,104-CI-T30,17-Aug-09,Air,HIV test,30,0.8,"Standard Diagnostics, Inc.",EXW,560
16923,ASN-16315,Generic,Nigeria,20-Oct-12,20-Oct-12,300/100mg,Tablet,Yes,7665.38,Direct Drop,"Atazanavir/Ritonavir 300/100mg, tablets, 30 Tabs",320.18,10150,228375.0,PMO - US,Mylan (formerly Matrix) Nashik,Atazanavir/Ritonavir,22.5,4/16/12,SCMS-141660,FPQ-9436,03-09-12,ARV,151-NG-T30,20-Oct-12,Air,Adult,30,0.75,MYLAN LABORATORIES LTD (FORMERLY MATRIX LABORATORIES),EXW,1360
5622,ASN-1577,Generic,Zambia,22-Apr-08,22-Apr-08,MIssing,Test kit - Ancillary,Yes,Invoiced Separately,Direct Drop,"HIV, Lancet, Safety, for HIV Test kits, 100 Pcs",0.03,2000,20.0,PMO - US,Inverness Japan,"HIV, Lancet, Safety, for HIV Test kits, 100 Pcs",0.01,2/25/08,SCMS-18070,Pre-PQ Process,Pre-PQ Process,HRDT,110-ZM-T01,22-Apr-08,Air,HIV test - Ancillary,100,0.0,"Orgenics, Ltd",EXW,Weight Captured Separately
11047,DN-1239,Generic,Zambia,08-Jun-09,08-Jun-09,600mg,Tablet,Yes,15922.67,From RDC,"Efavirenz 600mg, tablets, 30 Tabs",2156,100000,1100000.0,PMO - US,Hetero Unit III Hyderabad IN,Efavirenz,11.0,N/A - From RDC,SO-17620,Pre-PQ Process,Pre-PQ Process,ARV,110-ZM-T01,08-Jun-09,Truck,Adult,30,0.37,SCMS from RDC,N/A - From RDC,7735
80072,ASN-19383,Generic,Vietnam,28-May-13,28-May-13,150mg,Tablet,Yes,11413.52,Direct Drop,"Lamivudine 150mg, tablets, 60 Tabs",78.14,34900,63169.0,PMO - US,"Micro labs, Verna, Goa, India",Lamivudine,1.81,1/22/13,SCMS-174360,FPQ-11417,01-10-13,ARV,108-VN-T30,28-May-13,Air,Adult,60,0.03,MICRO LABS LIMITED,EXW,1588
84783,DN-2994,Generic,Nigeria,11-Feb-13,11-Feb-13,200/300mg,Tablet - FDC,No,See DN-2994 (ID#:82541),From RDC,"Emtricitabine/Tenofovir Disoproxil Fumarate 200/300mg, tablets, 30 Tabs",74.47,8326,53119.88,PMO - US,"Aurobindo Unit III, India",Emtricitabine/Tenofovir Disoproxil Fumarate,6.38,N/A - From RDC,SO-43042,FPQ-10477,08-09-12,ARV,151-NG-T30,11-Feb-13,Air Charter,Adult,30,0.21,SCMS from RDC,N/A - From RDC,See DN-2994 (ID#:82541)
65617,ASN-7442,Generic,Tanzania,07-Aug-10,07-Aug-10,200mg,Tablet,Yes,16416.58,Direct Drop,"Nevirapine 200mg, tablets, 60 Tabs",161.44,28800,74880.0,PMO - US,"Aurobindo Unit III, India",Nevirapine,2.6,6/24/10,SCMS-76980,FPQ-5900,6/21/10,ARV,109-TZ-T30,07-Aug-10,Air,Adult,60,0.04,Aurobindo Pharma Limited,EXW,3396
7607,ASN-3561,Generic,Vietnam,07-Apr-09,07-Apr-09,150/300mg,Tablet - FDC,No,See ASN-3561 (ID#:2297),Direct Drop,"Lamivudine/Zidovudine 150/300mg, tablets, 60 Tabs",68.04,4032,34715.52,PMO - US,"Aurobindo Unit III, India",Lamivudine/Zidovudine,8.61,1/16/09,SCMS-37160,Pre-PQ Process,Pre-PQ Process,ARV,108-VN-T01,07-Apr-09,Air,Adult,60,0.14,Aurobindo Pharma Limited,EXW,See ASN-3561 (ID#:2297)
82528,DN-2939,Generic,Mozambique,11-Jan-13,11-Jan-13,150/300/200mg,Tablet - FDC,Yes,7433.02,From RDC,"Lamivudine/Nevirapine/Zidovudine 150/200/300mg, tablets, 60 Tabs",1326.16,97516,945905.2,PMO - US,Hetero Unit III Hyderabad IN,Lamivudine/Nevirapine/Zidovudine,9.7,N/A - From RDC,SO-42830,FPQ-10210,6/28/12,ARV,111-MZ-T30,11-Jan-13,Truck,Adult,60,0.16,SCMS from RDC,N/A - From RDC,12104
82449,DN-2540,Generic,Tanzania,12-Mar-12,12-Mar-12,50mg,Capsule,Yes,1698.83,From RDC,"Efavirenz 50mg, capsule, 30 Caps",69.23,18732,41959.68,PMO - US,"Aurobindo Unit III, India",Efavirenz,2.24,N/A - From RDC,SO-40500,FPQ-8303,8/22/11,ARV,109-TZ-T30,15-Mar-12,Truck,Pediatric,30,0.07,SCMS from RDC,N/A - From RDC,1090
82893,DN-1861,Generic,CÃte dIvoire,16-Jun-10,16-Jun-10,150/300/200mg,Tablet - FDC,Yes,33266.37,From RDC,"Lamivudine/Nevirapine/Zidovudine 150/200/300mg, tablets, 60 Tabs",1759.52,80010,897712.2,PMO - US,"Aurobindo Unit III, India",Lamivudine/Nevirapine/Zidovudine,11.22,N/A - From RDC,SO-34430,FPQ-4378,10/15/09,ARV,104-CI-T30,28-Jun-10,Air,Adult,60,0.19,SCMS from RDC,N/A - From RDC,9402
12072,DN-209,Generic,Nigeria,03-Jul-07,03-Jul-07,150/300+200mg,Tablet - FDC + co-blister,No,See DN-209 (ID#:11136),From RDC,"Lamivudine/Zidovudine+Nevirapine 150/300+200mg, tablets, co-blister, 60+60 Tabs",328.66,10020,205410.0,PMO - US,"Aspen-OSD, Port Elizabeth, SA",Lamivudine/Zidovudine+Nevirapine,20.5,N/A - From RDC,SO-563,Pre-PQ Process,Pre-PQ Process,ARV,112-NG-T01,03-Jul-07,MIssing,Adult,120,0.17,SCMS from RDC,N/A - From RDC,See DN-209 (ID#:11136)
84728,DN-2680,Generic,Mozambique,10-May-12,10-May-12,150/200/30mg,Tablet - FDC,Yes,Invoiced Separately,From RDC,"Lamivudine/Nevirapine/Stavudine 150/200/30mg, tablets, 60 Tabs",31.41,4050,19035.0,PMO - US,"Strides, Bangalore, India.",Lamivudine/Nevirapine/Stavudine,4.7,N/A - From RDC,SO-40384,FPQ-8157,08-04-11,ARV,111-MZ-T30,16-May-12,Truck,Adult,60,0.08,SCMS from RDC,N/A - From RDC,Weight Captured Separately
72256,ASN-31822,Generic,Haiti,03-Jul-15,13-Jul-15,30/50/60mg,Chewable/dispersible tablet - FDC,Yes,Invoiced Separately,Direct Drop,"Lamivudine/Nevirapine/Zidovudine 30/50/60mg, dispersible tablets, 60 Tabs",23.39,6500,22750.0,PMO - US,Mylan (formerly Matrix) Nashik,Lamivudine/Nevirapine/Zidovudine,3.5,12/24/14,SCMS-262840,FPQ-15038,10/22/14,ARV,106-HT-T30,03-Jul-15,Ocean,Pediatric,60,0.06,MYLAN LABORATORIES LTD (FORMERLY MATRIX LABORATORIES),EXW,Weight Captured Separately
7202,ASN-2294,Truvada,South Africa,17-Jun-08,17-Jun-08,300/200mg,Tablet - FDC,Yes,Freight Included in Commodity Cost,Direct Drop,"Emtricitabine/Tenofovir Disoproxil Fumarate 200/300mg [Truvada], tablets, 30 Tabs",3.79,60,2368.2,PMO - US,"Aspen-OSD, Port Elizabeth, SA",Emtricitabine/Tenofovir Disoproxil Fumarate,39.47,Date Not Captured,SCMS-25550,Pre-PQ Process,Pre-PQ Process,ARV,116-ZA-T01,17-Jun-08,Truck,Adult,30,1.32,S. BUYS WHOLESALER,DDP,Weight Captured Separately
11647,DN-1261,Generic,Nigeria,16-Jun-09,16-Jun-09,200mg,Tablet,Yes,7329.83,From RDC,"Nevirapine 200mg, tablets, 60 Tabs",0.14,24,72.0,PMO - US,"Aurobindo Unit III, India",Nevirapine,3.0,N/A - From RDC,SO-31170,Pre-PQ Process,Pre-PQ Process,ARV,153-NG-T01,16-Jun-09,Air Charter,Adult,60,0.05,SCMS from RDC,N/A - From RDC,21
83528,DN-2328,Generic,Uganda,24-Aug-11,24-Aug-11,300/300mg,Tablet - FDC,Yes,4376.56,From RDC,"Lamivudine/Tenofovir Disoproxil Fumarate 300/300mg, tablets, 30 Tabs",101.05,7441,61239.43,PMO - US,Mylan (formerly Matrix) Nashik,Lamivudine/Tenofovir Disoproxil Fumarate,8.23,N/A - From RDC,SO-40230,FPQ-8048,7/13/11,ARV,114-UG-T30,22-Sep-11,Truck,Adult,30,0.27,SCMS from RDC,N/A - From RDC,656
83376,DN-1511,Generic,CÃte dIvoire,05-Nov-09,05-Nov-09,150/30mg,Tablet - FDC,Yes,5028.05,From RDC,"Lamivudine/Stavudine 150/30mg, tablets, 60 Tabs",6.45,940,3290.0,PMO - US,Mylan (formerly Matrix) Nashik,Lamivudine/Stavudine,3.5,N/A - From RDC,SO-33070,FPQ-3964,7/24/09,ARV,104-CI-T30,10-Dec-09,Air,Adult,60,0.06,SCMS from RDC,N/A - From RDC,69
78818,ASN-12159,Bioline,Tanzania,05-Oct-11,05-Oct-11,MIssing,Test kit,Yes,22523.12,Direct Drop,"HIV 1/2, Bioline 3.0 Kit, Lancets, Capillary pipets, Alcohol swabs included, 25 Tests",330,10000,200000.0,PMO - US,"Standard Diagnostics, Korea","HIV 1/2, Bioline 3.0 Kit, Lancets, Capillary pipets, Alcohol swabs included",20.0,7/18/11,SCMS-114990,FPQ-7909,6/24/11,HRDT,109-TZ-T30,29-Sep-11,Air,HIV test,25,0.8,"Standard Diagnostics, Inc.",EXW,3334
84191,DN-2861,Generic,CÃte dIvoire,01-Oct-12,01-Oct-12,600mg,Tablet,No,See DN-2861 (ID#:82513),From RDC,"Efavirenz 600mg, tablets, 30 Tabs",22.93,4292,16352.52,PMO - US,"Strides, Bangalore, India.",Efavirenz,3.81,N/A - From RDC,SO-42380,FPQ-9749,4/19/12,ARV,104-CI-T30,29-Oct-12,Truck,Adult,30,0.13,SCMS from RDC,N/A - From RDC,See DN-2861 (ID#:82513)
82933,DN-2106,Generic,CÃte dIvoire,22-Feb-11,22-Feb-11,300mg,Tablet,Yes,8758.37,From RDC,"Tenofovir Disoproxil Fumarate 300mg, tablets, 30 Tabs",63.46,4480,29433.6,PMO - US,"Aurobindo Unit III, India",Tenofovir Disoproxil Fumarate,6.57,N/A - From RDC,SO-38380,FPQ-6144,08-03-10,ARV,104-CI-T30,31-Jan-11,Air,Adult,30,0.22,SCMS from RDC,N/A - From RDC,3629
84241,DN-3069,Generic,Uganda,25-Apr-13,25-Apr-13,600/300mg,Tablet - FDC,No,See DN-3069 (ID#:83124),From RDC,"Abacavir/Lamivudine 600/300mg, scored tablets, 30 Tabs",121.76,7051,98431.96,PMO - US,Mylan (formerly Matrix) Nashik,Abacavir/Lamivudine,13.96,N/A - From RDC,SO-43941,FPQ-11143,12/13/12,ARV,114-UG-T30,25-Apr-13,Air,Adult,30,0.47,SCMS from RDC,N/A - From RDC,See DN-3069 (ID#:83124)
83112,DN-3024,Generic,Uganda,07-Mar-13,07-Mar-13,150/300mg,Tablet - FDC,Yes,12736.25,From RDC,"Lamivudine/Zidovudine 150/300mg, tablets, 60 Tabs",103.2,10125,73608.75,PMO - US,"Cipla, Goa, India",Lamivudine/Zidovudine,7.27,N/A - From RDC,SO-43490,FPQ-10780,10-10-12,ARV,114-UG-T30,18-Mar-13,Air,Adult,60,0.12,SCMS from RDC,N/A - From RDC,1887
82904,DN-1929,Generic,Nigeria,28-Jun-10,28-Jun-10,200/300mg,Tablet - FDC,Yes,Freight Included in Commodity Cost,From RDC,"Emtricitabine/Tenofovir Disoproxil Fumarate 200/300mg, tablets, 30 Tabs",25.33,1000,11750.0,PMO - US,Mylan (formerly Matrix) Nashik,Emtricitabine/Tenofovir Disoproxil Fumarate,11.75,N/A - From RDC,SO-36412,FPQ-5023,02-10-10,ARV,151-NG-T30,15-Jul-10,Air,Adult,30,0.39,SCMS from RDC,N/A - From RDC,90
6962,ASN-1650,Determine,Mozambique,27-May-08,27-May-08,MIssing,Test kit,Yes,7781.88,Direct Drop,"HIV 1/2, Determine HIV Kit, without Lancets, 100 Tests",483.77,4200,302358.0,PMO - US,Inverness Japan,"HIV 1/2, Determine HIV Kit, without Lancets",71.99,2/25/08,SCMS-18060,Pre-PQ Process,Pre-PQ Process,HRDT,111-MZ-T01,13-Jun-08,Air,HIV test,100,0.72,"Orgenics, Ltd",EXW,965
84598,DN-2035,Generic,CÃte dIvoire,26-Nov-10,26-Nov-10,1mg/ml,Oral solution,No,See DN-2035 (ID#:82356),From RDC,"Stavudine 1mg/ml, powder for oral solution, 200 ml",7.13,2449,3306.15,PMO - US,"Aurobindo Unit III, India",Stavudine,1.35,N/A - From RDC,SO-37150,FPQ-5925,6/23/10,ARV,104-CI-T30,30-Nov-10,Truck,Pediatric,200,0.01,SCMS from RDC,N/A - From RDC,See DN-2035 (ID#:82356)
49436,ASN-19166,Ziagen,South Africa,16-Apr-13,16-Apr-13,20mg/ml,Oral solution,No,Freight Included in Commodity Cost,Direct Drop,"Abacavir 20mg/ml [Ziagen], oral solution, Bottle, 240 ml",1.08,42,870.41,South Africa Field Office,GSK Mississauga (Canada),Abacavir,20.72,Date Not Captured,SCMS-183950,FPQ-11828,3/18/13,ARV,116-ZA-T30,16-Apr-13,Truck,Pediatric,240,0.09,S. BUYS WHOLESALER,DDP,Weight Captured Separately
48301,ASN-15398,Determine,CÃte dIvoire,05-Jul-12,05-Jul-12,MIssing,Test kit,Yes,57933.93,Direct Drop,"HIV 1/2, Determine Complete HIV Kit, 100 Tests",705.49,6290,503200.0,PMO - US,"Alere Medical Co., Ltd.","HIV 1/2, Determine Complete HIV Kit",80.0,3/22/12,SCMS-141430,FPQ-9394,2/28/12,HRDT,104-CI-T30,05-Jul-12,Air,HIV test,100,0.8,"Orgenics, Ltd",EXW,2995
12579,DN-1234,Generic,CÃte dIvoire,11-Jun-09,11-Jun-09,150mg,Tablet,No,See DN-1234 (ID#:11970),From RDC,"Lamivudine 150mg, tablets, 60 Tabs",81.78,17100,41724.0,PMO - US,"Aurobindo Unit III, India",Lamivudine,2.44,N/A - From RDC,SO-27520,Pre-PQ Process,Pre-PQ Process,ARV,104-CI-T01,11-Jun-09,Air,Adult,60,0.04,SCMS from RDC,N/A - From RDC,See DN-1234 (ID#:11970)
40657,ASN-5909,Stat-Pak,Ethiopia,29-Jan-10,29-Jan-10,MIssing,Test kit,Yes,447.73,Direct Drop,"HIV 1/2, Stat-Pak HIV, Kit, 20 Tests",8.15,140,3780.0,PMO - US,Chembio Diagnostics Sys. Inc.,"HIV 1/2, Stat-Pak HIV, Kit",27.0,01-12-10,SCMS-63000,FPQ-4867,01-05-10,HRDT,117-ET-T30,29-Jan-10,Air,HIV test,20,1.35,"CHEMBIO DIAGNOSTIC SYSTEMS, INC.",EXW,38
34360,ASN-10906,Generic,CÃte dIvoire,15-Jun-11,15-Jun-11,300/150/300mg,Tablet - FDC,Yes,5714.74,Direct Drop,"Abacavir/Lamivudine/Zidovudine 300/150/300mg, tablets, 60 Tabs",120.38,2432,72960.0,PMO - US,Mylan (formerly Matrix) Nashik,Abacavir/Lamivudine/Zidovudine,30.0,03-11-11,SCMS-101010,FPQ-6897,01-05-11,ARV,104-CI-T30,15-Jun-11,Air,Adult,60,0.5,MYLAN LABORATORIES LTD (FORMERLY MATRIX LABORATORIES),EXW,403
6438,ASN-4332,Generic,South Africa,23-Apr-09,23-Apr-09,1mg/ml,Oral solution,No,See ASN-4332 (ID#:1115),Direct Drop,"Stavudine 1mg/ml, powder for oral solution, 200 ml",1.63,400,832.0,PMO - US,"Aurobindo Unit III, India",Stavudine,2.08,04-02-09,SCMS-47500,Pre-PQ Process,Pre-PQ Process,ARV,116-ZA-T01,15-May-09,Truck,Pediatric,200,0.01,S. BUYS WHOLESALER,DDP,See ASN-4332 (ID#:1115)
82992,DN-2440,Generic,Zimbabwe,09-Dec-11,09-Dec-11,150/200/30mg,Tablet - FDC,Yes,5216.63,From RDC,"Lamivudine/Nevirapine/Stavudine 150/200/30mg, tablets, 60 Tabs",87.09,9493,52781.08,PMO - US,"Cipla, Goa, India",Lamivudine/Nevirapine/Stavudine,5.56,N/A - From RDC,SO-38510,FPQ-7052,1/19/11,ARV,113-ZW-T30,30-Dec-11,Truck,Adult,60,0.09,SCMS from RDC,N/A - From RDC,1021
45034,ASN-4939,Norvir,South Africa,03-Sep-09,03-Sep-09,100mg,Capsule,Yes,Freight Included in Commodity Cost,Direct Drop,"Ritonavir 100mg [Norvir], capsules, cool, 84 Caps",0.85,40,431.92,PMO - US,ABBVIE (Abbott) Logis. UK,Ritonavir,10.8,08-07-09,SCMS-51260,FPQ-4054,7/29/09,ARV,116-ZA-T30,03-Sep-09,Truck,Adult,84,0.13,S. BUYS WHOLESALER,DDP,Weight Captured Separately
82619,DN-3425,Generic,Guyana,02-Dec-13,20-Dec-13,10mg/ml,Oral suspension,No,See DN-3425 (ID#:82618),From RDC,"Nevirapine 10mg/ml, oral suspension w/syringe, Bottle, 240 ml",0.91,394,732.84,PMO - US,"Aurobindo Unit III, India",Nevirapine,1.86,N/A - From RDC,SO-46090,FPQ-12619,7/16/13,ARV,105-GY-T30,31-Dec-13,Air,Pediatric,240,0.01,SCMS from RDC,N/A - From RDC,See DN-3425 (ID#:82618)
29706,ASN-31750,Uni-Gold,"Congo, DRC",02-Jul-15,30-Jul-15,MIssing,Test kit,No,See ASN-31750 (ID#:19272),Direct Drop,"HIV 1/2, Uni-Gold HIV Kit, 20 Tests",15.93,423,13536.0,PMO - US,"Trinity Biotech, Plc","HIV 1/2, Uni-Gold HIV Kit",32.0,3/16/15,SCMS-280210,FPQ-16001,03-10-15,HRDT,101-CD-T30,02-Jul-15,Air,HIV test,20,1.6,"Trinity Biotech, Plc",EXW,See ASN-31750 (ID#:19272)
85821,DN-2508,Generic,"Congo, DRC",14-Mar-12,14-Mar-12,300mg,Tablet,Yes,1554.64,From RDC,"Zidovudine 300mg, tablets, 60 Tabs",1.84,187,1312.74,PMO - US,Hetero Unit III Hyderabad IN,Zidovudine,7.02,N/A - From RDC,SO-41144,FPQ-8840,11/21/11,ARV,101-CD-T30,16-Mar-12,Air,Adult,60,0.12,SCMS from RDC,N/A - From RDC,125
67551,ASN-32420,Isentress,Mozambique,09-Jun-15,16-Jul-15,400mg,Tablet,Yes,Freight Included in Commodity Cost,Direct Drop,"Raltegravir 400mg [Isentress], tablets, 60 Tabs",3.4,52,2886.0,PMO - US,"MSD, Haarlem, NL",Raltegravir,55.5,12/19/14,SCMS-270120,FPQ-15221,10/28/14,ARV,111-MZ-T30,09-Jun-15,Air,Adult,60,0.92,MERCK SHARP & DOHME IDEA GMBH (FORMALLY MERCK SHARP & DOHME B.V.),CIP,Weight Captured Separately
84066,DN-2137,Generic,CÃte dIvoire,29-Mar-11,29-Mar-11,150/300mg,Tablet - FDC,No,See DN-2137 (ID#:83490),From RDC,"Lamivudine/Zidovudine 150/300mg, tablets, 60 Tabs",751.21,40752,348429.6,PMO - US,Hetero Unit III Hyderabad IN,Lamivudine/Zidovudine,8.55,N/A - From RDC,SO-37700,FPQ-6495,10-04-10,ARV,104-CI-T30,31-Mar-11,Air,Adult,60,0.14,SCMS from RDC,N/A - From RDC,See DN-2137 (ID#:83490)
6647,ASN-192,Capillus,Rwanda,25-Jan-07,25-Jan-07,MIssing,Test kit,Yes,859.37,Direct Drop,"HIV 1/2, Capillus HIV Kit, 100 Tests",MIssing,60,10500.0,PMO - US,"Trinity Biotech, Plc","HIV 1/2, Capillus HIV Kit",175.0,12/29/06,SCMS-289,Pre-PQ Process,Pre-PQ Process,HRDT,107-RW-T01,25-Jan-07,Air,HIV test,100,1.75,"Trinity Biotech, Plc",EXW,39
83426,DN-1822,Generic,Nigeria,18-May-10,18-May-10,150/200/30mg,Tablet - FDC,Yes,9736.1,From RDC,"Lamivudine/Nevirapine/Stavudine 150/200/30mg, tablets, 60 Tabs",915.17,72560,424476.0,PMO - US,"Strides, Bangalore, India.",Lamivudine/Nevirapine/Stavudine,5.85,N/A - From RDC,SO-36003,FPQ-4537,11-06-09,ARV,151-NG-T30,31-May-10,Air Charter,Adult,60,0.1,SCMS from RDC,N/A - From RDC,5420
668,ASN-2255,Paramax,Guyana,15-Aug-08,15-Aug-08,MIssing,Test kit,Yes,180,Direct Drop,"Malaria Paramax-3 Kit, 25 Tests",5.88,98,3675.0,PMO - US,Not Applicable,Malaria Paramax-3 Kit,37.5,7/25/08,SCMS-27670,Pre-PQ Process,Pre-PQ Process,MRDT,102-GY-T01,15-Aug-08,Air,Malaria,25,1.5,ZEPHYR BIOMEDICALS,CIP,34
12666,DN-267,Aluvia,CÃte dIvoire,03-Aug-07,03-Aug-07,200/50mg,Tablet,Yes,2457,From RDC,"Lopinavir/Ritonavir 200/50mg [Aluvia], tablets, 120 Tabs",203.4,3090,127122.6,PMO - US,ABBVIE Ludwigshafen Germany,Lopinavir/Ritonavir,41.14,N/A - From RDC,SO-733,Pre-PQ Process,Pre-PQ Process,ARV,104-CI-T01,03-Aug-07,MIssing,Adult,120,0.34,SCMS from RDC,N/A - From RDC,650
9041,ASN-3732,Truvada,South Africa,21-Jan-09,21-Jan-09,300/200mg,Tablet - FDC,No,Freight Included in Commodity Cost,Direct Drop,"Emtricitabine/Tenofovir Disoproxil Fumarate 200/300mg [Truvada], tablets, 30 Tabs",3.55,60,1813.2,PMO - US,"Aspen-OSD, Port Elizabeth, SA",Emtricitabine/Tenofovir Disoproxil Fumarate,30.22,Date Not Captured,SCMS-41190,Pre-PQ Process,Pre-PQ Process,ARV,116-ZA-T01,30-Mar-09,Air,Adult,30,1.01,S. BUYS WHOLESALER,DDP,Weight Captured Separately
85700,DN-1982,Generic,CÃte dIvoire,23-Aug-10,23-Aug-10,600/300mg,Tablet - FDC,No,See DN-1982 (ID#:82910),From RDC,"Abacavir/Lamivudine 600/300mg, scored tablets, 30 Tabs",72.76,1500,33750.0,PMO - US,Mylan (formerly Matrix) Nashik,Abacavir/Lamivudine,22.5,N/A - From RDC,SO-36311,FPQ-5201,03-03-10,ARV,104-CI-T30,23-Aug-10,Air,Adult,30,0.75,SCMS from RDC,N/A - From RDC,See DN-1982 (ID#:82910)
42870,ASN-26923,Generic,Vietnam,29-Jul-14,06-Aug-14,150mg,Tablet,No,See ASN-26923 (ID#:13027),Direct Drop,"Lamivudine 150mg, tablets, 60 Tabs",12.17,6400,11840.0,PMO - US,Hetero Unit III Hyderabad IN,Lamivudine,1.85,03-10-14,SCMS-226220,FPQ-13524,02-06-14,ARV,108-VN-T30,29-Jul-14,Air,Adult,60,0.03,HETERO LABS LIMITED,EXW,See ASN-26923 (ID#:13027)
6450,ASN-4326,Determine,CÃte dIvoire,14-Jul-09,14-Jul-09,MIssing,Test kit,Yes,3272.6,Direct Drop,"HIV 1/2, Determine HIV Kit, without Lancets, 100 Tests",109.76,800,56000.0,PMO - US,Inverness Japan,"HIV 1/2, Determine HIV Kit, without Lancets",70.0,5/27/09,SCMS-42590,Pre-PQ Process,Pre-PQ Process,HRDT,104-CI-T01,14-Jul-09,Air,HIV test,100,0.7,"Orgenics, Ltd",EXW,182
83822,DN-3817,Generic,Guyana,29-Aug-14,08-Sep-14,10mg/ml,Oral suspension,Yes,3519.7,From RDC,"Nevirapine 10mg/ml, oral suspension w/syringe, Bottle, 240 ml",0.22,129,210.27,PMO - US,"Aurobindo Unit III, India",Nevirapine,1.63,N/A - From RDC,SO-48510,FPQ-14042,04-09-14,ARV,105-GY-T30,30-Sep-14,Air,Pediatric,240,0.01,SCMS from RDC,N/A - From RDC,253
49529,ASN-5133,Generic,South Africa,10-Sep-09,10-Sep-09,600mg,Tablet,Yes,Freight Included in Commodity Cost,Direct Drop,"Efavirenz 600mg, tablets, 30 Tabs",1027.64,29672,524304.06,PMO - US,"Cipla, Goa, India",Efavirenz,17.67,7/21/09,SCMS-49630,FPQ-3560,05-07-09,ARV,116-ZA-T30,10-Sep-09,Truck,Adult,30,0.59,S. BUYS WHOLESALER,DDP,Weight Captured Separately
12125,DN-416,Generic,Guyana,07-Nov-07,07-Nov-07,150/300mg,Tablet - FDC,Yes,4807,From RDC,"Lamivudine/Zidovudine 150/300mg, tablets, 60 Tabs",28.09,1848,17556.0,PMO - US,"Aurobindo Unit III, India",Lamivudine/Zidovudine,9.5,N/A - From RDC,SO-1233,Pre-PQ Process,Pre-PQ Process,ARV,105-GY-T01,07-Nov-07,Air,Adult,60,0.16,SCMS from RDC,N/A - From RDC,402
71411,ASN-18271,First Response,Zimbabwe,15-Mar-13,15-Mar-13,MIssing,Test kit,Yes,13380.07,Direct Drop,"HIV 1/2/O, First Response HIV 1-2.0, v.3.0 Cards Kit, 30 Tests",222.66,8000,180000.0,PMO - US,Premier Med. Corp Ltd. India,"HIV 1/2/O, First Response HIV 1-2.0, v.3.0 Cards Kit",22.5,12/26/12,SCMS-170110,FPQ-11161,12-12-12,HRDT,113-ZW-T30,15-Mar-13,Air,HIV test,30,0.75,Premier Medical Corporation Ltd.,EXW,2460
37324,ASN-16006,Generic,Uganda,29-Aug-12,29-Aug-12,600/300/300mg,Tablet - FDC,Yes,146850.66,Direct Drop,"Efavirenz/Lamivudine/Tenofovir Disoproxil Fumarate 600/300/300mg, tablets, 30 Tabs",3446.75,205042,2458453.58,PMO - US,Mylan (formerly Matrix) Nashik,Efavirenz/Lamivudine/Tenofovir Disoproxil Fumarate,11.99,7/31/12,SCMS-153580,FPQ-10289,07-11-12,ARV,103-UG-T30,29-Aug-12,Air,Adult,30,0.4,MYLAN LABORATORIES LTD (FORMERLY MATRIX LABORATORIES),EXW,24556
12425,DN-415,Uni-Gold,Mozambique,30-Nov-07,30-Nov-07,MIssing,Test kit,No,See DN-415 (ID#:12120),From RDC,"HIV 1/2, Uni-Gold HIV Kit, 20 Tests",256,5000,160000.0,PMO - US,"Trinity Biotech, Plc","HIV 1/2, Uni-Gold HIV Kit",32.0,N/A - From RDC,SO-1064,Pre-PQ Process,Pre-PQ Process,HRDT,111-MZ-T01,30-Nov-07,Air,HIV test,20,1.6,SCMS from RDC,N/A - From RDC,See DN-415 (ID#:12120)
11368,DN-30,Crixivan,CÃte dIvoire,15-Mar-07,15-Mar-07,400mg,Capsule,No,See DN-30 (ID#:11091),From RDC,"Indinavir 400mg [Crixivan], capsules, 180 Caps",MIssing,370,18248.4,PMO - US,MSD Elkton USA,Indinavir,49.32,N/A - From RDC,SO-373,Pre-PQ Process,Pre-PQ Process,ARV,100-CI-T01,15-Mar-07,MIssing,Adult,180,0.27,SCMS from RDC,N/A - From RDC,See DN-30 (ID#:11091)
80399,ASN-27030,Generic,Zimbabwe,23-Jul-14,29-Jul-14,300/300mg,Tablet - FDC,Yes,19557.01,Direct Drop,"Lamivudine/Tenofovir Disoproxil Fumarate 300/300mg, tablets, 30 Tabs",138.14,28899,134380.35,PMO - US,"Aurobindo Unit VII, IN",Lamivudine/Tenofovir Disoproxil Fumarate,4.65,5/26/14,SCMS-240580,FPQ-13939,04-01-14,ARV,113-ZW-T30,23-Jul-14,Air Charter,Adult,30,0.16,Aurobindo Pharma Limited,EXW,2846
33872,ASN-26924,Generic,Vietnam,29-Jul-14,06-Aug-14,600/300/300mg,Tablet - FDC,Yes,5583.11,Direct Drop,"Efavirenz/Lamivudine/Tenofovir Disoproxil Fumarate 600/300/300mg, tablets, 30 Tabs",245.59,22752,238896.0,PMO - US,Hetero Unit III Hyderabad IN,Efavirenz/Lamivudine/Tenofovir Disoproxil Fumarate,10.5,03-10-14,SCMS-226220,FPQ-13524,02-06-14,ARV,108-VN-T30,29-Jul-14,Air,Adult,30,0.35,HETERO LABS LIMITED,EXW,3195
26341,ASN-19166,Epivir,South Africa,16-Apr-13,16-Apr-13,150mg,Tablet,No,Freight Included in Commodity Cost,Direct Drop,"Lamivudine 150mg [Epivir], tablets, 60 Tabs",51.31,3532,41483.17,South Africa Field Office,GSK Ware (UK),Lamivudine,11.74,Date Not Captured,SCMS-183950,FPQ-11828,3/18/13,ARV,116-ZA-T30,16-Apr-13,Truck,Adult,60,0.2,S. BUYS WHOLESALER,DDP,Weight Captured Separately
10969,DN-718,Generic,Nigeria,21-Apr-08,21-Apr-08,1mg/ml,Oral solution,No,See DN-718 (ID#:10968),From RDC,"Stavudine 1mg/ml, powder for oral solution, 200 ml",0.04,16,22.4,PMO - US,"Aurobindo Unit III, India",Stavudine,1.4,N/A - From RDC,SO-2350,Pre-PQ Process,Pre-PQ Process,ARV,112-NG-T01,21-Apr-08,Air,Pediatric,200,0.01,SCMS from RDC,N/A - From RDC,See DN-718 (ID#:10968)
70559,ASN-11363,Generic,Vietnam,26-Jul-11,26-Jul-11,150mg,Tablet,Yes,9145.1,Direct Drop,"Lamivudine 150mg, tablets, 60 Tabs",193.88,50000,117500.0,PMO - US,"Strides, Bangalore, India.",Lamivudine,2.35,05-02-11,SCMS-107631,FPQ-7565,4/21/11,ARV,108-VN-T30,26-Jul-11,Air,Adult,60,0.04,STRIDES ARCOLAB LIMITED,EXW,2537
81456,ASN-31235,Colloidal Gold,Haiti,21-Apr-15,28-Apr-15,MIssing,Test kit,Yes,10893.85,Direct Drop,"HIV 1/2, SKB Colloidal Gold, Diagnostic Kit, Antibody, 50 Tests",46.14,1600,39200.0,PMO - US,"KHB Test Kit Facility, Shanghai China","HIV 1/2, Colloidal Gold, Diagnostic Kit, Antibody",24.5,11-05-14,SCMS-260790,FPQ-15102,10-10-14,HRDT,106-HT-T30,21-Apr-15,Air,HIV test,1,24.5,"SHANGHAI KEHUA BIOENGINEERING CO.,LTD.  (KHB)",EXW,1130
83293,DN-4043,Generic,Rwanda,24-Dec-14,31-Dec-14,60/30mg,Chewable/dispersible tablet - FDC,Yes,4649.71,From RDC,"Abacavir/Lamivudine 60/30mg, dispersible tablets, 60 Tabs",31.55,6030,30692.7,PMO - US,"Cipla, Patalganga, India",Abacavir/Lamivudine,5.09,N/A - From RDC,SO-49952,FPQ-14811,10/15/14,ARV,107-RW-T30,14-Jan-15,Truck,Pediatric,60,0.08,SCMS from RDC,N/A - From RDC,542
84588,DN-1997,Generic,Uganda,27-Sep-10,27-Sep-10,150/300mg,Tablet - FDC,No,See DN-1997 (ID#:82914),From RDC,"Lamivudine/Zidovudine 150/300mg, tablets, 60 Tabs",1164.06,63148,539915.4,PMO - US,"Aurobindo Unit III, India",Lamivudine/Zidovudine,8.55,N/A - From RDC,SO-37250,FPQ-6202,08-06-10,ARV,102-UG-T30,29-Oct-10,Air,Adult,60,0.14,SCMS from RDC,N/A - From RDC,See DN-1997 (ID#:82914)
38111,ASN-32498,Generic,Uganda,20-Jun-15,23-Jun-15,300/100mg,Tablet,Yes,7172.9,Direct Drop,"Atazanavir/Ritonavir 300/100mg, tablets, 30 Tabs",283.91,12370,241215.0,PMO - US,Mylan (formerly Matrix) Nashik,Atazanavir/Ritonavir,19.5,2/23/15,SCMS-277510,FPQ-15674,01-12-15,ARV,114-UG-T30,20-Jun-15,Air,Adult,30,0.65,MYLAN LABORATORIES LTD (FORMERLY MATRIX LABORATORIES),EXW,1652
76112,ASN-6840,Generic,Rwanda,01-Jun-10,01-Jun-10,300/300mg,Tablet - FDC,Yes,21340.35,Direct Drop,"Lamivudine/Tenofovir Disoproxil Fumarate 300/300mg, tablets, 30 Tabs",444.26,20700,226665.0,PMO - US,Mylan (formerly Matrix) Nashik,Lamivudine/Tenofovir Disoproxil Fumarate,10.95,8/31/09,SCMS-50280,FPQ-4011,7/16/09,ARV,107-RW-T30,01-Jun-10,Air,Adult,30,0.36,MYLAN LABORATORIES LTD (FORMERLY MATRIX LABORATORIES),CIP,1795
66946,ASN-26408,Generic,"Congo, DRC",26-Aug-14,16-Sep-14,250mg,Delayed-release capsules,Yes,734.66,Direct Drop,"Didanosine 250mg, delayed-release capsules, 30 Caps",0.78,100,758.0,PMO - US,"Aurobindo Unit III, India",Didanosine,7.58,05-05-14,SCMS-234230,FPQ-13555,3/19/14,ARV,101-CD-T30,26-Aug-14,Air,Adult,30,0.25,Aurobindo Pharma Limited,EXW,9
73804,ASN-33268,Generic,Vietnam,03-Sep-15,03-Sep-15,600/300/300mg,Tablet - FDC,Yes,Invoiced Separately,Direct Drop,"Efavirenz/Lamivudine/Tenofovir Disoproxil Fumarate 600/300/300mg, tablets, 30 Tabs",198.58,17760,168720.0,PMO - US,Hetero Unit III Hyderabad IN,Efavirenz/Lamivudine/Tenofovir Disoproxil Fumarate,9.5,5/13/15,SCMS-285500,FPQ-16194,4/14/15,ARV,108-VN-T30,03-Sep-15,Air,Adult,30,0.32,HETERO LABS LIMITED,EXW,Weight Captured Separately
10544,DN-27,Generic,Nigeria,22-Feb-07,22-Feb-07,10mg/ml,Oral solution,Yes,4535,From RDC,"Lamivudine 10mg/ml, oral solution, Bottle, 240 ml",MIssing,1200,2640.0,PMO - US,"Aurobindo Unit III, India",Lamivudine,2.2,N/A - From RDC,SO-339,Pre-PQ Process,Pre-PQ Process,ARV,112-NG-T01,22-Feb-07,MIssing,Pediatric,240,0.01,SCMS from RDC,N/A - From RDC,1178
85503,DN-3812,Generic,Tanzania,23-Sep-14,24-Nov-14,30/50/60mg,Chewable/dispersible tablet - FDC,Yes,6002,From RDC,"Lamivudine/Nevirapine/Zidovudine 30/50/60mg, dispersible tablets, 60 Tabs",78.44,17000,63410.0,PMO - US,Mylan (formerly Matrix) Nashik,Lamivudine/Nevirapine/Zidovudine,3.73,N/A - From RDC,SO-46675,FPQ-13042,10-01-13,ARV,109-TZ-T30,29-Aug-14,Truck,Pediatric,60,0.06,SCMS from RDC,N/A - From RDC,931
84238,DN-3064,Aluvia,Zimbabwe,13-Apr-13,13-Apr-13,200/50mg,Tablet,Yes,5623.52,From RDC,"Lopinavir/Ritonavir 200/50mg [Aluvia], tablets, 120 Tabs",70.22,2390,56762.5,PMO - US,ABBVIE Ludwigshafen Germany,Lopinavir/Ritonavir,23.75,N/A - From RDC,SO-44600,FPQ-11714,2/20/13,ARV,113-ZW-T30,13-Apr-13,Air,Adult,120,0.2,SCMS from RDC,N/A - From RDC,533
85178,DN-2108,Generic,CÃte dIvoire,22-Feb-11,22-Feb-11,300mg,Tablet,No,See DN-2108 (ID#:82368),From RDC,"Abacavir 300mg, tablets, 60 Tabs",81.41,2436,37758.0,PMO - US,Mylan (formerly Matrix) Nashik,Abacavir,15.5,N/A - From RDC,SO-37290,FPQ-6144,08-03-10,ARV,104-CI-T30,31-Jan-11,Air,Adult,60,0.26,SCMS from RDC,N/A - From RDC,See DN-2108 (ID#:82368)
84208,DN-2935,Generic,CÃte dIvoire,30-Nov-12,30-Nov-12,600mg,Tablet,No,See DN-2935 (ID#:83641),From RDC,"Efavirenz 600mg, tablets, 30 Tabs",377.97,74064,269592.96,PMO - US,"Strides, Bangalore, India.",Efavirenz,3.64,N/A - From RDC,SO-42390,FPQ-9749,4/19/12,ARV,104-CI-T30,14-Dec-12,Truck,Adult,30,0.12,SCMS from RDC,N/A - From RDC,See DN-2935 (ID#:83641)
12346,DN-83,Uni-Gold,Botswana,27-Apr-07,27-Apr-07,MIssing,Test kit,Yes,1225.37,From RDC,"HIV 1/2, Uni-Gold HIV Kit, 20 Tests",MIssing,500,16000.0,PMO - US,"Trinity Biotech, Plc","HIV 1/2, Uni-Gold HIV Kit",32.0,N/A - From RDC,SO-424,Pre-PQ Process,Pre-PQ Process,HRDT,100-BW-T01,27-Apr-07,MIssing,HIV test,20,1.6,SCMS from RDC,N/A - From RDC,164
42030,ASN-31129,Uni-Gold,South Sudan,08-May-15,11-May-15,MIssing,Test kit,No,See ASN-31129 (ID#:40205),Direct Drop,"HIV 1/2, Uni-Gold HIV Kit, 20 Tests",0.68,18,576.0,PMO - US,"Trinity Biotech, Plc","HIV 1/2, Uni-Gold HIV Kit",32.0,2/20/15,SCMS-272140,FPQ-15569,12/29/14,HRDT,105-SS-T30,08-May-15,Air,HIV test,20,1.6,"Trinity Biotech, Plc",EXW,See ASN-31129 (ID#:40205)
11137,DN-209,Generic,Nigeria,03-Jul-07,03-Jul-07,150/200/40mg,Tablet - FDC,No,See DN-209 (ID#:11136),From RDC,"Lamivudine/Nevirapine/Stavudine 150/200/40mg, tablets, 60 Tabs",12.54,1018,7838.6,PMO - US,"Cipla, Goa, India",Lamivudine/Nevirapine/Stavudine,7.7,N/A - From RDC,SO-563,Pre-PQ Process,Pre-PQ Process,ARV,112-NG-T01,03-Jul-07,MIssing,Adult,60,0.13,SCMS from RDC,N/A - From RDC,See DN-209 (ID#:11136)
76073,ASN-26882,Generic,South Africa,25-Jun-14,25-Jun-14,300mg,Tablet,No,Freight Included in Commodity Cost,Direct Drop,"Zidovudine 300mg, tablets, 60 Tabs",0.33,13,324.4,PMO - US,"Aurobindo Unit III, India",Zidovudine,24.95,6/25/14,SCMS-238551,FPQ-13973,4/30/14,ARV,116-ZA-T30,25-Jun-14,Truck,Adult,60,0.42,PHARMACY DIRECT,DDP,Weight Captured Separately
64183,ASN-27436,Prezista,Mozambique,01-Oct-14,01-Oct-14,600mg,Tablet,Yes,277.4,Direct Drop,"Darunavir 600mg [Prezista], tablets, 60 Tabs",5.48,80,5328.0,PMO - US,"Janssen-Cilag, Latina, IT",Darunavir,66.6,3/14/14,SCMS-226780,FPQ-13241,11/18/13,ARV,111-MZ-T30,01-Oct-14,Air,Adult,60,1.11,B&C GROUP S.A.,EXW,13
36019,ASN-31133,Determine,Tanzania,28-Apr-15,28-Apr-15,MIssing,Test kit,Yes,1806.81,Direct Drop,"HIV 1/2, Determine Complete HIV Kit, 100 Tests",13.82,168,13440.0,PMO - US,"Alere Medical Co., Ltd.","HIV 1/2, Determine Complete HIV Kit",80.0,4/29/14,SCMS-235450,FPQ-13945,3/27/14,HRDT,109-TZ-T30,28-Apr-15,Air,HIV test,100,0.8,"Orgenics, Ltd",EXW,73
11868,DN-767,Generic,Zambia,17-Jun-08,17-Jun-08,200mg,Tablet,Yes,4217.45,From RDC,"Nevirapine 200mg, tablets, 60 Tabs",302.25,55560,188904.0,PMO - US,Hetero Unit III Hyderabad IN,Nevirapine,3.4,N/A - From RDC,SO-2488,Pre-PQ Process,Pre-PQ Process,ARV,110-ZM-T01,17-Jun-08,Truck,Adult,60,0.06,SCMS from RDC,N/A - From RDC,3224
83611,DN-2773,Generic,Nigeria,24-Jul-12,24-Jul-12,200mg,Tablet,No,See DN-2773 (ID#:83608),From RDC,"Nevirapine 200mg, tablets, 60 Tabs",278.83,79235,198879.85,PMO - US,"Aurobindo Unit III, India",Nevirapine,2.51,N/A - From RDC,SO-42806,FPQ-9432,03-01-12,ARV,151-NG-T30,02-Aug-12,Air Charter,Adult,60,0.04,SCMS from RDC,N/A - From RDC,See DN-2773 (ID#:83608)
84350,DN-3590,Generic,Ghana,07-Apr-14,17-Apr-14,600/300/300mg,Tablet - FDC,Yes,38560.67,From RDC,"Efavirenz/Lamivudine/Tenofovir Disoproxil Fumarate 600/300/300mg, tablets, 30 Tabs",188.11,16834,182985.58,PMO - US,Mylan (formerly Matrix) Nashik,Efavirenz/Lamivudine/Tenofovir Disoproxil Fumarate,10.87,N/A - From RDC,SO-47930,FPQ-13609,2/19/14,ARV,105-GH-T30,07-Apr-14,Air,Adult,30,0.36,SCMS from RDC,N/A - From RDC,5447
85228,DN-2509,Generic,"Congo, DRC",13-Apr-12,13-Apr-12,10mg/ml,Oral suspension,No,See DN-2509 (ID#:82441),From RDC,"Nevirapine 10mg/ml, oral suspension w/syringe, Bottle, 240 ml",0.41,151,294.45,PMO - US,"Aurobindo Unit III, India",Nevirapine,1.95,N/A - From RDC,SO-41145,FPQ-8840,11/21/11,ARV,101-CD-T30,16-Mar-12,Air,Pediatric,240,0.01,SCMS from RDC,N/A - From RDC,See DN-2509 (ID#:82441)
6671,ASN-704,Videx,CÃte dIvoire,21-Sep-07,21-Sep-07,200mg,Tablet,Yes,Freight Included in Commodity Cost,Direct Drop,"#102198**Didanosine 200mg [Videx], tablets, 60 Tabs",233.42,5721,145885.5,PMO - US,"BMS Meymac, France",Didanosine,25.5,5/30/07,SCMS-609,Pre-PQ Process,Pre-PQ Process,ARV,104-CI-T01,21-Sep-07,Air,Pediatric,60,0.42,BRISTOL-MYERS SQUIBB,CIP,1232
86236,DN-1312,Generic,Nigeria,09-Jul-09,09-Jul-09,30/50/6mg,Chewable/dispersible tablet - FDC,Yes,714.34,From RDC,"Lamivudine/Nevirapine/Stavudine 30/50/6mg, dispersible tablets, 60 Tabs",0.22,46,114.54,PMO - US,"Cipla, Goa, India",Lamivudine/Nevirapine/Stavudine,2.49,N/A - From RDC,SO-32271,FPQ-3815,5/26/09,ARV,154-NG-T30,30-Jul-09,Air,Pediatric,60,0.04,SCMS from RDC,N/A - From RDC,2
19225,ASN-5373,Retrovir,South Africa,19-Oct-09,19-Oct-09,100mg,Capsule,No,Freight Included in Commodity Cost,Direct Drop,"Zidovudine 100mg [Retrovir], capsules, 100 Caps",1.16,40,591.97,PMO - US,GSK Crawley,Zidovudine,14.8,10/15/09,SCMS-54980,FPQ-4359,10-08-09,ARV,116-ZA-T30,19-Oct-09,Truck,Pediatric,100,0.15,S. BUYS WHOLESALER,DDP,Weight Captured Separately
21033,ASN-23390,Kaletra,Zambia,07-Feb-14,13-Feb-14,80/20mg/ml,Oral solution,Yes,14384.91,Direct Drop,"Lopinavir/Ritonavir 80/20mg/ml [Kaletra], oral solution, cool, Bottle 5 x 60 ml",81.39,2569,79176.58,PMO - US,ABBVIE (Abbott) Logis. UK,Lopinavir/Ritonavir,30.82,11/19/13,SCMS-215200,FPQ-13224,10/31/13,ARV,110-ZM-T30,07-Feb-14,Air,Pediatric,300,0.1,ABBVIE LOGISTICS (FORMERLY ABBOTT LOGISTICS BV),FCA,2410
11966,DN-1193,Generic,Kenya,23-Apr-09,23-Apr-09,200mg,Capsule,No,See DN-1193 (ID#:11312),From RDC,"Efavirenz 200mg, capsule, 90 Caps",0,170,1.7,PMO - US,"Aurobindo Unit III, India",Efavirenz,0.01,N/A - From RDC,SO-29010,Pre-PQ Process,Pre-PQ Process,ARV,127-KE-T01,23-Apr-09,Truck,Pediatric,90,0.0,SCMS from RDC,N/A - From RDC,See DN-1193 (ID#:11312)
10670,DN-589,Generic,Uganda,28-Feb-08,28-Feb-08,150/200/30mg,Tablet - FDC,Yes,1430.22,From RDC,"Lamivudine/Nevirapine/Stavudine 150/200/30mg, tablets, 60 Tabs",1.1,93,688.2,PMO - US,"Cipla, Goa, India",Lamivudine/Nevirapine/Stavudine,7.4,N/A - From RDC,SO-1082,Pre-PQ Process,Pre-PQ Process,ARV,114-UG-T01,28-Feb-08,MIssing,Adult,60,0.12,SCMS from RDC,N/A - From RDC,311
66680,ASN-9408,Generic,Vietnam,16-Feb-11,16-Feb-11,150/200/30mg,Tablet - FDC,No,See ASN-9408 (ID#:39263),Direct Drop,"Lamivudine/Nevirapine/Stavudine 150/200/30mg, tablets, 60 Tabs",53.81,5200,24960.0,PMO - US,Hetero Unit III Hyderabad IN,Lamivudine/Nevirapine/Stavudine,4.8,10/18/10,SCMS-87780,FPQ-6384,9/30/10,ARV,108-VN-T30,16-Feb-11,Air,Adult,60,0.08,HETERO LABS LIMITED,EXW,See ASN-9408 (ID#:39263)
82602,DN-3329,Generic,CÃte dIvoire,20-Sep-13,20-Sep-13,150/300mg,Tablet - FDC,Yes,15614.89,From RDC,"Lamivudine/Zidovudine 150/300mg, tablets, 60 Tabs",190.27,21158,153818.66,PMO - US,Mylan (formerly Matrix) Nashik,Lamivudine/Zidovudine,7.27,N/A - From RDC,SO-44201,FPQ-11253,12/14/12,ARV,104-CI-T30,30-Sep-13,Truck,Adult,60,0.12,SCMS from RDC,N/A - From RDC,3653
50345,ASN-13367,Generic,Swaziland,06-Feb-12,06-Feb-12,150/300mg+600mg,Tablet - FDC + co-blister,Yes,17214.74,Direct Drop,"Lamivudine/Zidovudine+Efavirenz 150/300mg+600mg, tablets, co-blister 60+30 Tabs",448.8,20000,272000.0,PMO - US,"Aurobindo Unit III, India",Lamivudine/Zidovudine+Efavirenz,13.6,10-05-11,SCMS-124160,FPQ-8386,9/14/11,ARV,900-SZ-T30,06-Feb-12,Air,Adult,90,0.15,Aurobindo Pharma Limited,EXW,3295
86437,DN-2492,Generic,"Congo, DRC",14-Feb-12,14-Feb-12,200/50mg,Tablet,No,See DN-2492 (ID#:82999),From RDC,"Lopinavir/Ritonavir 200/50mg, tablets, 120 Tabs",0.52,11,371.14,PMO - US,"Aurobindo Unit III, India",Lopinavir/Ritonavir,33.74,N/A - From RDC,SO-41130,FPQ-8840,11/21/11,ARV,101-CD-T30,16-Mar-12,Air,Adult,120,0.28,SCMS from RDC,N/A - From RDC,See DN-2492 (ID#:82999)
84667,DN-2338,Generic,Zambia,26-Sep-11,26-Sep-11,200/300mg,Tablet - FDC,Yes,21077.51,From RDC,"Emtricitabine/Tenofovir Disoproxil Fumarate 200/300mg, tablets, 30 Tabs",2748.66,169985,1665853.0,PMO - US,Mylan (formerly Matrix) Nashik,Emtricitabine/Tenofovir Disoproxil Fumarate,9.8,N/A - From RDC,SO-39030,FPQ-7233,03-01-11,ARV,110-ZM-T30,26-Sep-11,Truck,Adult,30,0.33,SCMS from RDC,N/A - From RDC,18994
10675,DN-732,Determine,Pakistan,19-May-08,19-May-08,MIssing,Test kit,Yes,Invoiced Separately,From RDC,"HIV 1/2, Determine HIV Kit, without Lancets, 100 Tests",2.3,20,1439.8,PMO - US,Inverness Japan,"HIV 1/2, Determine HIV Kit, without Lancets",71.99,N/A - From RDC,SO-2496,Pre-PQ Process,Pre-PQ Process,HRDT,100-PK-T01,19-May-08,Air,HIV test,100,0.72,SCMS from RDC,N/A - From RDC,Weight Captured Separately
11608,DN-1052,Generic,Ethiopia,03-Mar-09,03-Mar-09,300mg,Tablet,No,See DN-1052 (ID#:10737),From RDC,"Tenofovir Disoproxil Fumarate 300mg, tablets, 30 Tabs",182.2,7000,92960.0,PMO - US,Mylan (formerly Matrix) Nashik,Tenofovir Disoproxil Fumarate,13.28,N/A - From RDC,SO-22020,Pre-PQ Process,Pre-PQ Process,ARV,117-ET-T01,03-Mar-09,Air,Adult,30,0.44,SCMS from RDC,N/A - From RDC,See DN-1052 (ID#:10737)
63466,ASN-5372,Generic,South Africa,21-Oct-09,21-Oct-09,200mg,Tablet,No,Freight Included in Commodity Cost,Direct Drop,"Nevirapine 200mg, tablets, 60 Tabs",13.25,300,6758.47,PMO - US,"Cipla, Goa, India",Nevirapine,22.53,10/15/09,SCMS-54980,FPQ-4359,10-08-09,ARV,116-ZA-T30,21-Oct-09,Truck,Adult,60,0.38,S. BUYS WHOLESALER,DDP,Weight Captured Separately
82435,DN-2497,Generic,"Congo, DRC",14-Feb-12,14-Feb-12,150/300/200mg,Tablet - FDC,Yes,912.36,From RDC,"Lamivudine/Nevirapine/Zidovudine 150/200/300mg, tablets, 60 Tabs",0.43,28,308.0,PMO - US,Mylan (formerly Matrix) Nashik,Lamivudine/Nevirapine/Zidovudine,11.0,N/A - From RDC,SO-41135,FPQ-8840,11/21/11,ARV,101-CD-T30,16-Mar-12,Air,Adult,60,0.18,SCMS from RDC,N/A - From RDC,13
56927,ASN-6979,Determine,Nigeria,16-Jun-10,16-Jun-10,MIssing,Test kit,Yes,Freight Included in Commodity Cost,Direct Drop,"HIV 1/2, Determine Complete HIV Kit, 100 Tests",362.21,2100,168000.0,PMO - US,Inverness Japan,"HIV 1/2, Determine Complete HIV Kit",80.0,02-05-10,SCMS-64780,FPQ-4891,1/15/10,HRDT,133-NG-T30,05-May-10,Air,HIV test,100,0.8,"Orgenics, Ltd",EXW,1002
86394,DN-2264,Generic,Mozambique,01-Sep-11,01-Sep-11,10mg/ml,Oral solution,Yes,3525.03,From RDC,"Zidovudine 10mg/ml, oral solution w/syringe, Bottle, 240 ml",20.83,6250,12625.0,PMO - US,"Aurobindo Unit III, India",Zidovudine,2.02,N/A - From RDC,SO-39830,FPQ-7053,1/24/11,ARV,111-MZ-T30,31-Aug-11,Truck,Pediatric,240,0.01,SCMS from RDC,N/A - From RDC,2409
11754,DN-293,Generic,Tanzania,26-Sep-07,26-Sep-07,300mg,Tablet,Yes,3901.78,From RDC,"Abacavir 300mg, tablets, 60 Tabs",438.82,7661,274263.8,PMO - US,"Aurobindo Unit III, India",Abacavir,35.8,N/A - From RDC,SO-771,Pre-PQ Process,Pre-PQ Process,ARV,109-TZ-T01,26-Sep-07,MIssing,Adult,60,0.6,SCMS from RDC,N/A - From RDC,750
86497,DN-2767,Generic,Nigeria,24-Jul-12,24-Jul-12,150/300/200mg,Tablet - FDC,No,See DN-2767 (ID#:83060),From RDC,"Lamivudine/Nevirapine/Zidovudine 150/200/300mg, tablets, 60 Tabs",1650.93,120036,1177553.16,PMO - US,Mylan (formerly Matrix) Nashik,Lamivudine/Nevirapine/Zidovudine,9.81,N/A - From RDC,SO-42802,FPQ-9432,03-01-12,ARV,151-NG-T30,02-Aug-12,Air Charter,Adult,60,0.16,SCMS from RDC,N/A - From RDC,See DN-2767 (ID#:83060)
84813,DN-3134,Generic,South Sudan,17-May-13,17-May-13,150mg,Tablet,Yes,735.24,From RDC,"Lamivudine 150mg, tablets, 60 Tabs",0.66,270,537.3,PMO - US,Hetero Unit III Hyderabad IN,Lamivudine,1.99,N/A - From RDC,SO-44690,FPQ-11637,2/27/13,ARV,900-SS-T30,28-Jun-13,Air,Adult,60,0.03,SCMS from RDC,N/A - From RDC,15
69630,ASN-27980,Generic,South Africa,27-Aug-14,27-Aug-14,200mg,Capsule,No,Freight Included in Commodity Cost,Direct Drop,"Efavirenz 200mg, capsule, 90 Caps",0.72,22,580.11,PMO - US,"Aurobindo Unit III, India",Efavirenz,26.37,8/27/14,SCMS-199283,FPQ-12522,07-11-13,ARV,116-ZA-T30,27-Aug-14,Truck,Pediatric,90,0.29,S. BUYS WHOLESALER,DDP,Weight Captured Separately
85346,DN-3092,Generic,Zimbabwe,08-Apr-13,08-Apr-13,150/300/200mg,Tablet - FDC,No,See DN-3092 (ID#:83128),From RDC,"Lamivudine/Nevirapine/Zidovudine 150/200/300mg, tablets, 60 Tabs",881.39,73271,628665.18,PMO - US,Hetero Unit III Hyderabad IN,Lamivudine/Nevirapine/Zidovudine,8.58,N/A - From RDC,SO-43230,FPQ-10674,9/18/12,ARV,102-ZW-T30,30-Mar-13,Truck,Adult,60,0.14,SCMS from RDC,N/A - From RDC,See DN-3092 (ID#:83128)
15142,ASN-7597,Generic,South Africa,07-Sep-10,07-Sep-10,600mg,Tablet,Yes,4263.07,Direct Drop,"Efavirenz 600mg, tablets, 30 Tabs",115.89,11510,53751.7,PMO - US,"Aurobindo Unit III, India",Efavirenz,4.67,3/19/10,SCMS-68940,FPQ-5303,3/18/10,ARV,161-ZA-T30,07-Sep-10,Air,Adult,30,0.16,Aurobindo Pharma Limited,DDP,993
11606,DN-899,Generic,Tanzania,26-Sep-08,26-Sep-08,600mg,Tablet,Yes,8399.76,From RDC,"Efavirenz 600mg, tablets, 30 Tabs",2532.82,131808,1583014.08,PMO - US,Mylan (formerly Matrix) Nashik,Efavirenz,12.01,N/A - From RDC,SO-2563,Pre-PQ Process,Pre-PQ Process,ARV,109-TZ-T01,26-Sep-08,Air,Adult,30,0.4,SCMS from RDC,N/A - From RDC,9996
84537,DN-1688,Generic,Nigeria,31-Mar-10,31-Mar-10,200/300mg,Tablet - FDC,Yes,Freight Included in Commodity Cost,From RDC,"Emtricitabine/Tenofovir Disoproxil Fumarate 200/300mg, tablets, 30 Tabs",14.64,578,6791.5,PMO - US,Mylan (formerly Matrix) Nashik,Emtricitabine/Tenofovir Disoproxil Fumarate,11.75,N/A - From RDC,SO-35072,FPQ-4537,11-06-09,ARV,151-NG-T30,19-Apr-10,Air Charter,Adult,30,0.39,SCMS from RDC,N/A - From RDC,47
85637,DN-1543,Generic,CÃte dIvoire,02-Dec-09,02-Dec-09,300mg,Tablet,Yes,1211.48,From RDC,"Zidovudine 300mg, tablets, 60 Tabs",124.42,8430,63477.9,PMO - US,"Aurobindo Unit III, India",Zidovudine,7.53,N/A - From RDC,SO-34501,FPQ-3964,7/24/09,ARV,104-CI-T30,01-Dec-09,Air,Adult,60,0.13,SCMS from RDC,N/A - From RDC,546
15248,ASN-6265,Generic,Vietnam,15-Mar-10,15-Mar-10,150/300/200mg,Tablet - FDC,Yes,11648.31,Direct Drop,"Lamivudine/Nevirapine/Zidovudine 150/200/300mg, tablets, 60 Tabs",356.22,16300,181745.0,PMO - US,"Aurobindo Unit III, India",Lamivudine/Nevirapine/Zidovudine,11.15,11/13/09,SCMS-57140,FPQ-4265,10/20/09,ARV,108-VN-T30,15-Mar-10,Air,Adult,60,0.19,Aurobindo Pharma Limited,EXW,2011
31551,ASN-11259,Generic,South Africa,06-Dec-11,06-Dec-11,200mg,Tablet,Yes,654.72,Direct Drop,"Nevirapine 200mg, tablets, 60 Tabs",26.93,6000,16320.0,PMO - US,"Cipla, Goa, India",Nevirapine,2.72,04-01-11,SCMS-104420,FPQ-7176,03-10-11,ARV,116-ZA-T30,06-Dec-11,Ocean,Adult,60,0.05,CIPLA LIMITED,DDP,638
82773,DN-4101,Generic,Uganda,25-Feb-15,05-Mar-15,300/300mg,Tablet - FDC,Yes,10011.25,From RDC,"Lamivudine/Tenofovir Disoproxil Fumarate 300/300mg, tablets, 30 Tabs",90.84,19086,88368.18,PMO - US,"Cipla, Kurkumbh, India",Lamivudine/Tenofovir Disoproxil Fumarate,4.63,N/A - From RDC,SO-48994,FPQ-14396,06-04-14,ARV,114-UG-T30,27-Feb-15,Truck,Adult,30,0.15,SCMS from RDC,N/A - From RDC,2389
28302,ASN-33852,Generic,South Africa,24-Aug-15,24-Aug-15,600mg,Tablet,No,Freight Included in Commodity Cost,Direct Drop,"Efavirenz 600mg, tablets, 30 Tabs",0.55,44,532.12,PMO - US,"Aurobindo Unit III, India",Efavirenz,12.09,10-09-14,SCMS-259079,FPQ-14942,09-11-14,ARV,116-ZA-T30,24-Aug-15,Truck,Adult,30,0.4,PHARMACY DIRECT,DDP,Weight Captured Separately
12909,DN-1408,Generic,Uganda,15-Sep-09,15-Sep-09,150/300/200mg,Tablet - FDC,Yes,7338.54,From RDC,"Lamivudine/Nevirapine/Zidovudine 150/200/300mg, tablets, 60 Tabs",195.41,8784,99698.4,PMO - US,Mylan (formerly Matrix) Nashik,Lamivudine/Nevirapine/Zidovudine,11.35,N/A - From RDC,SO-31440,Pre-PQ Process,Date Not Captured,ARV,114-UG-T01,15-Sep-09,Ocean,Adult,60,0.19,SCMS from RDC,N/A - From RDC,1118
10984,DN-1024,Generic,Mozambique,09-Feb-09,09-Feb-09,150/300mg,Tablet - FDC,Yes,3613.31,From RDC,"Lamivudine/Zidovudine 150/300mg, tablets, 60 Tabs",275.77,15048,140698.8,PMO - US,"Aurobindo Unit III, India",Lamivudine/Zidovudine,9.35,N/A - From RDC,SO-15084,Pre-PQ Process,Pre-PQ Process,ARV,111-MZ-T01,09-Feb-09,Air,Adult,60,0.16,SCMS from RDC,N/A - From RDC,1448
82729,DN-3907,Generic,Namibia,15-Sep-14,25-Sep-14,150/300/200mg,Tablet - FDC,Yes,15571.48,From RDC,"Lamivudine/Nevirapine/Zidovudine 150/200/300mg, tablets, 60 Tabs",333.48,40000,324400.0,PMO - US,"Cipla, Goa, India",Lamivudine/Nevirapine/Zidovudine,8.11,N/A - From RDC,SO-49560,FPQ-14670,7/30/14,ARV,901-NA-T30,30-Sep-14,Truck,Adult,60,0.14,SCMS from RDC,N/A - From RDC,9632
23,ASN-57,Generic,Nigeria,28-Sep-06,28-Sep-06,10mg/ml,Oral solution,Yes,5920.42,Direct Drop,"Zidovudine 10mg/ml, oral solution, Bottle, 240 ml",MIssing,416,2225.6,PMO - US,"Aurobindo Unit III, India",Zidovudine,5.35,Date Not Captured,SCMS-87,Pre-PQ Process,Pre-PQ Process,ARV,112-NG-T01,28-Sep-06,Air,Pediatric,240,0.02,Aurobindo Pharma Limited,EXW,504
10672,DN-599,Generic,Mozambique,10-Mar-08,10-Mar-08,150mg,Tablet,Yes,919.2,From RDC,"Lamivudine 150mg, tablets, 60 Tabs",10.24,2106,6402.24,PMO - US,"Ranbaxy, Paonta Shahib, India",Lamivudine,3.04,N/A - From RDC,SO-1613,Pre-PQ Process,Pre-PQ Process,ARV,111-MZ-T01,10-Mar-08,Air,Adult,60,0.05,SCMS from RDC,N/A - From RDC,113
14241,ASN-24703,Generic,Mozambique,09-Apr-14,08-Jul-14,250mg,Delayed-release capsules,Yes,979.14,Direct Drop,"Didanosine 250mg, delayed-release capsules, 30 Caps",6.23,800,6064.0,PMO - US,"Aurobindo Unit III, India",Didanosine,7.58,11/26/13,SCMS-215600,FPQ-13134,11-12-13,ARV,111-MZ-T30,09-Apr-14,Air,Adult,30,0.25,Aurobindo Pharma Limited,EXW,77
83478,DN-2089,Generic,Guatemala,24-Jan-11,24-Jan-11,150/300mg,Tablet - FDC,Yes,16252.95,From RDC,"Lamivudine/Zidovudine 150/300mg, tablets, 60 Tabs",60.68,4301,36773.55,PMO - US,"Aurobindo Unit III, India",Lamivudine/Zidovudine,8.55,N/A - From RDC,SO-38260,FPQ-6943,12/29/10,ARV,202-GT-T30,31-Jan-11,Air,Adult,60,0.14,SCMS from RDC,N/A - From RDC,1435
7008,ASN-1665,Kaletra,South Africa,24-Apr-08,24-Apr-08,80/20mg/ml,Oral solution,No,Freight Included in Commodity Cost,Direct Drop,"Lopinavir/Ritonavir 80/20mg/ml [Kaletra], oral solution, cool, Bottle 5 x 60 ml",0.63,10,394.0,PMO - US,ABBVIE (Abbott) Logis. UK,Lopinavir/Ritonavir,39.4,2/20/08,SCMS-19800,Pre-PQ Process,Pre-PQ Process,ARV,116-ZA-T01,24-Apr-08,Truck,Pediatric,300,0.13,S. BUYS WHOLESALER,DDP,Weight Captured Separately
76004,ASN-27241,Uni-Gold,South Sudan,29-Sep-14,30-Sep-14,MIssing,Test kit,No,See ASN-27241 (ID#:23488),Direct Drop,"HIV 1/2, Uni-Gold HIV Kit, 20 Tests",0.59,18,576.0,PMO - US,"Trinity Biotech, Plc","HIV 1/2, Uni-Gold HIV Kit",32.0,07-01-14,SCMS-245230,FPQ-14470,6/17/14,HRDT,105-SS-T30,29-Sep-14,Air,HIV test,20,1.6,"Trinity Biotech, Plc",EXW,See ASN-27241 (ID#:23488)
70230,ASN-5831,Determine,Rwanda,16-Feb-10,16-Feb-10,MIssing,Test kit,Yes,46723.42,Direct Drop,"HIV 1/2, Determine HIV Kit, without Lancets, 100 Tests",697.66,5085,355950.0,PMO - US,Inverness Japan,"HIV 1/2, Determine HIV Kit, without Lancets",70.0,8/18/09,SCMS-51670,FPQ-4032,08-05-09,HRDT,107-RW-T30,16-Feb-10,Air,HIV test,100,0.7,"Orgenics, Ltd",EXW,1154
65849,ASN-27979,Generic,South Africa,27-Aug-14,27-Aug-14,300mg,Tablet,No,Freight Included in Commodity Cost,Direct Drop,"Tenofovir Disoproxil Fumarate 300mg, tablets, 30 Tabs",3.69,132,2983.26,PMO - US,"Aurobindo Unit III, India",Tenofovir Disoproxil Fumarate,22.6,8/27/14,SCMS-199283,FPQ-12522,07-11-13,ARV,116-ZA-T30,27-Aug-14,Truck,Adult,30,0.75,S. BUYS WHOLESALER,DDP,Weight Captured Separately
67150,ASN-7211,Uni-Gold,Namibia,30-Jun-10,30-Jun-10,MIssing,Test kit,Yes,1691.15,Direct Drop,"HIV 1/2, Uni-Gold HIV Kit, 20 Tests",34.5,500,16000.0,PMO - US,"Trinity Biotech, Plc","HIV 1/2, Uni-Gold HIV Kit",32.0,01-08-10,SCMS-62731,FPQ-4857,01-07-10,HRDT,119-NA-T30,30-Jun-10,Air,HIV test,20,1.6,"Trinity Biotech, Plc",EXW,170
86468,DN-2616,Generic,Mozambique,10-May-12,10-May-12,150/300/200mg,Tablet - FDC,No,See DN-2616 (ID#:83024),From RDC,"Lamivudine/Nevirapine/Zidovudine 150/200/300mg, tablets, 60 Tabs",47.23,2551,28622.22,PMO - US,"Aurobindo Unit III, India",Lamivudine/Nevirapine/Zidovudine,11.22,N/A - From RDC,SO-40390,FPQ-8157,08-04-11,ARV,111-MZ-T30,07-May-12,Truck,Adult,60,0.19,SCMS from RDC,N/A - From RDC,See DN-2616 (ID#:83024)
82973,DN-2322,Generic,Zambia,29-Aug-11,29-Aug-11,150/300mg,Tablet - FDC,Yes,8647.16,From RDC,"Lamivudine/Zidovudine 150/300mg, tablets, 60 Tabs",1004.35,73692,608695.92,PMO - US,"Aurobindo Unit VII, IN",Lamivudine/Zidovudine,8.26,N/A - From RDC,SO-38741,FPQ-7085,02-03-11,ARV,110-ZM-T30,29-Sep-11,Truck,Adult,60,0.14,SCMS from RDC,N/A - From RDC,21879
43425,ASN-5899,Determine,Kenya,19-Feb-10,19-Feb-10,MIssing,Test kit,Yes,11847.25,Direct Drop,"HIV 1/2, Determine Complete HIV Kit, 100 Tests",1226.33,7110,568800.0,PMO - US,Inverness Japan,"HIV 1/2, Determine Complete HIV Kit",80.0,12-02-09,SCMS-58380,FPQ-4587,11/18/09,HRDT,102-KE-T30,16-Feb-10,Air,HIV test,100,0.8,"Orgenics, Ltd",EXW,1224
84333,DN-3537,Generic,Mozambique,19-Feb-14,19-Mar-14,150/300/200mg,Tablet - FDC,Yes,14509.09,From RDC,"Lamivudine/Nevirapine/Zidovudine 150/200/300mg, tablets, 60 Tabs",1743.26,164250,1409265.0,PMO - US,"Strides, Bangalore, India.",Lamivudine/Nevirapine/Zidovudine,8.58,N/A - From RDC,SO-45898,FPQ-12416,6/28/13,ARV,111-MZ-T30,28-Feb-14,Truck,Adult,60,0.14,SCMS from RDC,N/A - From RDC,19164
10639,DN-444,Determine,Haiti,31-Dec-07,31-Dec-07,MIssing,Test kit,Yes,2219.44,From RDC,"HIV 1/2, Determine HIV Kit, without Lancets, 100 Tests",1.15,10,720.0,PMO - US,Inverness Japan,"HIV 1/2, Determine HIV Kit, without Lancets",72.0,N/A - From RDC,SO-1290,Pre-PQ Process,Pre-PQ Process,HRDT,125-HT-T01,31-Dec-07,Air,HIV test,100,0.72,SCMS from RDC,N/A - From RDC,6
83550,DN-2471,Generic,Mozambique,08-Mar-12,08-Mar-12,150/300/200mg,Tablet - FDC,Yes,16660.04,From RDC,"Lamivudine/Nevirapine/Zidovudine 150/200/300mg, tablets, 60 Tabs",2776.95,150000,1683000.0,PMO - US,"Cipla, Goa, India",Lamivudine/Nevirapine/Zidovudine,11.22,N/A - From RDC,SO-40322,FPQ-8157,08-04-11,ARV,111-MZ-T30,08-Mar-12,Truck,Adult,60,0.19,SCMS from RDC,N/A - From RDC,19143
3507,ASN-3231,Determine,Nigeria,05-Feb-09,05-Feb-09,MIssing,Test kit,Yes,22775.45,Direct Drop,"HIV 1/2, Determine Complete HIV Kit, 100 Tests",824.61,5259,420720.0,PMO - US,Inverness Japan,"HIV 1/2, Determine Complete HIV Kit",80.0,11/20/08,SCMS-33830,Pre-PQ Process,Pre-PQ Process,HRDT,133-NG-T01,05-Feb-09,Air,HIV test,100,0.8,"Orgenics, Ltd",EXW,1584
86069,DN-3619,Generic,Nigeria,17-Apr-14,02-May-14,150/300/200mg,Tablet - FDC,Yes,29674.92,From RDC,"Lamivudine/Nevirapine/Zidovudine 150/200/300mg, tablets, 60 Tabs",0.15,15,123.9,PMO - US,"Cipla, Goa, India",Lamivudine/Nevirapine/Zidovudine,8.26,N/A - From RDC,SO-45660,FPQ-12248,05-06-13,ARV,151-NG-T30,15-Apr-14,Air Charter,Adult,60,0.14,SCMS from RDC,N/A - From RDC,5416
2450,ASN-4385,Retrovir,South Africa,20-Apr-09,20-Apr-09,10mg/ml,Injection,No,Freight Included in Commodity Cost,Direct Drop,"Zidovudine 10mg/ml [Retrovir], solution for IV infusion injection, Vial 5 x 20 ml",4.44,166,2265.9,PMO - US,GSK Ware (UK),Zidovudine,13.65,3/27/09,SCMS-41584,Pre-PQ Process,Pre-PQ Process,ARV,116-ZA-T01,25-Jun-09,Air,Pediatric,5,2.73,S. BUYS WHOLESALER,DDP,Weight Captured Separately
83952,DN-1456,Generic,Nigeria,20-Oct-09,20-Oct-09,150mg,Tablet,Yes,9341.49,From RDC,"Lamivudine 150mg, tablets, 60 Tabs",26.3,5500,13420.0,PMO - US,Mylan (formerly Matrix) Nashik,Lamivudine,2.44,N/A - From RDC,SO-32980,FPQ-4040,7/29/09,ARV,112-NG-T30,15-Oct-09,Air Charter,Adult,60,0.04,SCMS from RDC,N/A - From RDC,836
84957,DN-3843,Generic,"Congo, DRC",24-Sep-14,06-Nov-14,300mg,Tablet,No,See DN-3843 (ID#:82707),From RDC,"Tenofovir Disoproxil Fumarate 300mg, tablets, 30 Tabs",5.98,1540,5821.2,PMO - US,Mylan (formerly Matrix) Nashik,Tenofovir Disoproxil Fumarate,3.78,N/A - From RDC,SO-48850,FPQ-14252,05-07-14,ARV,101-CD-T30,13-Aug-14,Air,Adult,30,0.13,SCMS from RDC,N/A - From RDC,See DN-3843 (ID#:82707)
20824,ASN-21528,Generic,Cameroon,26-Sep-13,26-Sep-13,150/300mg,Tablet - FDC,Yes,1067.02,Direct Drop,"Lamivudine/Zidovudine 150/300mg, tablets, 60 Tabs",0.48,59,388.81,PMO - US,"Cipla, Goa, India",Lamivudine/Zidovudine,6.59,8/23/13,SCMS-204360,FPQ-12837,8/19/13,ARV,901-CM-T30,26-Sep-13,Air,Adult,60,0.11,CIPLA LIMITED,EXW,23
84499,DN-1333,Generic,Nigeria,14-Sep-09,14-Sep-09,150/200/30mg,Tablet - FDC,No,See DN-1333 (ID#:82839),From RDC,"Lamivudine/Nevirapine/Stavudine 150/200/30mg, tablets, 60 Tabs",0.62,45,315.0,PMO - US,"Strides, Bangalore, India.",Lamivudine/Nevirapine/Stavudine,7.0,N/A - From RDC,SO-32273,FPQ-3815,5/26/09,ARV,154-NG-T30,17-Sep-09,Air,Adult,60,0.12,SCMS from RDC,N/A - From RDC,See DN-1333 (ID#:82839)
68515,ASN-11058,Bioline,CÃte dIvoire,17-Jun-11,17-Jun-11,MIssing,Test kit,Yes,5054.68,Direct Drop,"HIV 1/2, Bioline 3.0 Kit, Lancets, Capillary pipets, Alcohol swabs included, 25 Tests",44.68,1354,27080.0,PMO - US,"Standard Diagnostics, Korea","HIV 1/2, Bioline 3.0 Kit, Lancets, Capillary pipets, Alcohol swabs included",20.0,05-05-11,SCMS-106570,FPQ-7325,03-09-11,HRDT,104-CI-T30,17-Jun-11,Air,HIV test,25,0.8,"Standard Diagnostics, Inc.",EXW,422
56861,ASN-18201,Colloidal Gold,Haiti,13-Mar-13,13-Mar-13,MIssing,Test kit,Yes,2204.84,Direct Drop,"HIV 1/2, SKB Colloidal Gold, Diagnostic Kit, Antibody, 50 Tests",7.58,250,6125.0,PMO - US,"KHB Test Kit Facility, Shanghai China","HIV 1/2, Colloidal Gold, Diagnostic Kit, Antibody",24.5,12-12-12,SCMS-169340,FPQ-11065,11/26/12,HRDT,106-HT-T30,13-Mar-13,Air,HIV test,1,24.5,"SHANGHAI KEHUA BIOENGINEERING CO.,LTD.  (KHB)",EXW,164
17861,ASN-6190,Generic,Vietnam,15-Mar-10,15-Mar-10,150/200/30mg,Tablet - FDC,Yes,5314.56,Direct Drop,"Lamivudine/Nevirapine/Stavudine 150/200/30mg, tablets, 60 Tabs",246.52,19920,114340.8,PMO - US,"Cipla, Goa, India",Lamivudine/Nevirapine/Stavudine,5.74,01-12-10,SCMS-62490,FPQ-4720,01-04-09,ARV,108-VN-T30,15-Mar-10,Air,Adult,60,0.1,CIPLA LIMITED,EXW,1936
71753,ASN-28021,Generic,South Africa,28-Aug-14,28-Aug-14,400mg,Delayed-release capsules,No,Freight Included in Commodity Cost,Direct Drop,"Didanosine 400mg, delayed-release capsules, 30 Caps",0.14,7,137.73,PMO - US,"Aurobindo Unit III, India",Didanosine,19.68,8/28/14,SCMS-238553,FPQ-13973,4/30/14,ARV,116-ZA-T30,28-Aug-14,Truck,Adult,30,0.66,PHARMACY DIRECT,DDP,Weight Captured Separately
9269,ASN-78,Generic,Guyana,08-Nov-06,08-Nov-06,300mg,Tablet,Yes,1020.6,Direct Drop,"Zidovudine 300mg, tablets, 60 Tabs",MIssing,245,2707.25,PMO - US,"Aurobindo Unit III, India",Zidovudine,11.05,Date Not Captured,SCMS-123,Pre-PQ Process,Pre-PQ Process,ARV,105-GY-T01,08-Nov-06,Air,Adult,60,0.18,Aurobindo Pharma Limited,EXW,13
60359,ASN-22108,Stat-Pak,Burundi,30-Oct-13,30-Oct-13,MIssing,Test kit,Yes,732.47,Direct Drop,"HIV 1/2, Stat-Pak Dipstick Assay Kit, 30 Tests",14.61,428,11812.8,PMO - US,Chembio Diagnostics Sys. Inc.,"HIV 1/2, Stat-Pak Dipstick Assay Kit",27.6,7/31/13,SCMS-199581,FPQ-12580,07-09-13,HRDT,102-BI-T30,30-Oct-13,Air,HIV test,30,0.92,"CHEMBIO DIAGNOSTIC SYSTEMS, INC.",EXW,47
86353,DN-2056,Generic,Uganda,29-Nov-10,29-Nov-10,200mg,Tablet,No,See DN-2056 (ID#:84604),From RDC,"Nevirapine 200mg, tablets, 60 Tabs",61.28,10685,28422.1,PMO - US,Hetero Unit III Hyderabad IN,Nevirapine,2.66,N/A - From RDC,SO-37470,FPQ-6403,9/16/10,ARV,102-UG-T30,02-Dec-10,Air,Adult,60,0.04,SCMS from RDC,N/A - From RDC,See DN-2056 (ID#:84604)
28439,ASN-32954,Determine,Nigeria,14-Jul-15,14-Jul-15,MIssing,Test kit,Yes,Freight Included in Commodity Cost,Direct Drop,"HIV 1/2, Determine Complete HIV Kit, 100 Tests",668.32,6380,567820.0,PMO - US,"Alere Medical Co., Ltd.","HIV 1/2, Determine Complete HIV Kit",89.0,5/26/15,SCMS-289130,FPQ-16329,05-07-15,HRDT,133-NG-T30,14-Jul-15,Air,HIV test,100,0.89,"Orgenics, Ltd",EXW,2587
459,ASN-1667,Videx,South Africa,07-Apr-08,07-Apr-08,25mg,Chewable/dispersible tablet,Yes,Freight Included in Commodity Cost,Direct Drop,"Didanosine 25mg [Videx], chewable tablets, 60 Tabs",0.12,6,77.1,PMO - US,"BMS Meymac, France",Didanosine,12.85,04-04-08,SCMS-21460,Pre-PQ Process,Pre-PQ Process,ARV,116-ZA-T01,25-Apr-08,MIssing,Pediatric,60,0.21,S. BUYS WHOLESALER,DDP,Weight Captured Separately
12110,DN-332,Generic,Ethiopia,04-Sep-07,04-Sep-07,150mg,Tablet,No,See DN-332 (ID#:10613),From RDC,"Lamivudine 150mg, tablets, 60 Tabs",227.9,46855,142439.2,PMO - US,"Aurobindo Unit III, India",Lamivudine,3.04,N/A - From RDC,SO-914,Pre-PQ Process,Pre-PQ Process,ARV,117-ET-T01,04-Sep-07,MIssing,Adult,60,0.05,SCMS from RDC,N/A - From RDC,See DN-332 (ID#:10613)
67654,ASN-26882,Generic,South Africa,25-Jun-14,25-Jun-14,200/300mg,Tablet - FDC,No,Freight Included in Commodity Cost,Direct Drop,"Emtricitabine/Tenofovir Disoproxil Fumarate 200/300mg, tablets, 30 Tabs",0.34,11,332.32,PMO - US,"Aurobindo Unit III, India",Emtricitabine/Tenofovir Disoproxil Fumarate,30.21,6/25/14,SCMS-238551,FPQ-13973,4/30/14,ARV,116-ZA-T30,25-Jun-14,Truck,Adult,30,1.01,PHARMACY DIRECT,DDP,Weight Captured Separately
84604,DN-2056,Generic,Uganda,29-Nov-10,29-Nov-10,600/200/300mg,Tablet - FDC,Yes,5166.39,From RDC,"Efavirenz/Emtricitabine/Tenofovir Disoproxil Fumarate 600/200/300mg, tablets, 30 Tabs",114.28,2661,53007.12,PMO - US,Mylan (formerly Matrix) Nashik,Efavirenz/Emtricitabine/Tenofovir Disoproxil Fumarate,19.92,N/A - From RDC,SO-37470,FPQ-6403,9/16/10,ARV,102-UG-T30,02-Dec-10,Air,Adult,30,0.66,SCMS from RDC,N/A - From RDC,909
84005,DN-1839,Generic,Zimbabwe,31-May-10,31-May-10,600mg,Tablet,Yes,3833.17,From RDC,"Efavirenz 600mg, tablets, 30 Tabs",60.42,5900,28025.0,PMO - US,"Aurobindo Unit III, India",Efavirenz,4.75,N/A - From RDC,SO-35350,FPQ-4694,12-08-09,ARV,113-ZW-T30,30-Jul-10,Truck,Adult,30,0.16,SCMS from RDC,N/A - From RDC,509
82369,DN-2077,Generic,Uganda,23-Dec-10,23-Dec-10,150/300mg,Tablet - FDC,Yes,2294.85,From RDC,"Lamivudine/Zidovudine 150/300mg, tablets, 60 Tabs",32.67,2316,19801.8,PMO - US,Hetero Unit III Hyderabad IN,Lamivudine/Zidovudine,8.55,N/A - From RDC,SO-37990,FPQ-6614,10/31/10,ARV,114-UG-T30,08-Feb-11,Air,Adult,60,0.14,SCMS from RDC,N/A - From RDC,386
84054,DN-2060,Generic,CÃte dIvoire,22-Dec-10,22-Dec-10,200mg,Tablet,No,See DN-2060 (ID#:82927),From RDC,"Nevirapine 200mg, tablets, 60 Tabs",113.36,19767,52580.22,PMO - US,Hetero Unit III Hyderabad IN,Nevirapine,2.66,N/A - From RDC,SO-36870,FPQ-5623,05-07-10,ARV,104-CI-T30,30-Nov-10,Air,Adult,60,0.04,SCMS from RDC,N/A - From RDC,See DN-2060 (ID#:82927)
34564,ASN-30623,Determine,Burundi,21-Apr-15,21-Apr-15,MIssing,Test kit,Yes,14419.91,Direct Drop,"HIV 1/2, Determine Complete HIV Kit, 100 Tests",149.34,1586,126880.0,PMO - US,"Alere Medical Co., Ltd.","HIV 1/2, Determine Complete HIV Kit",80.0,11-12-14,SCMS-260830,FPQ-15186,10/17/14,HRDT,102-BI-T30,21-Apr-15,Air,HIV test,100,0.8,"Orgenics, Ltd",EXW,972
3615,ASN-3631,Generic,Vietnam,11-Apr-09,11-Apr-09,300mg,Tablet,Yes,2525.73,Direct Drop,"Zidovudine 300mg, tablets, 60 Tabs",4.94,336,2520.0,PMO - US,Mylan (formerly Matrix) Nashik,Zidovudine,7.5,1/16/09,SCMS-37210,Pre-PQ Process,Pre-PQ Process,ARV,108-VN-T01,11-Apr-09,Air,Adult,60,0.12,MYLAN LABORATORIES LTD (FORMERLY MATRIX LABORATORIES),EXW,18
83664,DN-3050,Generic,Zimbabwe,23-Mar-13,23-Mar-13,60/30mg,Tablet - FDC,Yes,1800,From RDC,"Abacavir/Lamivudine 60/30mg, tablets, 60 Tabs",14.79,2599,11955.4,PMO - US,"Aurobindo Unit III, India",Abacavir/Lamivudine,4.6,N/A - From RDC,SO-44280,FPQ-11478,1/16/13,ARV,103-ZW-T30,30-Apr-13,Truck,Pediatric,60,0.08,SCMS from RDC,N/A - From RDC,120
84262,DN-3171,Generic,Nigeria,10-May-13,10-May-13,150/300mg,Tablet - FDC,No,See DN-3171 (ID#:83685),From RDC,"Lamivudine/Zidovudine 150/300mg, tablets, 60 Tabs",356.94,41222,288554.0,PMO - US,"Cipla, Goa, India",Lamivudine/Zidovudine,7.0,N/A - From RDC,SO-43849,FPQ-11022,11/15/12,ARV,151-NG-T30,21-May-13,Air Charter,Adult,60,0.12,SCMS from RDC,N/A - From RDC,See DN-3171 (ID#:83685)
84007,DN-1842,Generic,Haiti,09-Jun-10,09-Jun-10,10mg/ml,Oral solution,Yes,18473.1,From RDC,"Lamivudine 10mg/ml, oral solution, Bottle, 240 ml",13.66,3168,6336.0,PMO - US,"Cipla, Goa, India",Lamivudine,2.0,N/A - From RDC,SO-34640,FPQ-4384,10/23/09,ARV,106-HT-T30,02-Jun-10,Air,Pediatric,240,0.01,SCMS from RDC,N/A - From RDC,1765
11739,DN-269,Generic,Zimbabwe,17-Aug-07,17-Aug-07,150/30mg,Tablet - FDC,No,See DN-269 (ID#:11738),From RDC,"Lamivudine/Stavudine 150/30mg, tablets, 30 Tabs",5.12,1600,3200.0,PMO - US,"Cipla, Goa, India",Lamivudine/Stavudine,2.0,N/A - From RDC,SO-720,Pre-PQ Process,Pre-PQ Process,ARV,100-ZW-T01,17-Aug-07,Truck,Adult,30,0.07,SCMS from RDC,N/A - From RDC,See DN-269 (ID#:11738)
83628,DN-2875,Generic,Uganda,11-Oct-12,11-Oct-12,600mg,Tablet,Yes,14974.6,From RDC,"Efavirenz 600mg, tablets, 30 Tabs",170.31,33373,121477.72,PMO - US,"Aurobindo Unit III, India",Efavirenz,3.64,N/A - From RDC,SO-42061,FPQ-9875,05-09-12,ARV,114-UG-T30,17-Oct-12,Air,Adult,30,0.12,SCMS from RDC,N/A - From RDC,2870
12935,ASN-23215,Generic,Vietnam,09-Jan-14,09-Jan-14,150/300mg,Tablet - FDC,Yes,1869.41,Direct Drop,"Lamivudine/Zidovudine 150/300mg, tablets, 60 Tabs",92.62,11092,74871.0,PMO - US,Mylan (formerly Matrix) Nashik,Lamivudine/Zidovudine,6.75,5/15/13,SCMS-188650,FPQ-12051,05-03-13,ARV,108-VN-T30,09-Jan-14,Air,Adult,60,0.11,MYLAN LABORATORIES LTD (FORMERLY MATRIX LABORATORIES),EXW,957
6399,ASN-3623,Zerit,South Africa,03-Dec-08,03-Dec-08,30mg,Capsule,No,Freight Included in Commodity Cost,Direct Drop,"Stavudine 30mg [Zerit], capsules, 60 Caps",8.4,1140,4286.4,PMO - US,"BMS Meymac, France",Stavudine,3.76,Date Not Captured,SCMS-41040,Pre-PQ Process,Pre-PQ Process,ARV,116-ZA-T01,07-Apr-09,Air,Adult,60,0.06,S. BUYS WHOLESALER,DDP,Weight Captured Separately
86248,DN-1587,Generic,Mozambique,16-Jan-10,16-Jan-10,150/300mg,Tablet - FDC,Yes,6355.08,From RDC,"Lamivudine/Zidovudine 150/300mg, tablets, 60 Tabs",524.77,30564,267740.64,PMO - US,"Aurobindo Unit III, India",Lamivudine/Zidovudine,8.76,N/A - From RDC,SO-33600,FPQ-4471,9/14/09,ARV,111-MZ-T30,26-Feb-10,Air,Adult,60,0.15,SCMS from RDC,N/A - From RDC,2773
44615,ASN-33266,Generic,Vietnam,03-Sep-15,03-Sep-15,150mg,Tablet,Yes,Invoiced Separately,Direct Drop,"Lamivudine 150mg, tablets, 60 Tabs",12.08,5700,10260.0,PMO - US,Hetero Unit III Hyderabad IN,Lamivudine,1.8,5/13/15,SCMS-285500,FPQ-16194,4/14/15,ARV,108-VN-T30,03-Sep-15,Air,Adult,60,0.03,HETERO LABS LIMITED,EXW,Weight Captured Separately
84226,DN-3017,Generic,"Congo, DRC",08-Aug-13,08-Aug-13,200mg,Tablet,No,See DN-3017 (ID#:83108),From RDC,"Efavirenz 200mg, scored tablets, 90 Tabs",2.06,228,1664.4,PMO - US,"Strides, Bangalore, India.",Efavirenz,7.3,N/A - From RDC,SO-43750,FPQ-11096,11/20/12,ARV,101-CD-T30,18-Mar-13,Air,Pediatric,90,0.08,SCMS from RDC,N/A - From RDC,See DN-3017 (ID#:83108)
11077,DN-1594,Generic,Nigeria,18-Dec-09,18-Dec-09,150/300/200mg,Tablet - FDC,Yes,Freight Included in Commodity Cost,From RDC,"Lamivudine/Nevirapine/Zidovudine 150/200/300mg, tablets, 60 Tabs",0.07,3,34.2,PMO - US,"Aurobindo Unit III, India",Lamivudine/Nevirapine/Zidovudine,11.4,N/A - From RDC,SO-35150,Pre-PQ Process,Date Not Captured,ARV,151-NG-T30,18-Dec-09,Air Charter,Adult,60,0.19,SCMS from RDC,N/A - From RDC,1
82473,DN-2654,Generic,Uganda,22-May-12,22-May-12,200/50mg,Tablet,Yes,10611,From RDC,"Lopinavir/Ritonavir 200/50mg, tablets, 120 Tabs",287.08,6899,204762.32,PMO - US,"Aurobindo Unit III, India",Lopinavir/Ritonavir,29.68,N/A - From RDC,SO-41610,FPQ-9356,2/20/12,ARV,114-UG-T30,29-Jun-12,Truck,Adult,120,0.25,SCMS from RDC,N/A - From RDC,1859
86610,DN-3355,Generic,Dominican Republic,10-Oct-13,29-Oct-13,200/50mg,Tablet,No,See DN-3355 (ID#:83726),From RDC,"Lopinavir/Ritonavir 200/50mg, tablets, 120 Tabs",389.34,14988,314748.0,PMO - US,"Aurobindo Unit III, India",Lopinavir/Ritonavir,21.0,N/A - From RDC,SO-46150,FPQ-11920,3/18/13,ARV,103-DO-T30,29-Oct-13,Air,Adult,120,0.18,SCMS from RDC,N/A - From RDC,See DN-3355 (ID#:83726)
11230,DN-483,Generic,Zambia,12-Feb-08,12-Feb-08,600mg,Tablet,Yes,18856.33,From RDC,"Efavirenz 600mg, tablets, 30 Tabs",1324.81,66667,828004.14,PMO - US,Mylan (formerly Matrix) Nashik,Efavirenz,12.42,N/A - From RDC,SO-1189,Pre-PQ Process,Pre-PQ Process,ARV,110-ZM-T01,12-Feb-08,Air,Adult,30,0.41,SCMS from RDC,N/A - From RDC,5253
83386,DN-1576,Generic,Uganda,26-Nov-09,26-Nov-09,600mg,Tablet,Yes,3602.34,From RDC,"Efavirenz 600mg, tablets, 30 Tabs",137.08,12100,69938.0,PMO - US,"Aurobindo Unit III, India",Efavirenz,5.78,N/A - From RDC,SO-33970,FPQ-4275,9/17/09,ARV,114-UG-T30,20-Dec-09,Air,Adult,30,0.19,SCMS from RDC,N/A - From RDC,36
23993,ASN-8577,Norvir,Dominican Republic,22-Oct-10,22-Oct-10,100mg,Capsule,Yes,Invoiced Separately,Direct Drop,"Ritonavir 100mg [Norvir], capsules, cool, 2 x 84 Caps",16.14,52,7488.0,PMO - US,ABBVIE (Abbott) St. Pburg USA,Ritonavir,144.0,09-02-10,SCMS-83580,FPQ-6126,8/19/10,ARV,100-DO-T30,22-Oct-10,Truck,Adult,168,0.86,"ABBVIE, SRL (FORMALLY ABBOTT LABORATORIES INTERNATIONAL CO.)",EXW,Weight Captured Separately
11353,DN-1438,Generic,Nigeria,20-Oct-09,20-Oct-09,150/300/200mg,Tablet - FDC,Yes,9341.49,From RDC,"Lamivudine/Nevirapine/Zidovudine 150/200/300mg, tablets, 60 Tabs",1361.42,60930,694602.0,PMO - US,"Aurobindo Unit III, India",Lamivudine/Nevirapine/Zidovudine,11.4,N/A - From RDC,SO-33334,Pre-PQ Process,Date Not Captured,ARV,151-NG-T01,20-Oct-09,Air Charter,Adult,60,0.19,SCMS from RDC,N/A - From RDC,6862
86181,DN-4185,Generic,Togo,24-Apr-15,29-Apr-15,200mg,Tablet,Yes,Invoiced Separately,From RDC,"Nevirapine 200mg, tablets, 60 Tabs",0.62,240,523.2,PMO - US,Hetero Unit III Hyderabad IN,Nevirapine,2.18,N/A - From RDC,SO-51070,FPQ-15916,2/18/15,ARV,900-TG-T30,31-Mar-15,Air,Adult,60,0.04,SCMS from RDC,N/A - From RDC,Weight Captured Separately
85868,DN-2697,Generic,"Congo, DRC",11-Sep-12,11-Sep-12,300mg,Tablet,No,See DN-2697 (ID#:83045),From RDC,"Zidovudine 300mg, tablets, 60 Tabs",12.41,1300,8853.0,PMO - US,Hetero Unit III Hyderabad IN,Zidovudine,6.81,N/A - From RDC,SO-41850,FPQ-9640,04-02-12,ARV,102-CD-T30,11-Sep-12,Air,Adult,60,0.11,SCMS from RDC,N/A - From RDC,See DN-2697 (ID#:83045)
84374,DN-3762,Generic,Tanzania,25-Sep-14,06-Oct-14,10mg/ml,Oral suspension,No,See DN-3762 (ID#:82685),From RDC,"Nevirapine 10mg/ml, oral suspension w/syringe, Bottle, 100 ml",69.62,43293,56280.9,PMO - US,"Aurobindo Unit III, India",Nevirapine,1.3,N/A - From RDC,SO-46701,FPQ-13042,10-01-13,ARV,109-TZ-T30,31-Jul-14,Air,Pediatric,100,0.01,SCMS from RDC,N/A - From RDC,See DN-3762 (ID#:82685)
24018,ASN-5143,Determine,Kenya,06-Nov-09,06-Nov-09,MIssing,Test kit,Yes,52057.8,Direct Drop,"HIV 1/2, Determine Complete HIV Kit, 100 Tests",3136,20000,1600000.0,PMO - US,Inverness Japan,"HIV 1/2, Determine Complete HIV Kit",80.0,09-03-09,SCMS-52792,FPQ-3976,7/20/09,HRDT,102-KE-T30,06-Nov-09,Air,HIV test,100,0.8,"Orgenics, Ltd",EXW,5902
15984,ASN-9951,Generic,South Africa,08-Apr-11,08-Apr-11,300mg,Tablet,Yes,11314.2,Direct Drop,"Tenofovir Disoproxil Fumarate 300mg, tablets, 30 Tabs",1558.11,137654,944306.44,PMO - US,"Cipla, Goa, India",Tenofovir Disoproxil Fumarate,6.86,12/14/10,SCMS-93580,FPQ-6708,11/26/10,ARV,161-ZA-T30,08-Apr-11,Ocean,Adult,30,0.23,CIPLA LIMITED,DDP,9147
15195,ASN-9578,Videx,Guyana,04-Mar-11,04-Mar-11,25mg,Chewable/dispersible tablet,Yes,180,Direct Drop,"Didanosine 25mg [Videx], chewable tablets, 60 Tabs",26.95,270,12501.0,PMO - US,"BMS Meymac, France",Didanosine,46.3,10-01-10,SCMS-87910,FPQ-6329,9/28/10,ARV,105-GY-T30,04-Mar-11,Air,Pediatric,60,0.77,IDIS LIMITED,DDU,59
13481,ASN-30377,Generic,South Africa,26-Jan-15,26-Jan-15,300mg,Tablet,Yes,Freight Included in Commodity Cost,Direct Drop,"Tenofovir Disoproxil Fumarate 300mg, tablets, 30 Tabs",1.87,132,1823.8,PMO - US,Mylan (formerly Matrix) Nashik,Tenofovir Disoproxil Fumarate,13.82,1/26/15,SCMS-259072,FPQ-14942,09-11-14,ARV,116-ZA-T30,26-Jan-15,Truck,Adult,30,0.46,PHARMACY DIRECT,DDP,Weight Captured Separately
83730,DN-3368,Generic,Nigeria,14-Oct-13,24-Oct-13,600/300/300mg,Tablet - FDC,Yes,20225.07,From RDC,"Efavirenz/Lamivudine/Tenofovir Disoproxil Fumarate 600/300/300mg, tablets, 30 Tabs",965.48,70000,780500.0,PMO - US,Mylan (formerly Matrix) Nashik,Efavirenz/Lamivudine/Tenofovir Disoproxil Fumarate,11.15,N/A - From RDC,SO-45661,FPQ-12248,05-06-13,ARV,151-NG-T30,18-Nov-13,Air Charter,Adult,30,0.37,SCMS from RDC,N/A - From RDC,21510
80423,ASN-9221,Prezista,Uganda,31-Dec-10,31-Dec-10,300mg,Tablet,Yes,1333.01,Direct Drop,"Darunavir 300mg [Prezista], tablets, 120 Tabs",25.99,175,15750.0,PMO - US,"Aspen-OSD, Port Elizabeth, SA",Darunavir,90.0,11/18/10,SCMS-91720,FPQ-6504,10/31/10,ARV,114-UG-T30,31-Dec-10,Air,Adult,120,0.75,ASPEN PHARMACARE,EXW,37
11300,DN-1058,Generic,Nigeria,19-Jan-09,19-Jan-09,150/300mg,Tablet - FDC,No,See DN-1058 (ID#:11015),From RDC,"Lamivudine/Zidovudine 150/300mg, tablets, 60 Tabs",824.67,45000,420750.0,PMO - US,"Aurobindo Unit III, India",Lamivudine/Zidovudine,9.35,N/A - From RDC,SO-19060,Pre-PQ Process,Pre-PQ Process,ARV,123-NG-T01,19-Jan-09,Air,Adult,60,0.16,SCMS from RDC,N/A - From RDC,See DN-1058 (ID#:11015)
12790,DN-736,Generic,Haiti,29-May-08,29-May-08,300mg,Tablet,Yes,9711.2,From RDC,"Abacavir 300mg, tablets, 60 Tabs",11.89,270,7433.1,PMO - US,Mylan (formerly Matrix) Nashik,Abacavir,27.53,N/A - From RDC,SO-2050,Pre-PQ Process,Pre-PQ Process,ARV,106-HT-T01,29-May-08,Air,Adult,60,0.46,SCMS from RDC,N/A - From RDC,862
84287,DN-3318,Generic,Mozambique,31-Oct-13,12-Nov-13,600mg,Tablet,No,See DN-3318 (ID#:83716),From RDC,"Efavirenz 600mg, tablets, 30 Tabs",290.99,70643,235241.19,PMO - US,"Hetero, Jadcherla, unit 5, IN",Efavirenz,3.33,N/A - From RDC,SO-44865,FPQ-11884,3/19/13,ARV,111-MZ-T30,31-Oct-13,Truck,Adult,30,0.11,SCMS from RDC,N/A - From RDC,See DN-3318 (ID#:83716)
25279,ASN-31498,Determine,Uganda,05-May-15,05-May-15,MIssing,Test kit,Yes,18423.91,Direct Drop,"HIV 1/2, Determine Complete HIV Kit, 100 Tests",532.47,5655,452400.0,PMO - US,"Alere Medical Co., Ltd.","HIV 1/2, Determine Complete HIV Kit",80.0,12-04-14,SCMS-264750,FPQ-15314,11-11-14,HRDT,114-UG-T30,05-May-15,Air,HIV test,100,0.8,"Orgenics, Ltd",EXW,2290
25521,ASN-9178,Generic,South Africa,01-Feb-11,01-Feb-11,300mg,Tablet,Yes,3161.68,Direct Drop,"Zidovudine 300mg, tablets, 60 Tabs",163.68,10357,75916.81,PMO - US,"Aurobindo Unit III, India",Zidovudine,7.33,9/24/10,SCMS-83830,FPQ-6262,8/31/10,ARV,161-ZA-T30,08-Dec-10,Ocean,Adult,60,0.12,Aurobindo Pharma Limited,DDP,523
86585,DN-3230,Generic,Mozambique,01-Aug-13,01-Aug-13,600/300/300mg,Tablet - FDC,No,See DN-3230 (ID#:86584),From RDC,"Efavirenz/Lamivudine/Tenofovir Disoproxil Fumarate 600/300/300mg, tablets, 30 Tabs",13.01,1000,10520.0,PMO - US,Mylan (formerly Matrix) Nashik,Efavirenz/Lamivudine/Tenofovir Disoproxil Fumarate,10.52,N/A - From RDC,SO-43774,FPQ-11033,11-12-12,ARV,111-MZ-T30,01-Aug-13,Truck,Adult,30,0.35,SCMS from RDC,N/A - From RDC,See DN-3230 (ID#:86584)
84850,DN-3316,Generic,Tanzania,27-Sep-13,27-Sep-13,30/50/60mg,Chewable/dispersible tablet - FDC,No,See DN-3316 (ID#:83160),From RDC,"Lamivudine/Nevirapine/Zidovudine 30/50/60mg, dispersible tablets, 60 Tabs",386.5,80322,312452.58,PMO - US,Mylan (formerly Matrix) Nashik,Lamivudine/Nevirapine/Zidovudine,3.89,N/A - From RDC,SO-44984,FPQ-12015,04-02-13,ARV,109-TZ-T30,31-Oct-13,Truck,Pediatric,60,0.06,SCMS from RDC,N/A - From RDC,See DN-3316 (ID#:83160)
84952,DN-3826,Generic,Mozambique,05-Nov-14,07-Nov-14,150/30mg,Tablet - FDC,Yes,1482.7,From RDC,"Lamivudine/Stavudine 150/30mg, tablets, 60 Tabs",68.34,26700,66483.0,PMO - US,"Strides, Bangalore, India.",Lamivudine/Stavudine,2.49,N/A - From RDC,SO-47090,FPQ-13123,10/21/13,ARV,111-MZ-T30,29-Aug-14,Truck,Adult,60,0.04,SCMS from RDC,N/A - From RDC,1307
78346,ASN-8448,Generic,Vietnam,09-Nov-10,09-Nov-10,600mg,Tablet,Yes,11372.45,Direct Drop,"Efavirenz 600mg, tablets, 30 Tabs",447.18,48235,207410.5,PMO - US,Mylan (formerly Matrix) Nashik,Efavirenz,4.3,3/29/10,SCMS-69730,FPQ-5317,3/22/10,ARV,108-VN-T30,09-Nov-10,Air,Adult,30,0.14,MYLAN LABORATORIES LTD (FORMERLY MATRIX LABORATORIES),EXW,3919
9669,ASN-2017,Generic,Vietnam,14-Jul-08,14-Jul-08,100mg,Chewable/dispersible tablet,No,See ASN-2017 (ID#:5701),Direct Drop,"Didanosine 100mg, chewable/dispersible tablets, 60 Tabs",4.46,360,2790.0,PMO - US,"Aurobindo Unit III, India",Didanosine,7.75,3/31/08,SCMS-20200,Pre-PQ Process,Pre-PQ Process,ARV,108-VN-T01,14-Jul-08,Air,Pediatric,60,0.13,Aurobindo Pharma Limited,EXW,See ASN-2017 (ID#:5701)
10691,DN-686,Determine,Haiti,03-Apr-08,03-Apr-08,MIssing,Test kit,Yes,785.88,From RDC,"HIV 1/2, Determine HIV Kit, without Lancets, 100 Tests",1.15,10,720.0,PMO - US,Inverness Japan,"HIV 1/2, Determine HIV Kit, without Lancets",72.0,N/A - From RDC,SO-1291,Pre-PQ Process,Pre-PQ Process,HRDT,125-HT-T01,03-Apr-08,Air,HIV test,100,0.72,SCMS from RDC,N/A - From RDC,12
84585,DN-1984,Generic,CÃte dIvoire,23-Aug-10,23-Aug-10,150mg,Tablet,No,See DN-1984 (ID#:83453),From RDC,"Lamivudine 150mg, tablets, 60 Tabs",33.12,6594,15364.02,PMO - US,"Strides, Bangalore, India.",Lamivudine,2.33,N/A - From RDC,SO-36890,FPQ-5623,05-07-10,ARV,104-CI-T30,31-Aug-10,Air,Adult,60,0.04,SCMS from RDC,N/A - From RDC,See DN-1984 (ID#:83453)
85396,DN-3281,Generic,Mozambique,27-Sep-13,27-Sep-13,150/200/30mg,Tablet - FDC,No,See DN-3281 (ID#:82599),From RDC,"Lamivudine/Nevirapine/Stavudine 150/200/30mg, tablets, 60 Tabs",76.16,13100,61570.0,PMO - US,"Strides, Bangalore, India.",Lamivudine/Nevirapine/Stavudine,4.7,N/A - From RDC,SO-43780,FPQ-11033,11-12-12,ARV,111-MZ-T30,27-Sep-13,Truck,Adult,60,0.08,SCMS from RDC,N/A - From RDC,See DN-3281 (ID#:82599)
82993,DN-2441,Generic,Zimbabwe,09-Dec-11,09-Dec-11,150/200/30mg,Tablet - FDC,Yes,5216.63,From RDC,"Lamivudine/Nevirapine/Stavudine 150/200/30mg, tablets, 60 Tabs",670.28,75507,406227.66,PMO - US,"Cipla, Goa, India",Lamivudine/Nevirapine/Stavudine,5.38,N/A - From RDC,SO-38521,FPQ-7052,1/19/11,ARV,113-ZW-T30,07-Dec-11,Truck,Adult,60,0.09,SCMS from RDC,N/A - From RDC,8578
83219,DN-3581,Generic,South Sudan,21-Mar-14,26-Mar-14,300/300mg,Tablet - FDC,Yes,6169,From RDC,"Lamivudine/Tenofovir Disoproxil Fumarate 300/300mg, tablets, 30 Tabs",6.99,1447,6800.9,PMO - US,"Aurobindo Unit VII, IN",Lamivudine/Tenofovir Disoproxil Fumarate,4.7,N/A - From RDC,SO-47100,FPQ-13173,10/28/13,ARV,103-SS-T30,31-Mar-14,Air,Adult,30,0.16,SCMS from RDC,N/A - From RDC,592
84018,DN-1923,Generic,Nigeria,28-Jun-10,28-Jun-10,200mg,Capsule,Yes,Freight Included in Commodity Cost,From RDC,"Efavirenz 200mg, capsule, 90 Caps",10.47,500,4855.0,PMO - US,"Aurobindo Unit III, India",Efavirenz,9.71,N/A - From RDC,SO-36522,FPQ-5023,02-10-10,ARV,151-NG-T30,15-Jul-10,Air,Pediatric,90,0.11,SCMS from RDC,N/A - From RDC,60
83043,DN-2695,Generic,Zimbabwe,27-Jun-12,27-Jun-12,150/200/30mg,Tablet - FDC,Yes,5530.11,From RDC,"Lamivudine/Nevirapine/Stavudine 150/200/30mg, tablets, 60 Tabs",550.84,71030,333841.0,PMO - US,"Strides, Bangalore, India.",Lamivudine/Nevirapine/Stavudine,4.7,N/A - From RDC,SO-40901,FPQ-8464,10-04-11,ARV,113-ZW-T30,11-Dec-12,Truck,Adult,60,0.08,SCMS from RDC,N/A - From RDC,6990
81823,ASN-31352,Multispot,Mozambique,14-Apr-15,15-Jul-15,MIssing,Test kit,Yes,Invoiced Separately,Direct Drop,"HIV, Multispot HIV-1/HIV-2 Rapid Test Kit, 50 Tests",126.71,80,107651.2,PMO - US,Bio-Rad Laboratories,"HIV, Multispot HIV-1/HIV-2 Rapid Test Kit",1345.64,12-08-14,SCMS-266470,FPQ-15346,11/21/14,HRDT,111-MZ-T30,14-Apr-15,Air,HIV test,50,26.91,BIO-RAD LABORATORIES (FRANCE),FCA,Weight Captured Separately
70619,ASN-16362,Generic,Vietnam,09-Oct-12,09-Oct-12,150mg,Tablet,Yes,3147.88,Direct Drop,"Lamivudine 150mg, tablets, 60 Tabs",81.36,27634,58031.4,PMO - US,Hetero Unit III Hyderabad IN,Lamivudine,2.1,07-12-12,SCMS-153090,FPQ-10267,07-10-12,ARV,108-VN-T30,09-Oct-12,Air,Adult,60,0.04,HETERO LABS LIMITED,EXW,1616
85856,DN-2643,Generic,Uganda,18-May-12,18-May-12,150/300/200mg,Tablet - FDC,No,See DN-2643 (ID#:82471),From RDC,"Lamivudine/Nevirapine/Zidovudine 150/200/300mg, tablets, 60 Tabs",47.25,3275,33699.75,PMO - US,"Strides, Bangalore, India.",Lamivudine/Nevirapine/Zidovudine,10.29,N/A - From RDC,SO-41510,FPQ-9321,02-10-12,ARV,114-UG-T30,03-Jul-12,Truck,Adult,60,0.17,SCMS from RDC,N/A - From RDC,See DN-2643 (ID#:82471)
86249,DN-1593,Generic,Nigeria,18-Dec-09,18-Dec-09,150/300mg,Tablet - FDC,Yes,11637.65,From RDC,"Lamivudine/Zidovudine 150/300mg, tablets, 60 Tabs",205.16,11949,104673.24,PMO - US,"Aurobindo Unit III, India",Lamivudine/Zidovudine,8.76,N/A - From RDC,SO-32973,FPQ-4014,7/27/09,ARV,123-NG-T30,31-Jan-10,Air Charter,Adult,60,0.15,SCMS from RDC,N/A - From RDC,1084
83636,DN-2927,Generic,Uganda,28-Nov-12,28-Nov-12,600mg,Tablet,Yes,2154,From RDC,"Efavirenz 600mg, tablets, 30 Tabs",25.2,4938,17974.32,PMO - US,"Aurobindo Unit III, India",Efavirenz,3.64,N/A - From RDC,SO-43480,FPQ-10780,10-10-12,ARV,114-UG-T30,03-Jan-13,Air,Adult,30,0.12,SCMS from RDC,N/A - From RDC,430
85801,DN-2409,Generic,Zimbabwe,21-Nov-11,21-Nov-11,20mg/ml,Oral solution,Yes,221.96,From RDC,"Abacavir 20mg/ml, oral solution, Bottle, 240 ml",13.28,592,8051.2,PMO - US,"Cipla, Goa, India",Abacavir,13.6,N/A - From RDC,SO-39540,FPQ-7559,4/29/11,ARV,100-ZW-T30,30-Nov-11,Truck,Pediatric,240,0.06,SCMS from RDC,N/A - From RDC,195
56465,ASN-32524,Generic,South Africa,02-Jun-15,02-Jun-15,600mg,Tablet,No,Freight Included in Commodity Cost,Direct Drop,"Efavirenz 600mg, tablets, 30 Tabs",0.44,38,428.22,PMO - US,"Aurobindo Unit III, India",Efavirenz,11.27,06-02-15,SCMS-259076,FPQ-14942,09-11-14,ARV,116-ZA-T30,02-Jun-15,Truck,Adult,30,0.38,PHARMACY DIRECT,DDP,Weight Captured Separately
29848,ASN-19166,Zerit,South Africa,16-Apr-13,16-Apr-13,20mg,Capsule,No,Freight Included in Commodity Cost,Direct Drop,"Stavudine 20mg [Zerit], capsules, 60 Caps",0.03,4,20.72,South Africa Field Office,Bristol-Myers Squibb Anagni IT,Stavudine,5.18,Date Not Captured,SCMS-183950,FPQ-11828,3/18/13,ARV,116-ZA-T30,16-Apr-13,Truck,Adult,60,0.09,S. BUYS WHOLESALER,DDP,Weight Captured Separately
44577,ASN-17259,Kaletra,Zimbabwe,13-Dec-12,13-Dec-12,80/20mg/ml,Oral solution,Yes,Freight Included in Commodity Cost,Direct Drop,"Lopinavir/Ritonavir 80/20mg/ml [Kaletra], oral solution, cool, Bottle 5 x 60 ml",44.25,1024,31559.68,PMO - US,ABBVIE (Abbott) Logis. UK,Lopinavir/Ritonavir,30.82,7/18/12,SCMS-148300,FPQ-9905,5/29/12,ARV,103-ZW-T30,13-Dec-12,Air,Pediatric,300,0.1,ABBVIE LOGISTICS (FORMERLY ABBOTT LOGISTICS BV),FCA,1014
12525,DN-1005,Generic,Zambia,01-Dec-08,01-Dec-08,200mg,Tablet,Yes,3629.37,From RDC,"Nevirapine 200mg, tablets, 60 Tabs",333.2,50000,170000.0,PMO - US,Hetero Unit III Hyderabad IN,Nevirapine,3.4,N/A - From RDC,SO-2494,Pre-PQ Process,Pre-PQ Process,ARV,110-ZM-T01,01-Dec-08,Truck,Adult,60,0.06,SCMS from RDC,N/A - From RDC,2809
30819,ASN-10469,Determine,Tanzania,01-Jun-11,01-Jun-11,MIssing,Test kit,Yes,14398.69,Direct Drop,"HIV 1/2, Determine Complete HIV Kit, 100 Tests",165,1250,100000.0,PMO - US,Inverness Japan,"HIV 1/2, Determine Complete HIV Kit",80.0,03-02-11,SCMS-100650,FPQ-6936,12/27/10,HRDT,109-TZ-T30,01-Jun-11,Air,HIV test,100,0.8,"Orgenics, Ltd",EXW,600
29281,ASN-12470,Determine,Kenya,04-Nov-11,04-Nov-11,MIssing,Test kit,Yes,44128.81,Direct Drop,"HIV 1/2, Determine Complete HIV Kit, 100 Tests",1271.28,8657,770473.0,PMO - US,"Alere Medical Co., Ltd.","HIV 1/2, Determine Complete HIV Kit",89.0,8/28/11,SCMS-119190,FPQ-8155,08-05-11,HRDT,127-KE-T30,04-Nov-11,Air,HIV test,100,0.89,"Orgenics, Ltd",EXW,4203
84697,DN-2496,Generic,"Congo, DRC",14-Feb-12,14-Feb-12,200mg,Tablet,No,See DN-2496 (ID#:82434),From RDC,"Nevirapine 200mg, tablets, 60 Tabs",0.14,40,103.2,PMO - US,"Strides, Bangalore, India.",Nevirapine,2.58,N/A - From RDC,SO-41134,FPQ-8840,11/21/11,ARV,101-CD-T30,16-Mar-12,Air,Adult,60,0.04,SCMS from RDC,N/A - From RDC,See DN-2496 (ID#:82434)
11030,DN-1163,Kaletra,CÃte dIvoire,23-Mar-09,23-Mar-09,80/20mg/ml,Oral solution,Yes,Invoiced Separately,From RDC,"Lopinavir/Ritonavir 80/20mg/ml [Kaletra], oral solution, cool, Bottle 5 x 60 ml",29.4,365,15001.5,PMO - US,ABBVIE (Abbott) Logis. UK,Lopinavir/Ritonavir,41.1,N/A - From RDC,SO-970,Pre-PQ Process,Pre-PQ Process,ARV,104-CI-T01,23-Mar-09,Air,Pediatric,300,0.14,SCMS from RDC,N/A - From RDC,Weight Captured Separately
83032,DN-2656,Generic,Zimbabwe,25-May-12,25-May-12,300/300mg,Tablet - FDC,Yes,15219.72,From RDC,"Lamivudine/Tenofovir Disoproxil Fumarate 300/300mg, tablets, 30 Tabs",713.75,78082,432574.28,PMO - US,Mylan (formerly Matrix) Nashik,Lamivudine/Tenofovir Disoproxil Fumarate,5.54,N/A - From RDC,SO-40870,FPQ-8464,10-04-11,ARV,113-ZW-T30,12-Jun-12,Truck,Adult,30,0.18,SCMS from RDC,N/A - From RDC,14314
32405,ASN-10872,Generic,South Africa,14-Jul-11,14-Jul-11,300mg,Tablet,Yes,11986.59,Direct Drop,"Tenofovir Disoproxil Fumarate 300mg, tablets, 30 Tabs",1206.33,113000,731110.0,PMO - US,"Cipla, Goa, India",Tenofovir Disoproxil Fumarate,6.47,3/28/11,SCMS-103850,FPQ-7175,03-10-11,ARV,161-ZA-T30,14-Jul-11,Ocean,Adult,30,0.22,CIPLA LIMITED,DDP,7569
58504,ASN-33477,Generic,South Africa,24-Jul-15,24-Jul-15,400mg,Delayed-release capsules,No,Freight Included in Commodity Cost,Direct Drop,"Didanosine 400mg, delayed-release capsules, 30 Caps",0.07,5,71.09,PMO - US,"Aurobindo Unit III, India",Didanosine,14.22,10-09-14,SCMS-259077,FPQ-14942,09-11-14,ARV,116-ZA-T30,24-Jul-15,Truck,Adult,30,0.47,PHARMACY DIRECT,DDP,Weight Captured Separately
82330,DN-1875,Generic,Zambia,29-Jun-10,29-Jun-10,600mg,Tablet,Yes,11054.59,From RDC,"Efavirenz 600mg, tablets, 30 Tabs",27.27,2750,12650.0,PMO - US,Mylan (formerly Matrix) Nashik,Efavirenz,4.6,N/A - From RDC,SO-36850,FPQ-5702,5/20/10,ARV,110-ZM-T30,04-Nov-10,Truck,Adult,30,0.15,SCMS from RDC,N/A - From RDC,10313
86787,DN-4176,Generic,Rwanda,04-May-15,08-May-15,300mg,Tablet,Yes,1301.94,From RDC,"Tenofovir Disoproxil Fumarate 300mg, tablets, 30 Tabs",0.84,200,710.0,PMO - US,Mylan (formerly Matrix) Nashik,Tenofovir Disoproxil Fumarate,3.55,N/A - From RDC,SO-50690,FPQ-15622,12/22/14,ARV,107-RW-T30,24-Apr-15,Air,Adult,30,0.12,SCMS from RDC,N/A - From RDC,12
12716,DN-396,Generic,Zambia,12-Nov-07,12-Nov-07,10mg/ml,Oral suspension,Yes,13094.92,From RDC,"Nevirapine 10mg/ml, oral suspension, Bottle, 240 ml",109.08,10996,68175.2,PMO - US,"Aurobindo Unit III, India",Nevirapine,6.2,N/A - From RDC,SO-977,Pre-PQ Process,Pre-PQ Process,ARV,110-ZM-T01,12-Nov-07,MIssing,Pediatric,240,0.03,SCMS from RDC,N/A - From RDC,3967
10721,DN-919,Atripla,Nigeria,28-Sep-08,28-Sep-08,600/200/300mg,Tablet - FDC,Yes,13353.34,From RDC,"Efavirenz/Emtricitabine/Tenofovir Disoproxil Fumarate 600/200/300mg [Atripla], tablets, 30 Tabs",80.64,1000,50400.0,PMO - US,"MSD, Haarlem, NL",Efavirenz/Emtricitabine/Tenofovir Disoproxil Fumarate,50.4,N/A - From RDC,SO-10821,Pre-PQ Process,Pre-PQ Process,ARV,131-NG-T01,28-Sep-08,Air,Adult,30,1.68,SCMS from RDC,N/A - From RDC,108
11075,DN-1498,Generic,Zambia,29-Oct-09,29-Oct-09,600mg,Tablet,Yes,4897.42,From RDC,"Efavirenz 600mg, tablets, 30 Tabs",424.15,34036,196728.08,PMO - US,"Aurobindo Unit III, India",Efavirenz,5.78,N/A - From RDC,SO-29031,Pre-PQ Process,Date Not Captured,ARV,110-ZM-T01,29-Oct-09,Truck,Adult,30,0.19,SCMS from RDC,N/A - From RDC,2901
5035,ASN-3634,Viramune,South Africa,02-Dec-08,02-Dec-08,200mg,Tablet,No,Freight Included in Commodity Cost,Direct Drop,"Nevirapine 200mg [Viramune], tablets, 60 Tabs",87.83,2880,44812.8,PMO - US,"Boehringer Ing., Koropi, GR",Nevirapine,15.56,Date Not Captured,SCMS-40810,Pre-PQ Process,Pre-PQ Process,ARV,116-ZA-T01,31-Mar-09,Air,Adult,60,0.26,S. BUYS WHOLESALER,DDP,Weight Captured Separately
10936,DN-574,Generic,Ethiopia,31-Jan-08,31-Jan-08,200mg,Tablet,Yes,2724.27,From RDC,"Nevirapine 200mg, tablets, 60 Tabs",40.86,7511,25537.4,PMO - US,"Ranbaxy, Paonta Shahib, India",Nevirapine,3.4,N/A - From RDC,SO-1532,Pre-PQ Process,Pre-PQ Process,ARV,117-ET-T01,31-Jan-08,Air,Adult,60,0.06,SCMS from RDC,N/A - From RDC,732
83988,DN-1720,Generic,Nigeria,31-Mar-10,31-Mar-10,150/300/200mg,Tablet - FDC,Yes,Freight Included in Commodity Cost,From RDC,"Lamivudine/Nevirapine/Zidovudine 150/200/300mg, tablets, 60 Tabs",2419.03,100000,1122000.0,PMO - US,"Aurobindo Unit III, India",Lamivudine/Nevirapine/Zidovudine,11.22,N/A - From RDC,SO-35060,FPQ-4537,11-06-09,ARV,151-NG-T30,19-Apr-10,Air Charter,Adult,60,0.19,SCMS from RDC,N/A - From RDC,11725
26791,ASN-23875,Epivir,South Africa,13-Jan-14,13-Jan-14,150mg,Tablet,No,Freight Included in Commodity Cost,Direct Drop,"Lamivudine 150mg [Epivir], tablets, 60 Tabs",27.35,2314,26605.58,PMO - US,GSK Cape Town Factory (South Africa),Lamivudine,11.5,12-02-13,SCMS-215410,FPQ-13214,11/14/13,ARV,116-ZA-T30,13-Jan-14,Truck,Adult,60,0.19,S. BUYS WHOLESALER,DDP,Weight Captured Separately
83289,DN-4018,Generic,Zambia,01-Feb-15,20-Feb-15,300mg,Tablet,Yes,401.82,From RDC,"Zidovudine 300mg, tablets, 60 Tabs",29.86,5281,29045.5,PMO - US,"Aurobindo Unit III, India",Zidovudine,5.5,N/A - From RDC,SO-48690,FPQ-14162,4/24/14,ARV,110-ZM-T30,30-Jan-15,Truck,Adult,60,0.09,SCMS from RDC,N/A - From RDC,312
31936,ASN-10407,Aluvia,CÃte dIvoire,30-Jun-11,30-Jun-11,200/50mg,Tablet,Yes,17068.84,Direct Drop,"Lopinavir/Ritonavir 200/50mg [Aluvia], tablets, 120 Tabs",267.4,4809,162063.3,PMO - US,ABBVIE Ludwigshafen Germany,Lopinavir/Ritonavir,33.7,3/24/11,SCMS-101000,FPQ-6897,01-05-11,ARV,104-CI-T30,30-Jun-11,Air,Adult,120,0.28,ABBVIE LOGISTICS (FORMERLY ABBOTT LOGISTICS BV),FCA,1196
10500,ASN-5369,Generic,South Africa,12-Oct-09,12-Oct-09,10mg/ml,Oral solution,Yes,Freight Included in Commodity Cost,Direct Drop,"Zidovudine 10mg/ml, oral solution, Bottle, 240 ml",3.04,200,1410.0,PMO - US,"Aurobindo Unit III, India",Zidovudine,7.05,06-05-09,SCMS-47052,Pre-PQ Process,Pre-PQ Process,ARV,116-ZA-T01,12-Oct-09,Truck,Pediatric,240,0.03,S. BUYS WHOLESALER,DDP,Weight Captured Separately
64021,ASN-16044,Colloidal Gold,Botswana,10-Sep-12,10-Sep-12,MIssing,Test kit,Yes,8542.94,Direct Drop,"HIV 1/2, SKB Colloidal Gold, Diagnostic Kit, Antibody, 50 Tests",54.96,1600,39200.0,PMO - US,"KHB Test Kit Facility, Shanghai China","HIV 1/2, Colloidal Gold, Diagnostic Kit, Antibody",24.5,08-02-12,SCMS-155780,FPQ-10435,7/27/12,HRDT,102-BW-T30,10-Sep-12,Air,HIV test,1,24.5,"SHANGHAI KEHUA BIOENGINEERING CO.,LTD.  (KHB)",EXW,1111
83620,DN-2826,Generic,Zimbabwe,11-Sep-12,11-Sep-12,20mg/ml,Oral solution,Yes,588.71,From RDC,"Abacavir 20mg/ml, oral solution w/syringe, Bottle, 240 ml",1.75,100,1250.0,PMO - US,"Aurobindo Unit III, India",Abacavir,12.5,N/A - From RDC,SO-42240,FPQ-9907,5/15/12,ARV,103-ZW-T30,31-Aug-12,Truck,Pediatric,240,0.05,SCMS from RDC,N/A - From RDC,37
5860,ASN-2997,Determine,Zimbabwe,22-Jan-09,22-Jan-09,MIssing,Test kit,Yes,5781.14,Direct Drop,"HIV 1/2, Determine HIV Kit, without Lancets, 100 Tests",196.98,1396,100498.04,PMO - US,Inverness Japan,"HIV 1/2, Determine HIV Kit, without Lancets",71.99,06-12-08,SCMS-25300,Pre-PQ Process,Pre-PQ Process,HRDT,113-ZW-T01,22-Jan-09,Air,HIV test,100,0.72,"Orgenics, Ltd",EXW,414
86459,DN-2594,Generic,Burundi,04-May-12,04-May-12,150/300mg,Tablet - FDC,No,See DN-2594 (ID#:83021),From RDC,"Lamivudine/Zidovudine 150/300mg, tablets, 60 Tabs",283.09,25240,201920.0,PMO - US,Hetero Unit III Hyderabad IN,Lamivudine/Zidovudine,8.0,N/A - From RDC,SO-41530,FPQ-9229,1/25/12,ARV,102-BI-T30,26-Apr-12,Air,Adult,60,0.13,SCMS from RDC,N/A - From RDC,See DN-2594 (ID#:83021)
82413,DN-2392,Generic,Mozambique,14-Dec-11,14-Dec-11,10mg/ml,Oral suspension,Yes,6888.32,From RDC,"Nevirapine 10mg/ml, oral suspension w/syringe, Bottle, 240 ml",84.74,26337,51357.15,PMO - US,"Aurobindo Unit III, India",Nevirapine,1.95,N/A - From RDC,SO-38642,FPQ-7053,1/24/11,ARV,111-MZ-T30,14-Dec-11,Truck,Pediatric,240,0.01,SCMS from RDC,N/A - From RDC,9931
85036,DN-4291,Generic,Nigeria,02-Jun-15,17-Jun-15,600/300/300mg,Tablet - FDC,Yes,68103.71,From RDC,"Efavirenz/Lamivudine/Tenofovir Disoproxil Fumarate 600/300/300mg, tablets, 30 Tabs",1194.12,121000,1161600.0,PMO - US,Hetero Unit III Hyderabad IN,Efavirenz/Lamivudine/Tenofovir Disoproxil Fumarate,9.6,N/A - From RDC,SO-51428,FPQ-14989,9/19/14,ARV,151-NG-T30,30-Jun-15,Air Charter,Adult,30,0.32,SCMS from RDC,N/A - From RDC,35884
55520,ASN-13875,Colloidal Gold,Ethiopia,14-Mar-12,14-Mar-12,MIssing,Test kit,Yes,1437.62,Direct Drop,"HIV 1/2, SKB Colloidal Gold, Diagnostic Kit, Antibody, 50 Tests",6.01,175,4287.5,PMO - US,"KHB Test Kit Facility, Shanghai China","HIV 1/2, Colloidal Gold, Diagnostic Kit, Antibody",24.5,1/23/12,SCMS-133390,FPQ-9096,01-05-12,HRDT,117-ET-T30,14-Mar-12,Air,HIV test,1,24.5,"SHANGHAI KEHUA BIOENGINEERING CO.,LTD.  (KHB)",EXW,1
11560,DN-1003,Generic,Ethiopia,11-Nov-08,11-Nov-08,300mg,Tablet,Yes,1774.3,From RDC,"Zidovudine 300mg, tablets, 60 Tabs",77.42,5000,39500.0,PMO - US,"Aurobindo Unit III, India",Zidovudine,7.9,N/A - From RDC,SO-18340,Pre-PQ Process,Pre-PQ Process,ARV,117-ET-T01,11-Nov-08,Air,Adult,60,0.13,SCMS from RDC,N/A - From RDC,229
86364,DN-2093,Generic,Nigeria,16-Feb-11,16-Feb-11,150/300/200mg,Tablet - FDC,Yes,43548,From RDC,"Lamivudine/Nevirapine/Zidovudine 150/200/300mg, tablets, 60 Tabs",1431.67,77333,867676.26,PMO - US,"Aurobindo Unit III, India",Lamivudine/Nevirapine/Zidovudine,11.22,N/A - From RDC,SO-38340,FPQ-6800,12-07-10,ARV,151-NG-T30,21-Feb-11,Air Charter,Adult,60,0.19,SCMS from RDC,N/A - From RDC,11276
83965,DN-1531,Generic,Haiti,30-Nov-09,30-Nov-09,300mg,Tablet,Yes,10331.78,From RDC,"Zidovudine 300mg, tablets, 60 Tabs",16.07,990,7454.7,PMO - US,"Aurobindo Unit III, India",Zidovudine,7.53,N/A - From RDC,SO-34190,FPQ-4469,9/23/09,ARV,106-HT-T30,02-Dec-09,Air,Adult,60,0.13,SCMS from RDC,N/A - From RDC,109
84044,DN-2017,Generic,Guyana,19-Sep-10,19-Sep-10,200mg,Capsule,No,See DN-2017 (ID#:82918),From RDC,"Efavirenz 200mg, capsule, 90 Caps",4.81,230,2233.3,PMO - US,"Aurobindo Unit III, India",Efavirenz,9.71,N/A - From RDC,SO-37400,FPQ-6307,8/30/10,ARV,105-GY-T30,23-Nov-10,Air,Pediatric,90,0.11,SCMS from RDC,N/A - From RDC,See DN-2017 (ID#:82918)
83123,DN-3065,Generic,Uganda,20-Mar-13,20-Mar-13,600/300mg,Tablet - FDC,Yes,6585.03,From RDC,"Abacavir/Lamivudine 600/300mg, scored tablets, 30 Tabs",99.47,5760,80409.6,PMO - US,Mylan (formerly Matrix) Nashik,Abacavir/Lamivudine,13.96,N/A - From RDC,SO-43871,FPQ-11133,12/13/12,ARV,114-UG-T30,28-Jun-13,Truck,Adult,30,0.47,SCMS from RDC,N/A - From RDC,610
11936,DN-944,Generic,Haiti,04-Nov-08,04-Nov-08,30mg,Capsule,No,See DN-944 (ID#:11012),From RDC,"Stavudine 30mg, capsules, 60 Caps",36.46,12000,18600.0,PMO - US,"Aurobindo Unit III, India",Stavudine,1.55,N/A - From RDC,SO-15930,Pre-PQ Process,Pre-PQ Process,ARV,106-HT-T01,04-Nov-08,Air,Adult,60,0.03,SCMS from RDC,N/A - From RDC,See DN-944 (ID#:11012)
21536,ASN-23519,Determine,Pakistan,17-Mar-14,17-Mar-14,MIssing,Test kit,Yes,19489.83,Direct Drop,"HIV 1/2, Determine Complete HIV Kit, 100 Tests",502.93,4484,358720.0,PMO - US,"Alere Medical Co., Ltd.","HIV 1/2, Determine Complete HIV Kit",80.0,07-09-12,SCMS-149790,FPQ-9896,5/18/12,HRDT,110-PK-T30,17-Mar-14,Air,HIV test,100,0.8,INVERNESS MEDICAL INNOVATIONS HONG KONG LTD,EXW,1744
56084,ASN-20477,Determine,Zambia,31-Jul-13,31-Jul-13,MIssing,Test kit,Yes,18875.83,Direct Drop,"HIV 1/2, Determine Complete HIV Kit, 100 Tests",289.85,2929,234320.0,PMO - US,"Alere Medical Co., Ltd.","HIV 1/2, Determine Complete HIV Kit",80.0,5/22/13,SCMS-189240,FPQ-12252,05-02-13,HRDT,110-ZM-T30,05-Aug-13,Air,HIV test,100,0.8,"Orgenics, Ltd",EXW,1214
71784,ASN-27812,Generic,Vietnam,22-Sep-14,04-Nov-14,300mg,Tablet,No,See ASN-27812 (ID#:25926),Direct Drop,"Abacavir 300mg, tablets, 60 Tabs",5.89,500,5725.0,PMO - US,Hetero Unit III Hyderabad IN,Abacavir,11.45,4/30/14,SCMS-236060,FPQ-13976,04-08-14,ARV,108-VN-T30,22-Sep-14,Air,Adult,60,0.19,HETERO LABS LIMITED,EXW,See ASN-27812 (ID#:25926)
10704,DN-775,Generic,Haiti,27-Jun-08,27-Jun-08,300mg,Tablet,Yes,2944.21,From RDC,"Zidovudine 300mg, tablets, 60 Tabs",41.08,3150,25672.5,PMO - US,"Aurobindo Unit III, India",Zidovudine,8.15,N/A - From RDC,SO-2600,Pre-PQ Process,Pre-PQ Process,ARV,106-HT-T01,27-Jun-08,Air,Adult,60,0.14,SCMS from RDC,N/A - From RDC,181
9352,ASN-1933,Bioline,Tanzania,22-Jul-08,22-Jul-08,MIssing,Test kit,Yes,22663.18,Direct Drop,"HIV 1/2, Bioline 3.0 Kit, Lancets, Capillary pipets, Alcohol swabs included, 25 Tests",320,10000,200000.0,PMO - US,"Standard Diagnostics, Korea","HIV 1/2, Bioline 3.0 Kit, Lancets, Capillary pipets, Alcohol swabs included",20.0,10/23/07,SCMS-10350,Pre-PQ Process,Pre-PQ Process,HRDT,109-TZ-T01,22-Jul-08,Air,HIV test,25,0.8,"Standard Diagnostics, Inc.",EXW,3110
9024,ASN-3779,Generic,South Africa,03-Apr-09,03-Apr-09,30mg,Capsule,Yes,Freight Included in Commodity Cost,Direct Drop,"Stavudine 30mg, capsules, 60 Caps",124.11,25637,63323.39,PMO - US,"Aurobindo Unit III, India",Stavudine,2.47,Date Not Captured,SCMS-40840,Pre-PQ Process,Pre-PQ Process,ARV,116-ZA-T01,03-Apr-09,Air,Adult,60,0.04,S. BUYS WHOLESALER,DDP,Weight Captured Separately
15738,ASN-32255,Norvir,Vietnam,15-Jul-15,15-Jul-15,100mg,Tablet,Yes,642.45,Direct Drop,"Ritonavir 100mg [Norvir], film coated tablets, 30 Tabs",10.95,400,9304.0,PMO - US,ABBVIE Ludwigshafen Germany,Ritonavir,23.26,03-04-15,SCMS-277340,FPQ-15823,2/13/15,ARV,108-VN-T30,15-Jul-15,Air,Adult,30,0.78,ABBVIE LOGISTICS (FORMERLY ABBOTT LOGISTICS BV),FCA,40
83072,DN-2834,Generic,Zambia,07-Sep-12,07-Sep-12,200/300mg,Tablet - FDC,Yes,7317.47,From RDC,"Emtricitabine/Tenofovir Disoproxil Fumarate 200/300mg, tablets, 30 Tabs",1068.34,107175,762014.25,PMO - US,Mylan (formerly Matrix) Nashik,Emtricitabine/Tenofovir Disoproxil Fumarate,7.11,N/A - From RDC,SO-41703,FPQ-9472,03-08-12,ARV,110-ZM-T30,24-Sep-12,Truck,Adult,30,0.24,SCMS from RDC,N/A - From RDC,8709
86019,DN-3423,Generic,Burundi,17-Feb-14,24-Feb-14,10mg/ml,Oral solution,Yes,1530.81,From RDC,"Lamivudine 10mg/ml, oral solution w/syringe, Bottle, 240 ml",0.98,549,796.05,PMO - US,"Aurobindo Unit III, India",Lamivudine,1.45,N/A - From RDC,SO-45181,FPQ-12065,4/22/13,ARV,102-BI-T30,31-Dec-13,Air,Pediatric,240,0.01,SCMS from RDC,N/A - From RDC,201
82760,DN-4050,Generic,Mozambique,23-Mar-15,23-Mar-15,150/300mg,Tablet - FDC,Yes,8191.96,From RDC,"Lamivudine/Zidovudine 150/300mg, tablets, 60 Tabs",961.66,139000,935470.0,PMO - US,Hetero Unit III Hyderabad IN,Lamivudine/Zidovudine,6.73,N/A - From RDC,SO-47054,FPQ-13124,10/21/13,ARV,111-MZ-T30,23-Mar-15,Truck,Adult,60,0.11,SCMS from RDC,N/A - From RDC,12307
86197,DN-4253,Generic,CÃte dIvoire,08-Jun-15,19-Jun-15,200/50mg,Tablet,No,See DN-4253 (ID#:83334),From RDC,"Lopinavir/Ritonavir 200/50mg, tablets, 120 Tabs",117.42,5900,114224.0,PMO - US,Mylan (formerly Matrix) Nashik,Lopinavir/Ritonavir,19.36,N/A - From RDC,SO-49040,FPQ-14370,5/23/14,ARV,104-CI-T30,08-Jun-15,Truck,Adult,120,0.16,SCMS from RDC,N/A - From RDC,See DN-4253 (ID#:83334)
12266,DN-1138,Generic,Nigeria,19-Mar-09,19-Mar-09,150/300/200mg,Tablet - FDC,Yes,Freight Included in Commodity Cost,From RDC,"Lamivudine/Nevirapine/Zidovudine 150/200/300mg, tablets, 60 Tabs",8.27,370,4218.0,PMO - US,"Aurobindo Unit III, India",Lamivudine/Nevirapine/Zidovudine,11.4,N/A - From RDC,SO-21804,Pre-PQ Process,Pre-PQ Process,ARV,151-NG-T01,19-Mar-09,Air Charter,Adult,60,0.19,SCMS from RDC,N/A - From RDC,42
86388,DN-2229,Generic,Nigeria,06-Jul-11,06-Jul-11,200mg,Tablet,Yes,13398.06,From RDC,"Nevirapine 200mg, tablets, 60 Tabs",269.18,64995,163137.45,PMO - US,"Strides, Bangalore, India.",Nevirapine,2.51,N/A - From RDC,SO-39700,FPQ-7217,2/21/11,ARV,151-NG-T30,15-Jun-11,Air Charter,Adult,60,0.04,SCMS from RDC,N/A - From RDC,4618
85869,DN-2694,Generic,Zimbabwe,27-Jun-12,27-Jun-12,150/30mg,Tablet - FDC,No,See DN-2694 (ID#:82483),From RDC,"Lamivudine/Stavudine 150/30mg, tablets, 60 Tabs",13.14,2699,7962.05,PMO - US,"Strides, Bangalore, India.",Lamivudine/Stavudine,2.95,N/A - From RDC,SO-40891,FPQ-8464,10-04-11,ARV,113-ZW-T30,16-Oct-12,Truck,Adult,60,0.05,SCMS from RDC,N/A - From RDC,See DN-2694 (ID#:82483)
36147,ASN-32258,Generic,Vietnam,13-Jul-15,14-Jul-15,200mg,Tablet,No,See ASN-32258 (ID#:29880),Direct Drop,"Nevirapine 200mg, tablets, 60 Tabs",25.42,10000,21600.0,PMO - US,Hetero Unit III Hyderabad IN,Nevirapine,2.16,2/17/15,SCMS-274370,FPQ-15692,1/28/15,ARV,108-VN-T30,13-Jul-15,Air,Adult,60,0.04,HETERO LABS LIMITED,EXW,See ASN-32258 (ID#:29880)
10343,ASN-3575,Generic,South Africa,01-Dec-08,01-Dec-08,150mg,Tablet,No,Freight Included in Commodity Cost,Direct Drop,"Lamivudine 150mg, tablets, 60 Tabs",63.74,6000,32520.0,PMO - US,"Aurobindo Unit III, India",Lamivudine,5.42,Date Not Captured,SCMS-40790,Pre-PQ Process,Pre-PQ Process,ARV,116-ZA-T01,24-Mar-09,Air,Adult,60,0.09,S. BUYS WHOLESALER,DDP,Weight Captured Separately
82611,DN-3347,Generic,Tanzania,04-Nov-13,06-Nov-13,30/50/6mg,Chewable/dispersible tablet - FDC,Yes,7607.2,From RDC,"Lamivudine/Nevirapine/Stavudine 30/50/6mg, dispersible tablets, 60 Tabs",17.35,6097,14023.1,PMO - US,"Cipla, Goa, India",Lamivudine/Nevirapine/Stavudine,2.3,N/A - From RDC,SO-44980,FPQ-12015,04-02-13,ARV,109-TZ-T30,31-Oct-13,Truck,Pediatric,60,0.04,SCMS from RDC,N/A - From RDC,12213
83087,DN-2886,Generic,Cameroon,17-Oct-12,17-Oct-12,300/300mg,Tablet - FDC,No,See DN-2886 (ID#:82519),From RDC,"Lamivudine/Tenofovir Disoproxil Fumarate 300/300mg, tablets, 30 Tabs",161.67,21514,115315.04,PMO - US,"Cipla, Kurkumbh, India",Lamivudine/Tenofovir Disoproxil Fumarate,5.36,N/A - From RDC,SO-43390,FPQ-10641,9/19/12,ARV,900-CM-T30,24-Oct-12,Air Charter,Adult,30,0.18,SCMS from RDC,N/A - From RDC,See DN-2886 (ID#:82519)
8714,ASN-3508,Generic,Zambia,18-Mar-09,18-Mar-09,MIssing,Test kit - Ancillary,No,See ASN-3508 (ID#:3441),Direct Drop,"HIV, Lancet, Safety, for HIV Test kits, 100 Pcs",0.11,5500,55.0,PMO - US,Inverness Japan,"HIV, Lancet, Safety, for HIV Test kits, 100 Pcs",0.01,10-02-08,SCMS-31390,Pre-PQ Process,Pre-PQ Process,HRDT,110-ZM-T01,18-Mar-09,Air,HIV test - Ancillary,100,0.0,"Orgenics, Ltd",EXW,See ASN-3508 (ID#:3441)
58211,ASN-6027,Determine,CÃte dIvoire,19-Feb-10,19-Feb-10,MIssing,Test kit,Yes,12619.38,Direct Drop,"HIV 1/2, Determine HIV Kit, without Lancets, 100 Tests",528.22,3500,245000.0,PMO - US,Inverness Japan,"HIV 1/2, Determine HIV Kit, without Lancets",70.0,11-03-09,SCMS-56482,FPQ-4484,10/29/09,HRDT,104-CI-T30,19-Feb-10,Air,HIV test,100,0.7,"Orgenics, Ltd",EXW,794
10774,DN-1250,Generic,Zambia,15-Jun-09,15-Jun-09,300mg,Tablet,Yes,17384.76,From RDC,"Zidovudine 300mg, tablets, 60 Tabs",7.56,500,3855.0,PMO - US,"Aurobindo Unit III, India",Zidovudine,7.71,N/A - From RDC,SO-30300,Pre-PQ Process,Pre-PQ Process,ARV,110-ZM-T01,15-Jun-09,Truck,Adult,60,0.13,SCMS from RDC,N/A - From RDC,10681
82637,DN-3491,Generic,Zambia,24-Jan-14,17-Mar-14,300mg,Tablet,Yes,1300,From RDC,"Zidovudine 300mg, tablets, 60 Tabs",36.43,6350,35433.0,PMO - US,"Aurobindo Unit III, India",Zidovudine,5.58,N/A - From RDC,SO-47470,FPQ-13456,12/17/13,ARV,110-ZM-T30,13-Feb-14,Truck,Adult,60,0.09,SCMS from RDC,N/A - From RDC,320
86406,DN-2330,Generic,Mozambique,30-Nov-11,30-Nov-11,10mg/ml,Oral solution,Yes,826.26,From RDC,"Zidovudine 10mg/ml, oral solution w/syringe, Bottle, 240 ml",6.07,1822,3680.44,PMO - US,"Aurobindo Unit III, India",Zidovudine,2.02,N/A - From RDC,SO-38691,FPQ-7053,1/24/11,ARV,111-MZ-T30,30-Nov-11,Truck,Pediatric,240,0.01,SCMS from RDC,N/A - From RDC,707
85157,DN-2025,Generic,Nigeria,10-Nov-10,10-Nov-10,200mg,Capsule,No,See DN-2025 (ID#:83460),From RDC,"Efavirenz 200mg, capsule, 90 Caps",45.01,2150,20876.5,PMO - US,"Aurobindo Unit III, India",Efavirenz,9.71,N/A - From RDC,SO-37500,FPQ-5688,5/27/10,ARV,151-NG-T30,22-Oct-10,Air,Pediatric,90,0.11,SCMS from RDC,N/A - From RDC,See DN-2025 (ID#:83460)
85289,DN-2773,Generic,Nigeria,24-Jul-12,24-Jul-12,200mg,Tablet,No,See DN-2773 (ID#:83608),From RDC,"Nevirapine 200mg, tablets, 60 Tabs",42.78,12156,30511.56,PMO - US,Hetero Unit III Hyderabad IN,Nevirapine,2.51,N/A - From RDC,SO-42806,FPQ-9432,03-01-12,ARV,151-NG-T30,02-Aug-12,Air Charter,Adult,60,0.04,SCMS from RDC,N/A - From RDC,See DN-2773 (ID#:83608)
84373,DN-3752,Generic,Mozambique,25-Jul-14,05-Sep-14,150/30mg,Tablet - FDC,Yes,11701.65,From RDC,"Lamivudine/Stavudine 150/30mg, tablets, 60 Tabs",63.4,24768,61672.32,PMO - US,Hetero Unit III Hyderabad IN,Lamivudine/Stavudine,2.49,N/A - From RDC,SO-47092,FPQ-13123,10/21/13,ARV,111-MZ-T30,31-Jul-14,Truck,Adult,60,0.04,SCMS from RDC,N/A - From RDC,20019
85349,DN-3104,Generic,Tanzania,22-Apr-13,22-Apr-13,200/300mg,Tablet - FDC,Yes,3300.95,From RDC,"Emtricitabine/Tenofovir Disoproxil Fumarate 200/300mg, tablets, 30 Tabs",236.61,31512,191277.84,PMO - US,Mylan (formerly Matrix) Nashik,Emtricitabine/Tenofovir Disoproxil Fumarate,6.07,N/A - From RDC,SO-44370,FPQ-11393,12/30/12,ARV,109-TZ-T30,31-May-13,Truck,Adult,30,0.2,SCMS from RDC,N/A - From RDC,2635
86291,DN-1768,Generic,Tanzania,21-Apr-10,21-Apr-10,200mg,Tablet,No,See DN-1768 (ID#:86290),From RDC,"Nevirapine 200mg, tablets, 60 Tabs",20.77,3529,9634.17,PMO - US,"Cipla, Goa, India",Nevirapine,2.73,N/A - From RDC,SO-36220,FPQ-5237,03-01-10,ARV,109-TZ-T30,21-Jul-10,Air,Adult,60,0.05,SCMS from RDC,N/A - From RDC,See DN-1768 (ID#:86290)
85899,DN-2848,Generic,Rwanda,13-Sep-12,13-Sep-12,200mg,Tablet,No,See DN-2848 (ID#:83078),From RDC,"Nevirapine 200mg, tablets, 60 Tabs",34.48,10078,24590.32,PMO - US,"Strides, Bangalore, India.",Nevirapine,2.44,N/A - From RDC,SO-42480,FPQ-10015,06-04-12,ARV,107-RW-T30,28-Sep-12,Air,Adult,60,0.04,SCMS from RDC,N/A - From RDC,See DN-2848 (ID#:83078)
12764,DN-628,Generic,Mozambique,05-Apr-08,05-Apr-08,600mg,Tablet,No,See DN-628 (ID#:10654),From RDC,"Efavirenz 600mg, tablets, 30 Tabs",251.64,12663,157274.46,PMO - US,"Aurobindo Unit III, India",Efavirenz,12.42,N/A - From RDC,SO-1039,Pre-PQ Process,Pre-PQ Process,ARV,111-MZ-T01,08-Apr-08,Air,Adult,30,0.41,SCMS from RDC,N/A - From RDC,See DN-628 (ID#:10654)
1070,ASN-3752,Generic,South Africa,21-Nov-08,21-Nov-08,30mg,Capsule,Yes,Freight Included in Commodity Cost,Direct Drop,"Stavudine 30mg, capsules, 60 Caps",6.63,1200,3384.0,PMO - US,"Aurobindo Unit III, India",Stavudine,2.82,Date Not Captured,SCMS-41140,Pre-PQ Process,Pre-PQ Process,ARV,116-ZA-T01,31-Mar-09,Air,Adult,60,0.05,S. BUYS WHOLESALER,DDP,Weight Captured Separately
86170,DN-4153,Generic,Mozambique,10-Apr-15,20-Apr-15,200mg,Tablet,Yes,7921,From RDC,"Nevirapine 200mg, tablets, 60 Tabs",5.03,1960,4272.8,PMO - US,Hetero Unit III Hyderabad IN,Nevirapine,2.18,N/A - From RDC,SO-50121,FPQ-15195,10/17/14,ARV,111-MZ-T30,30-Jun-15,Truck,Adult,60,0.04,SCMS from RDC,N/A - From RDC,9674
41697,ASN-16145,Generic,Vietnam,09-Oct-12,09-Oct-12,200mg,Tablet,Yes,1032.12,Direct Drop,"Nevirapine 200mg, tablets, 60 Tabs",20.95,6414,14944.62,PMO - US,Hetero Unit III Hyderabad IN,Nevirapine,2.33,07-12-12,SCMS-153060,FPQ-10266,07-11-12,ARV,108-VN-T30,09-Oct-12,Air,Adult,60,0.04,HETERO LABS LIMITED,EXW,425
83779,DN-3613,Generic,Tanzania,10-May-14,20-Jun-14,600/200/300mg,Tablet - FDC,Yes,13649.14,From RDC,"Efavirenz/Emtricitabine/Tenofovir Disoproxil Fumarate 600/200/300mg, tablets, 30 Tabs",3037.31,206508,2455380.12,PMO - US,Mylan (formerly Matrix) Nashik,Efavirenz/Emtricitabine/Tenofovir Disoproxil Fumarate,11.89,N/A - From RDC,SO-46660,FPQ-13042,10-01-13,ARV,109-TZ-T30,09-May-14,Truck,Adult,30,0.4,SCMS from RDC,N/A - From RDC,22895
11003,DN-1069,Stocrin/Sustiva,CÃte dIvoire,11-Feb-09,11-Feb-09,30mg/ml,Oral solution,Yes,3409.91,From RDC,"Efavirenz 30mg/ml [Stocrin/Sustiva], oral solution, Bottle, 180 ml",108.73,3271,55476.16,PMO - US,"MSD, Haarlem, NL",Efavirenz,16.96,N/A - From RDC,SO-16220,Pre-PQ Process,Pre-PQ Process,ARV,104-CI-T01,11-Feb-09,Air,Pediatric,180,0.09,SCMS from RDC,N/A - From RDC,933
21706,ASN-21530,Generic,Cameroon,26-Sep-13,26-Sep-13,150/300mg,Tablet - FDC,Yes,36166.79,Direct Drop,"Lamivudine/Zidovudine 150/300mg, tablets, 60 Tabs",385.32,47268,311496.12,PMO - US,"Cipla, Goa, India",Lamivudine/Zidovudine,6.59,8/23/13,SCMS-204360,FPQ-12837,8/19/13,ARV,901-CM-T30,26-Sep-13,Air,Adult,60,0.11,CIPLA LIMITED,EXW,4549
43970,ASN-8625,Generic,Tanzania,29-Dec-10,29-Dec-10,600/200/300mg,Tablet - FDC,Yes,27478.63,Direct Drop,"Efavirenz/Emtricitabine/Tenofovir Disoproxil Fumarate 600/200/300mg, tablets, 30 Tabs",2280.33,53149,1057665.1,PMO - US,Mylan (formerly Matrix) Nashik,Efavirenz/Emtricitabine/Tenofovir Disoproxil Fumarate,19.9,8/25/10,SCMS-82770,FPQ-6203,8/18/10,ARV,109-TZ-T30,29-Dec-10,Ocean,Adult,30,0.66,MYLAN LABORATORIES LTD (FORMERLY MATRIX LABORATORIES),EXW,5803
44180,ASN-21698,Generic,Cameroon,18-Oct-13,18-Oct-13,200mg,Tablet,No,See ASN-21698 (ID#:33964),Direct Drop,"Nevirapine 200mg, tablets, 60 Tabs",54.08,19429,43715.25,PMO - US,"Aurobindo Unit III, India",Nevirapine,2.25,8/23/13,SCMS-204300,FPQ-12837,8/19/13,ARV,901-CM-T30,18-Oct-13,Air,Adult,60,0.04,Aurobindo Pharma Limited,EXW,See ASN-21698 (ID#:33964)
839,ASN-3553,Kaletra,South Africa,09-Oct-08,09-Oct-08,80/20mg/ml,Oral solution,No,Freight Included in Commodity Cost,Direct Drop,"Lopinavir/Ritonavir 80/20mg/ml [Kaletra], oral solution, cool, Bottle 5 x 60 ml",2.7,40,1375.6,PMO - US,ABBVIE (Abbott) Logis. UK,Lopinavir/Ritonavir,34.39,Date Not Captured,SCMS-33320,Pre-PQ Process,Pre-PQ Process,ARV,116-ZA-T01,17-May-09,Truck,Pediatric,300,0.11,S. BUYS WHOLESALER,DDP,Weight Captured Separately
22268,ASN-26632,Generic,"Congo, DRC",22-Aug-14,22-Aug-14,30/60mg,Tablet - FDC,Yes,1765.03,Direct Drop,"Lamivudine/Zidovudine 30/60mg, tablets, 60 Tabs",0.33,150,322.5,PMO - US,"Cipla, Goa, India",Lamivudine/Zidovudine,2.15,05-05-14,SCMS-234290,FPQ-13555,3/19/14,ARV,101-CD-T30,22-Aug-14,Air,Pediatric,60,0.04,CIPLA LIMITED,EXW,25
2765,ASN-737,Generic,Vietnam,02-Oct-07,02-Oct-07,600mg,Tablet,Yes,18045.24,Direct Drop,"Efavirenz 600mg, tablets, 30 Tabs",443.88,22500,277425.0,PMO - US,"Aurobindo Unit III, India",Efavirenz,12.33,07-03-07,SCMS-749,Pre-PQ Process,Pre-PQ Process,ARV,108-VN-T01,02-Oct-07,Air,Adult,30,0.41,Aurobindo Pharma Limited,EXW,2895
83022,DN-2600,Generic,Haiti,28-Mar-12,28-Mar-12,300mg,Tablet,Yes,870.96,From RDC,"Tenofovir Disoproxil Fumarate 300mg, tablets, 30 Tabs",1.48,192,1056.0,PMO - US,Mylan (formerly Matrix) Nashik,Tenofovir Disoproxil Fumarate,5.5,N/A - From RDC,SO-41650,FPQ-9441,03-01-12,ARV,106-HT-T30,16-Apr-12,Air,Adult,30,0.18,SCMS from RDC,N/A - From RDC,20
27875,ASN-17572,Generic,Vietnam,09-Jan-13,09-Jan-13,10mg/ml,Oral solution,No,See ASN-17572 (ID#:19630),Direct Drop,"Zidovudine 10mg/ml, oral solution w/syringe, Bottle, 240 ml",0.8,309,648.9,PMO - US,"Aurobindo Unit III, India",Zidovudine,2.1,11-09-12,SCMS-166140,FPQ-10811,10/15/12,ARV,108-VN-T30,09-Jan-13,Air,Pediatric,240,0.01,Aurobindo Pharma Limited,EXW,See ASN-17572 (ID#:19630)
21480,ASN-27813,Generic,Vietnam,15-Sep-14,17-Sep-14,600/300/300mg,Tablet - FDC,Yes,2718.03,Direct Drop,"Efavirenz/Lamivudine/Tenofovir Disoproxil Fumarate 600/300/300mg, tablets, 30 Tabs",159.54,14780,155190.0,PMO - US,Hetero Unit III Hyderabad IN,Efavirenz/Lamivudine/Tenofovir Disoproxil Fumarate,10.5,4/30/14,SCMS-236060,FPQ-13976,04-08-14,ARV,108-VN-T30,22-Sep-14,Air,Adult,30,0.35,HETERO LABS LIMITED,EXW,1671
81358,ASN-16418,Kaletra,Zimbabwe,08-Nov-12,08-Nov-12,80/20mg/ml,Oral solution,Yes,15504.4,Direct Drop,"Lopinavir/Ritonavir 80/20mg/ml [Kaletra], oral solution, cool, Bottle 5 x 60 ml",64.81,1500,46230.0,PMO - US,ABBVIE (Abbott) Logis. UK,Lopinavir/Ritonavir,30.82,7/18/12,SCMS-148290,FPQ-9905,5/29/12,ARV,103-ZW-T30,08-Nov-12,Air,Pediatric,300,0.1,ABBVIE LOGISTICS (FORMERLY ABBOTT LOGISTICS BV),FCA,1374
83541,DN-2390,Generic,Zimbabwe,21-Oct-11,21-Oct-11,30/60mg,Tablet - FDC,Yes,5257.35,From RDC,"Lamivudine/Zidovudine 30/60mg, tablets, 60 Tabs",62.82,12733,38071.67,PMO - US,Mylan (formerly Matrix) Nashik,Lamivudine/Zidovudine,2.99,N/A - From RDC,SO-39550,FPQ-7559,4/29/11,ARV,100-ZW-T30,31-Oct-11,Truck,Pediatric,60,0.05,SCMS from RDC,N/A - From RDC,496
67759,ASN-19166,Generic,South Africa,16-Apr-13,16-Apr-13,150/300mg,Tablet - FDC,No,Freight Included in Commodity Cost,Direct Drop,"Lamivudine/Zidovudine 150/300mg, tablets, 60 Tabs",5.02,287,4059.7,South Africa Field Office,"Cipla, Goa, India",Lamivudine/Zidovudine,14.15,Date Not Captured,SCMS-183950,FPQ-11828,3/18/13,ARV,116-ZA-T30,16-Apr-13,Truck,Adult,60,0.24,S. BUYS WHOLESALER,DDP,Weight Captured Separately
36162,ASN-18665,Generic,Vietnam,02-Apr-13,02-Apr-13,600mg,Tablet,Yes,2604.31,Direct Drop,"Efavirenz 600mg, tablets, 30 Tabs",71.38,17755,57703.75,PMO - US,"Hetero, Jadcherla, unit 5, IN",Efavirenz,3.25,11-07-12,SCMS-164680,FPQ-10811,10/15/12,ARV,108-VN-T30,02-Apr-13,Air,Adult,30,0.11,HETERO LABS LIMITED,EXW,1505
414,ASN-1798,Determine,Namibia,04-Jun-08,04-Jun-08,MIssing,Test kit,Yes,1715.17,Direct Drop,"HIV 1/2, Determine HIV Kit, without Lancets, 100 Tests",16.36,142,10222.58,PMO - US,Inverness Japan,"HIV 1/2, Determine HIV Kit, without Lancets",71.99,3/18/08,SCMS-19130,Pre-PQ Process,Pre-PQ Process,HRDT,119-NA-T01,04-Jun-08,Air,HIV test,100,0.72,"Orgenics, Ltd",EXW,33
12614,DN-1459,Generic,Tanzania,26-Oct-09,26-Oct-09,300mg,Tablet,Yes,2217.5,From RDC,"Abacavir 300mg, tablets, 60 Tabs",793.12,15900,404655.0,PMO - US,Mylan (formerly Matrix) Nashik,Abacavir,25.45,N/A - From RDC,SO-31282,Pre-PQ Process,Date Not Captured,ARV,109-TZ-T01,26-Oct-09,Truck,Adult,60,0.42,SCMS from RDC,N/A - From RDC,1630
77090,ASN-32109,Determine,South Sudan,07-Jul-15,07-Jul-15,MIssing,Test kit,No,See ASN-32109 (ID#:25915),Direct Drop,"HIV 1/2, Determine Complete HIV Kit, 100 Tests",9.43,90,8010.0,PMO - US,"Alere Medical Co., Ltd.","HIV 1/2, Determine Complete HIV Kit",89.0,2/20/15,SCMS-272170,FPQ-15569,12/29/14,HRDT,105-SS-T30,02-Jul-15,Air,HIV test,100,0.89,"Orgenics, Ltd",EXW,See ASN-32109 (ID#:25915)
8892,ASN-3630,Generic,Vietnam,09-Apr-09,09-Apr-09,300mg,Tablet,Yes,2793.62,Direct Drop,"Zidovudine 300mg, tablets, 60 Tabs",2.47,168,1260.0,PMO - US,Mylan (formerly Matrix) Nashik,Zidovudine,7.5,1/16/09,SCMS-37200,Pre-PQ Process,Pre-PQ Process,ARV,108-VN-T01,09-Apr-09,Air,Adult,60,0.12,MYLAN LABORATORIES LTD (FORMERLY MATRIX LABORATORIES),EXW,9
84908,DN-3586,Generic,Haiti,24-Mar-14,06-May-14,600mg,Tablet,No,See DN-3586 (ID#:83224),From RDC,"Efavirenz 600mg, tablets, 30 Tabs",85.58,25000,83250.0,PMO - US,"Hetero, Jadcherla, unit 5, IN",Efavirenz,3.33,N/A - From RDC,SO-47690,FPQ-13608,1/22/14,ARV,106-HT-T30,30-Mar-14,Air,Adult,30,0.11,SCMS from RDC,N/A - From RDC,See DN-3586 (ID#:83224)
70573,ASN-27979,Generic,South Africa,27-Aug-14,27-Aug-14,50mg,Capsule,No,Freight Included in Commodity Cost,Direct Drop,"Efavirenz 50mg, capsule, 30 Caps",0.08,19,63.01,PMO - US,"Aurobindo Unit III, India",Efavirenz,3.32,8/27/14,SCMS-199283,FPQ-12522,07-11-13,ARV,116-ZA-T30,27-Aug-14,Truck,Pediatric,30,0.11,S. BUYS WHOLESALER,DDP,Weight Captured Separately
72914,ASN-28483,Generic,Namibia,22-Oct-14,22-Oct-14,300/300mg,Tablet - FDC,Yes,13397.02,Direct Drop,"Lamivudine/Tenofovir Disoproxil Fumarate 300/300mg, tablets, 30 Tabs",110.76,23322,107747.64,PMO - US,Hetero Unit III Hyderabad IN,Lamivudine/Tenofovir Disoproxil Fumarate,4.62,8/14/14,SCMS-252640,FPQ-14728,7/30/14,ARV,901-NA-T30,22-Oct-14,Air,Adult,30,0.15,HETERO LABS LIMITED,EXW,2637
79283,ASN-29384,Generic,Vietnam,24-Dec-14,24-Dec-14,600/300/300mg,Tablet - FDC,No,See ASN-29384 (ID#:33441),Direct Drop,"Efavirenz/Lamivudine/Tenofovir Disoproxil Fumarate 600/300/300mg, tablets, 30 Tabs",170.98,15840,166320.0,PMO - US,Hetero Unit III Hyderabad IN,Efavirenz/Lamivudine/Tenofovir Disoproxil Fumarate,10.5,08-11-14,SCMS-251680,FPQ-14516,07-09-14,ARV,108-VN-T30,24-Dec-14,Air,Adult,30,0.35,HETERO LABS LIMITED,EXW,See ASN-29384 (ID#:33441)
83784,DN-3633,Generic,CÃte dIvoire,22-Apr-14,11-Jun-14,300mg,Tablet,No,See DN-3633 (ID#:82666),From RDC,"Tenofovir Disoproxil Fumarate 300mg, tablets, 30 Tabs",16.71,4300,16254.0,PMO - US,Hetero Unit III Hyderabad IN,Tenofovir Disoproxil Fumarate,3.78,N/A - From RDC,SO-47151,FPQ-13142,10/22/13,ARV,104-CI-T30,30-Apr-14,Truck,Adult,30,0.13,SCMS from RDC,N/A - From RDC,See DN-3633 (ID#:82666)
85631,DN-1481,Generic,Haiti,09-Oct-09,09-Oct-09,150mg,Tablet,Yes,1350.33,From RDC,"Lamivudine 150mg, tablets, 60 Tabs",11.02,2305,5624.2,PMO - US,"Aurobindo Unit III, India",Lamivudine,2.44,N/A - From RDC,SO-33740,FPQ-4277,9/22/09,ARV,106-HT-T30,18-Nov-09,Air,Adult,60,0.04,SCMS from RDC,N/A - From RDC,126
83652,DN-3007,Generic,Zimbabwe,04-Feb-13,04-Feb-13,10mg/ml,Oral suspension,Yes,17308.69,From RDC,"Nevirapine 10mg/ml, oral suspension w/syringe, Bottle, 240 ml",150.76,62500,121875.0,PMO - US,"Aurobindo Unit III, India",Nevirapine,1.95,N/A - From RDC,SO-44330,FPQ-11514,1/23/13,ARV,113-ZW-T30,21-Feb-13,Truck,Pediatric,240,0.01,SCMS from RDC,N/A - From RDC,23176
85089,DN-1652,Truvada,CÃte dIvoire,02-Mar-10,02-Mar-10,300/200mg,Tablet - FDC,Yes,1949.41,From RDC,"Emtricitabine/Tenofovir Disoproxil Fumarate 200/300mg [Truvada], tablets, 30 Tabs",365.83,6464,169680.0,PMO - US,"Aspen-OSD, Port Elizabeth, SA",Emtricitabine/Tenofovir Disoproxil Fumarate,26.25,N/A - From RDC,SO-34770,FPQ-4416,09-09-09,ARV,104-CI-T30,10-Mar-10,Air,Adult,30,0.88,SCMS from RDC,N/A - From RDC,571
52093,ASN-8371,Generic,Rwanda,10-Oct-10,10-Oct-10,150/300mg,Tablet - FDC,Yes,17074.8,Direct Drop,"Lamivudine/Zidovudine 150/300mg, tablets, 60 Tabs",371.85,21080,189720.0,PMO - US,Mylan (formerly Matrix) Nashik,Lamivudine/Zidovudine,9.0,4/15/10,SCMS-43860,FPQ-4248,2/27/09,ARV,107-RW-T30,10-Oct-10,Air,Adult,60,0.15,MYLAN LABORATORIES LTD (FORMERLY MATRIX LABORATORIES),CIP,1716
84679,DN-2403,Generic,Nigeria,13-Oct-11,13-Oct-11,300/300mg,Tablet - FDC,Yes,21326.7,From RDC,"Lamivudine/Tenofovir Disoproxil Fumarate 300/300mg, tablets, 30 Tabs",249.24,18354,151053.42,PMO - US,Mylan (formerly Matrix) Nashik,Lamivudine/Tenofovir Disoproxil Fumarate,8.23,N/A - From RDC,SO-40726,FPQ-8364,8/29/11,ARV,151-NG-T30,16-Mar-12,Air Charter,Adult,30,0.27,SCMS from RDC,N/A - From RDC,1794
12736,DN-609,Generic,CÃte dIvoire,19-Feb-08,19-Feb-08,150/30mg,Tablet - FDC,No,See DN-609 (ID#:11480),From RDC,"Lamivudine/Stavudine 150/30mg, tablets, 30 Tabs",140.8,44000,88000.0,PMO - US,"Cipla, Goa, India",Lamivudine/Stavudine,2.0,N/A - From RDC,SO-1546,Pre-PQ Process,Pre-PQ Process,ARV,104-CI-T01,19-Feb-08,Air,Adult,30,0.07,SCMS from RDC,N/A - From RDC,See DN-609 (ID#:11480)
83869,DN-4039,Generic,CÃte dIvoire,11-Feb-15,16-Feb-15,30/60mg,Chewable/dispersible tablet - FDC,Yes,5942.68,From RDC,"Lamivudine/Zidovudine 30/60mg, dispersible tablets, 60 Tabs",29.34,14344,28544.56,PMO - US,"Mylan,  H-12 & H-13, India",Lamivudine/Zidovudine,1.99,N/A - From RDC,SO-47900,FPQ-13628,1/29/14,ARV,104-CI-T30,30-Jan-15,Truck,Pediatric,60,0.03,SCMS from RDC,N/A - From RDC,1023
12567,DN-1195,Generic,Mozambique,16-Jun-09,16-Jun-09,150/300/200mg,Tablet - FDC,Yes,15990.35,From RDC,"Lamivudine/Nevirapine/Zidovudine 150/200/300mg, tablets, 60 Tabs",608.08,26292,310245.6,PMO - US,Mylan (formerly Matrix) Nashik,Lamivudine/Nevirapine/Zidovudine,11.8,N/A - From RDC,SO-27870,Pre-PQ Process,Pre-PQ Process,ARV,111-MZ-T01,16-Jun-09,Air,Adult,60,0.2,SCMS from RDC,N/A - From RDC,3218
84061,DN-2117,Generic,Zambia,07-Mar-11,07-Mar-11,200/300mg,Tablet - FDC,Yes,34543.36,From RDC,"Emtricitabine/Tenofovir Disoproxil Fumarate 200/300mg, tablets, 30 Tabs",4708.7,200000,2184000.0,PMO - US,Mylan (formerly Matrix) Nashik,Emtricitabine/Tenofovir Disoproxil Fumarate,10.92,N/A - From RDC,SO-37350,FPQ-6222,8/20/10,ARV,110-ZM-T30,31-Mar-11,Truck,Adult,30,0.36,SCMS from RDC,N/A - From RDC,43128
83665,DN-3058,Generic,Guyana,15-Mar-13,15-Mar-13,10mg/ml,Oral solution,Yes,2180,From RDC,"Lamivudine 10mg/ml, oral solution w/syringe, Bottle, 240 ml",0.54,238,440.3,PMO - US,"Aurobindo Unit III, India",Lamivudine,1.85,N/A - From RDC,SO-44540,FPQ-11547,1/28/13,ARV,105-GY-T30,03-Apr-13,Air,Pediatric,240,0.01,SCMS from RDC,N/A - From RDC,76
1086,ASN-4385,Generic,South Africa,20-Apr-09,20-Apr-09,30mg,Capsule,Yes,Freight Included in Commodity Cost,Direct Drop,"Stavudine 30mg, capsules, 60 Caps",68.63,11672,35016.0,PMO - US,"Aurobindo Unit III, India",Stavudine,3.0,3/27/09,SCMS-41584,Pre-PQ Process,Pre-PQ Process,ARV,116-ZA-T01,25-Jun-09,Air,Adult,60,0.05,S. BUYS WHOLESALER,DDP,Weight Captured Separately
12146,DN-488,Generic,Zimbabwe,14-Jan-08,14-Jan-08,600mg,Tablet,No,See DN-488 (ID#:10652),From RDC,"Efavirenz 600mg, tablets, 30 Tabs",36.96,1860,23101.2,PMO - US,"Cipla, Goa, India",Efavirenz,12.42,N/A - From RDC,SO-710,Pre-PQ Process,Pre-PQ Process,ARV,100-ZW-T01,14-Jan-08,Air,Adult,30,0.41,SCMS from RDC,N/A - From RDC,See DN-488 (ID#:10652)
9000,ASN-3743,Generic,Haiti,21-Apr-09,21-Apr-09,300mg,Tablet,Yes,806.55,Direct Drop,"Tenofovir Disoproxil Fumarate 300mg, tablets, 30 Tabs",9.88,560,5040.0,PMO - US,Mylan (formerly Matrix) Nashik,Tenofovir Disoproxil Fumarate,9.0,03-06-09,SCMS-40050,Pre-PQ Process,Pre-PQ Process,ARV,106-HT-T01,21-Apr-09,Air,Adult,30,0.3,MYLAN LABORATORIES LTD (FORMERLY MATRIX LABORATORIES),EXW,32050
64367,ASN-13537,Determine,Sudan,20-Feb-12,20-Feb-12,MIssing,Test kit - Ancillary,Yes,1076.15,Direct Drop,"Capillary Tubes, for Determine, EDTA, 50uL,100 Pcs",0.05,4,32.0,PMO - US,"Alere Medical Co., Ltd.","HIV, Capillary Tubes, for Determine, EDTA, 50uL,100 Pcs",8.0,9/14/11,SCMS-121851,FPQ-8264,09-07-11,HRDT,102-SD-T30,20-Feb-12,Air,HIV test - Ancillary,100,0.08,"Orgenics, Ltd",EXW,2
71402,ASN-29907,Generic,Haiti,20-Jan-15,21-Jan-15,30/50/60mg,Chewable/dispersible tablet - FDC,Yes,5915.63,Direct Drop,"Lamivudine/Nevirapine/Zidovudine 30/50/60mg, dispersible tablets, 60 Tabs",29.11,7867,28321.2,PMO - US,"Cipla, Goa, India",Lamivudine/Nevirapine/Zidovudine,3.6,11/14/14,SCMS-261980,FPQ-14895,9/24/14,ARV,106-HT-T30,20-Jan-15,Air,Pediatric,60,0.06,CIPLA LIMITED,EXW,811
10546,DN-93,Generic,Nigeria,17-Apr-07,17-Apr-07,10mg/ml,Oral suspension,Yes,3736,From RDC,"Nevirapine 10mg/ml, oral suspension, Bottle, 240 ml",MIssing,1216,4256.0,PMO - US,"Aurobindo Unit III, India",Nevirapine,3.5,N/A - From RDC,SO-341,Pre-PQ Process,Pre-PQ Process,ARV,112-NG-T01,17-Apr-07,MIssing,Pediatric,240,0.01,SCMS from RDC,N/A - From RDC,840
76325,ASN-4489,Videx EC,Tanzania,11-Aug-09,11-Aug-09,250mg,Delayed-release capsules - blister,No,See ASN-4489 (ID#:43989),Direct Drop,"Didanosine EC 250mg [Videx EC], delayed-release capsules, Blister 3 x 10 Caps",251.62,7000,128380.0,PMO - US,"BMS Meymac, France",Didanosine EC,18.34,6/29/09,SCMS-47730,FPQ-3782,06-11-09,ARV,109-TZ-T30,11-Aug-09,Air,Adult,30,0.61,BRISTOL-MYERS SQUIBB,CIP,See ASN-4489 (ID#:43989)
6395,ASN-3634,Zerit,South Africa,02-Dec-08,02-Dec-08,1mg/ml,Powder for oral solution,No,Freight Included in Commodity Cost,Direct Drop,"Stavudine 1mg/ml [Zerit], powder for oral solution, Bottle, 200 ml",2.95,1320,1504.8,PMO - US,"BMS Meymac, France",Stavudine,1.14,Date Not Captured,SCMS-40810,Pre-PQ Process,Pre-PQ Process,ARV,116-ZA-T01,31-Mar-09,Air,Pediatric,200,0.01,S. BUYS WHOLESALER,DDP,Weight Captured Separately
35375,ASN-11720,Generic,South Africa,03-Nov-11,03-Nov-11,600mg,Tablet,Yes,4232.71,Direct Drop,"Efavirenz 600mg, tablets, 30 Tabs",515.36,69255,312340.05,PMO - US,"Aurobindo Unit III, India",Efavirenz,4.51,04-01-11,SCMS-104380,FPQ-7176,03-10-11,ARV,116-ZA-T30,03-Nov-11,Ocean,Adult,30,0.15,Aurobindo Pharma Limited,DDP,5887
86235,DN-1311,Generic,Nigeria,04-Aug-09,04-Aug-09,600mg,Tablet,No,See DN-1311 (ID#:82837),From RDC,"Efavirenz 600mg, tablets, 30 Tabs",4.04,301,2061.85,PMO - US,"Aurobindo Unit III, India",Efavirenz,6.85,N/A - From RDC,SO-32270,FPQ-3815,5/26/09,ARV,154-NG-T30,30-Jul-09,Air Charter,Adult,30,0.23,SCMS from RDC,N/A - From RDC,See DN-1311 (ID#:82837)
86148,DN-4020,Generic,Zimbabwe,05-Jan-15,09-Jan-15,30/50/60mg,Chewable/dispersible tablet - FDC,Yes,5055.8,From RDC,"Lamivudine/Nevirapine/Zidovudine 30/50/60mg, dispersible tablets, 60 Tabs",77.1,20000,75000.0,PMO - US,"Strides, Bangalore, India.",Lamivudine/Nevirapine/Zidovudine,3.75,N/A - From RDC,SO-48442,FPQ-13967,04-02-14,ARV,103-ZW-T30,30-Jan-15,Air,Pediatric,60,0.06,SCMS from RDC,N/A - From RDC,1920
84702,DN-2511,Generic,"Congo, DRC",14-Mar-12,14-Mar-12,300/300mg,Tablet - FDC,No,See DN-2511 (ID#:83563),From RDC,"Lamivudine/Tenofovir Disoproxil Fumarate 300/300mg, tablets, 30 Tabs",0.38,45,273.6,PMO - US,Mylan (formerly Matrix) Nashik,Lamivudine/Tenofovir Disoproxil Fumarate,6.08,N/A - From RDC,SO-41147,FPQ-8840,11/21/11,ARV,101-CD-T30,16-Mar-12,Air,Adult,30,0.2,SCMS from RDC,N/A - From RDC,See DN-2511 (ID#:83563)
22417,ASN-32716,Generic,Haiti,07-Jul-15,07-Jul-15,100/25mg,Tablet,Yes,4126.9,Direct Drop,"Lopinavir/Ritonavir 100/25mg [Aluvia], tablets, 60 Tabs",16.47,2697,16020.18,PMO - US,ABBVIE Ludwigshafen Germany,Lopinavir/Ritonavir,5.94,1/30/15,SCMS-262890,FPQ-15038,10/22/14,ARV,106-HT-T30,07-Jul-15,Air,Pediatric,60,0.1,ABBVIE LOGISTICS (FORMERLY ABBOTT LOGISTICS BV),FCA,1825
3292,ASN-2572,Stat-Pak,Nigeria,21-Oct-08,21-Oct-08,MIssing,Test kit,Yes,29954.15,Direct Drop,"HIV 1/2, Stat-Pak HIV, Kit, 20 Tests",532.01,12315,332505.0,PMO - US,Chembio Diagnostics Sys. Inc.,"HIV 1/2, Stat-Pak HIV, Kit",27.0,7/18/08,SCMS-27050,Pre-PQ Process,Pre-PQ Process,HRDT,133-NG-T01,07-Nov-08,Air,HIV test,20,1.35,"CHEMBIO DIAGNOSTIC SYSTEMS, INC.",EXW,3508
75331,ASN-24433,Generic,South Africa,07-Feb-14,07-Feb-14,200mg,Tablet,No,Freight Included in Commodity Cost,Direct Drop,"Nevirapine 200mg, tablets, 60 Tabs",1.84,76,1487.93,PMO - US,"Aurobindo Unit III, India",Nevirapine,19.58,8/13/13,SCMS-199280,FPQ-12522,07-11-13,ARV,116-ZA-T30,07-Feb-14,Truck,Adult,60,0.33,S. BUYS WHOLESALER,DDP,Weight Captured Separately
80040,ASN-5131,Generic,Vietnam,26-Oct-09,26-Oct-09,150mg,Tablet,No,See ASN-5131 (ID#:25886),Direct Drop,"Lamivudine 150mg, tablets, 60 Tabs",129.27,27480,65952.0,PMO - US,"Aurobindo Unit III, India",Lamivudine,2.4,6/26/09,SCMS-48270,FPQ-3896,6/25/09,ARV,108-VN-T30,26-Oct-09,Air,Adult,60,0.04,Aurobindo Pharma Limited,EXW,See ASN-5131 (ID#:25886)
85591,DN-4243,Generic,Zimbabwe,30-Apr-15,30-Apr-15,30/50/60mg,Chewable/dispersible tablet - FDC,No,See DN-4243 (ID#:83907),From RDC,"Lamivudine/Nevirapine/Zidovudine 30/50/60mg, dispersible tablets, 60 Tabs",635.34,149944,539798.4,PMO - US,"Mylan,  H-12 & H-13, India",Lamivudine/Nevirapine/Zidovudine,3.6,N/A - From RDC,SO-50010,FPQ-15197,10/16/14,ARV,103-ZW-T30,30-Apr-15,Truck,Pediatric,60,0.06,SCMS from RDC,N/A - From RDC,See DN-4243 (ID#:83907)
12188,DN-682,Generic,Haiti,21-Mar-08,21-Mar-08,300mg,Tablet,No,See DN-682 (ID#:10963),From RDC,"Abacavir 300mg, tablets, 60 Tabs",8.37,190,5230.7,PMO - US,Mylan (formerly Matrix) Nashik,Abacavir,27.53,N/A - From RDC,SO-2042,Pre-PQ Process,Pre-PQ Process,ARV,106-HT-T01,21-Mar-08,Air,Adult,60,0.46,SCMS from RDC,N/A - From RDC,See DN-682 (ID#:10963)
83662,DN-3015,Generic,Haiti,14-Mar-13,14-Mar-13,10mg/ml,Oral suspension,No,See DN-3015 (ID#:82554),From RDC,"Nevirapine 10mg/ml, oral suspension w/syringe, Bottle, 240 ml",4.14,1716,3346.2,PMO - US,"Aurobindo Unit III, India",Nevirapine,1.95,N/A - From RDC,SO-44400,FPQ-11281,1/16/13,ARV,106-HT-T30,09-Apr-13,Air,Pediatric,240,0.01,SCMS from RDC,N/A - From RDC,See DN-3015 (ID#:82554)
11875,DN-800,Generic,Nigeria,19-Jun-08,19-Jun-08,150/200/30mg,Tablet - FDC,No,See DN-800 (ID#:10953),From RDC,"Lamivudine/Nevirapine/Stavudine 150/200/30mg, tablets, 60 Tabs",108.69,9180,67932.0,PMO - US,"Cipla, Goa, India",Lamivudine/Nevirapine/Stavudine,7.4,N/A - From RDC,SO-2726,Pre-PQ Process,Pre-PQ Process,ARV,112-NG-T01,19-Jun-08,Air,Adult,60,0.12,SCMS from RDC,N/A - From RDC,See DN-800 (ID#:10953)
52704,ASN-6151,Generic,Uganda,09-Mar-10,09-Mar-10,150mg,Capsule,Yes,990.07,Direct Drop,"Atazanavir 150mg, capsules, 60 Caps",19.64,384,10018.56,PMO - US,"Emcure Plot No.P-2, I.T-B.T. Park, Phase II, MIDC, Hinjwadi, Pune, India",Atazanavir,26.09,12-02-09,SCMS-58250,FPQ-4373,11/25/09,ARV,114-UG-T30,09-Mar-10,Air,Pediatric,60,0.43,EMCURE PHARMACEUTICALS LTD,EXW,40
83120,DN-3061,Generic,Haiti,14-Mar-13,14-Mar-13,10mg/ml,Oral solution,Yes,8118.08,From RDC,"Lamivudine 10mg/ml, oral solution w/syringe, Bottle, 240 ml",4.45,1944,3596.4,PMO - US,"Aurobindo Unit III, India",Lamivudine,1.85,N/A - From RDC,SO-44430,FPQ-11281,1/16/13,ARV,106-HT-T30,09-Apr-13,Air,Pediatric,240,0.01,SCMS from RDC,N/A - From RDC,682
82870,DN-1742,Generic,Nigeria,31-Mar-10,31-Mar-10,150/30mg,Tablet - FDC,Yes,Freight Included in Commodity Cost,From RDC,"Lamivudine/Stavudine 150/30mg, tablets, 60 Tabs",3.42,466,1584.4,PMO - US,"Strides, Bangalore, India.",Lamivudine/Stavudine,3.4,N/A - From RDC,SO-35121,FPQ-4537,11-06-09,ARV,151-NG-T30,31-Mar-10,Air Charter,Adult,60,0.06,SCMS from RDC,N/A - From RDC,24
24345,ASN-7171,Generic,Vietnam,22-Jun-10,22-Jun-10,150/300/200mg,Tablet - FDC,Yes,10648.45,Direct Drop,"Lamivudine/Nevirapine/Zidovudine 150/200/300mg, tablets, 60 Tabs",489.76,20651,227161.0,PMO - US,"Strides, Bangalore, India.",Lamivudine/Nevirapine/Zidovudine,11.0,3/24/10,SCMS-68500,FPQ-5094,3/15/10,ARV,108-VN-T30,22-Jun-10,Air,Adult,60,0.18,STRIDES ARCOLAB LIMITED,EXW,2367
72424,ASN-9183,Generic,South Africa,01-Feb-11,01-Feb-11,50mg,Capsule,Yes,9592.95,Direct Drop,"Efavirenz 50mg, capsule, 30 Caps",466.13,92000,216200.0,PMO - US,"Aurobindo Unit III, India",Efavirenz,2.35,6/17/10,SCMS-75670,FPQ-5648,06-02-10,ARV,161-ZA-T30,01-Feb-11,Ocean,Pediatric,30,0.08,Aurobindo Pharma Limited,DDP,5184
83279,DN-3935,Generic,Mozambique,30-Oct-14,13-Nov-14,600/300mg,Tablet - FDC,Yes,63.07,From RDC,"Abacavir/Lamivudine 600/300mg, tablets, 30 Tabs",26.88,1934,26147.68,PMO - US,"Cipla, Patalganga, India",Abacavir/Lamivudine,13.52,N/A - From RDC,SO-47610,FPQ-13166,10/21/13,ARV,111-MZ-T30,31-Oct-14,Truck,Adult,30,0.45,SCMS from RDC,N/A - From RDC,195
3992,ASN-528,Determine,Nigeria,06-Aug-07,06-Aug-07,MIssing,Test kit,Yes,3906.29,Direct Drop,"HIV 1/2, Determine Complete HIV Kit, 100 Tests",192,1500,120000.0,PMO - US,ABBVIE GmbH & Co.KG Wiesbaden,"HIV 1/2, Determine Complete HIV Kit",80.0,5/13/07,SCMS-592,Pre-PQ Process,Pre-PQ Process,HRDT,102-NG-T01,19-Jun-07,Air,HIV test,100,0.8,Abbott GmbH & Co. KG,EXW,512
86422,DN-2433,Generic,Zambia,28-Nov-11,28-Nov-11,200/300mg,Tablet - FDC,Yes,6968.97,From RDC,"Emtricitabine/Tenofovir Disoproxil Fumarate 200/300mg, tablets, 30 Tabs",740.02,50000,448500.0,PMO - US,Mylan (formerly Matrix) Nashik,Emtricitabine/Tenofovir Disoproxil Fumarate,8.97,N/A - From RDC,SO-40742,FPQ-8383,09-11-11,ARV,110-ZM-T30,19-Jan-12,Truck,Adult,30,0.3,SCMS from RDC,N/A - From RDC,4155
86612,DN-3360,Generic,Zambia,24-Jan-14,17-Mar-14,600/200/300mg,Tablet - FDC,No,See DN-3360 (ID#:84864),From RDC,"Efavirenz/Emtricitabine/Tenofovir Disoproxil Fumarate 600/200/300mg, tablets, 30 Tabs",2697.21,177272,2180445.6,PMO - US,Mylan (formerly Matrix) Nashik,Efavirenz/Emtricitabine/Tenofovir Disoproxil Fumarate,12.3,N/A - From RDC,SO-45081,FPQ-12066,4/19/13,ARV,110-ZM-T30,24-Jan-14,Truck,Adult,30,0.41,SCMS from RDC,N/A - From RDC,See DN-3360 (ID#:84864)
2766,ASN-744,Generic,Vietnam,02-Oct-07,02-Oct-07,10mg/ml,Oral solution,No,See ASN-744 (ID#:1356),Direct Drop,"Lamivudine 10mg/ml, oral solution, Bottle, 240 ml",1.52,500,950.0,PMO - US,"Aurobindo Unit III, India",Lamivudine,1.9,07-03-07,SCMS-749,Pre-PQ Process,Pre-PQ Process,ARV,108-VN-T01,02-Oct-07,Air,Pediatric,240,0.01,Aurobindo Pharma Limited,EXW,See ASN-744 (ID#:1356)
80250,ASN-6598,Generic,Vietnam,17-May-10,17-May-10,300mg,Tablet,Yes,3573.32,Direct Drop,"Tenofovir Disoproxil Fumarate 300mg, tablets, 30 Tabs",21.73,1344,10080.0,PMO - US,Mylan (formerly Matrix) Nashik,Tenofovir Disoproxil Fumarate,7.5,01-07-10,SCMS-62250,FPQ-4719,01-04-10,ARV,108-VN-T30,17-May-10,Air,Adult,30,0.25,MYLAN LABORATORIES LTD (FORMERLY MATRIX LABORATORIES),EXW,86
11277,DN-1007,Generic,CÃte dIvoire,21-Nov-08,21-Nov-08,600mg,Tablet,Yes,1409.26,From RDC,"Efavirenz 600mg, tablets, 30 Tabs",55.36,2410,28245.2,PMO - US,Mylan (formerly Matrix) Nashik,Efavirenz,11.72,N/A - From RDC,SO-11851,Pre-PQ Process,Pre-PQ Process,ARV,104-CI-T01,21-Nov-08,Air,Adult,30,0.39,SCMS from RDC,N/A - From RDC,182
78576,ASN-5619,Determine,CÃte dIvoire,21-Jan-10,21-Jan-10,MIssing,Test kit,Yes,12506.12,Direct Drop,"HIV 1/2, Determine HIV Kit, without Lancets, 100 Tests",528.22,3500,245000.0,PMO - US,Inverness Japan,"HIV 1/2, Determine HIV Kit, without Lancets",70.0,11-03-09,SCMS-56481,FPQ-4484,10/29/09,HRDT,104-CI-T30,21-Jan-10,Air,HIV test,100,0.7,"Orgenics, Ltd",EXW,794
4198,ASN-1341,Aluvia,Vietnam,07-Mar-08,07-Mar-08,200/50mg,Tablet,Yes,5866.31,Direct Drop,"Lopinavir/Ritonavir 200/50mg [Aluvia], tablets, 120 Tabs",263.04,2000,164400.0,PMO - US,ABBVIE Ludwigshafen Germany,Lopinavir/Ritonavir,82.2,12-06-07,SCMS-14211,Pre-PQ Process,Pre-PQ Process,ARV,108-VN-T01,22-Jan-08,Air,Adult,120,0.68,ABBVIE LOGISTICS (FORMERLY ABBOTT LOGISTICS BV),FCA,513
84225,DN-3017,Generic,"Congo, DRC",08-Aug-13,08-Aug-13,60/30mg,Tablet - FDC,No,See DN-3017 (ID#:83108),From RDC,"Abacavir/Lamivudine 60/30mg, tablets, 60 Tabs",0.31,54,248.4,PMO - US,"Aurobindo Unit III, India",Abacavir/Lamivudine,4.6,N/A - From RDC,SO-43750,FPQ-11096,11/20/12,ARV,101-CD-T30,18-Mar-13,Air,Pediatric,60,0.08,SCMS from RDC,N/A - From RDC,See DN-3017 (ID#:83108)
32064,ASN-11129,Atripla,CÃte dIvoire,01-Jul-11,01-Jul-11,600/200/300mg,Tablet - FDC,Yes,2093.32,Direct Drop,"Efavirenz/Emtricitabine/Tenofovir Disoproxil Fumarate 600/200/300mg [Atripla], tablets, 30 Tabs",662.84,6100,307440.0,PMO - US,"MSD, Haarlem, NL",Efavirenz/Emtricitabine/Tenofovir Disoproxil Fumarate,50.4,09-10-10,SCMS-83692,FPQ-6183,08-10-10,ARV,104-CI-T30,01-Jul-11,Air,Adult,30,1.68,MERCK SHARP & DOHME IDEA GMBH (FORMALLY MERCK SHARP & DOHME B.V.),CIP,928
85762,DN-2210,Generic,Nigeria,06-Jul-11,06-Jul-11,200mg,Tablet,Yes,13398.06,From RDC,"Nevirapine 200mg, tablets, 60 Tabs",93.69,22623,56783.73,PMO - US,"Aurobindo Unit III, India",Nevirapine,2.51,N/A - From RDC,SO-39380,FPQ-6800,12-07-10,ARV,151-NG-T30,21-Jun-11,Air Charter,Adult,60,0.04,SCMS from RDC,N/A - From RDC,2809
6436,ASN-4281,Generic,South Africa,20-Apr-09,20-Apr-09,600mg,Tablet,Yes,Freight Included in Commodity Cost,Direct Drop,"Efavirenz 600mg, tablets, 30 Tabs",49.08,2000,25040.0,PMO - US,"Cipla, Goa, India",Efavirenz,12.52,04-02-09,SCMS-47410,Pre-PQ Process,Pre-PQ Process,ARV,116-ZA-T01,15-May-09,Truck,Adult,30,0.42,S. BUYS WHOLESALER,DDP,Weight Captured Separately
86672,DN-3630,Generic,CÃte dIvoire,25-Apr-14,06-Jun-14,300mg,Tablet,No,See DN-3630 (ID#:84916),From RDC,"Tenofovir Disoproxil Fumarate 300mg, tablets, 30 Tabs",3.27,700,2646.0,PMO - US,Hetero Unit III Hyderabad IN,Tenofovir Disoproxil Fumarate,3.78,N/A - From RDC,SO-46423,FPQ-12800,08-09-13,ARV,104-CI-T30,30-Apr-14,Air,Adult,30,0.13,SCMS from RDC,N/A - From RDC,See DN-3630 (ID#:84916)
80699,ASN-18602,Determine,Nigeria,20-Mar-13,20-Mar-13,MIssing,Test kit,Yes,26859.39,Direct Drop,"HIV 1/2, Determine Complete HIV Kit, 100 Tests",365.97,2933,261037.0,PMO - US,"Alere Medical Co., Ltd.","HIV 1/2, Determine Complete HIV Kit",89.0,10/16/12,SCMS-162440,FPQ-10765,10-05-12,HRDT,133-NG-T30,09-Jan-13,Air,HIV test,100,0.89,"Orgenics, Ltd",EXW,1271
11174,DN-332,Generic,Ethiopia,04-Sep-07,04-Sep-07,150mg,Tablet,No,See DN-332 (ID#:10613),From RDC,"Lamivudine 150mg, tablets, 60 Tabs",291.98,60029,182488.16,PMO - US,"Ranbaxy, Paonta Shahib, India",Lamivudine,3.04,N/A - From RDC,SO-914,Pre-PQ Process,Pre-PQ Process,ARV,117-ET-T01,04-Sep-07,MIssing,Adult,60,0.05,SCMS from RDC,N/A - From RDC,See DN-332 (ID#:10613)
35299,ASN-23875,Generic,South Africa,13-Jan-14,13-Jan-14,30mg,Capsule,No,Freight Included in Commodity Cost,Direct Drop,"Stavudine 30mg, capsules, 60 Caps",1.78,440,1734.76,PMO - US,"Aurobindo Unit III, India",Stavudine,3.94,12-02-13,SCMS-215410,FPQ-13214,11/14/13,ARV,116-ZA-T30,13-Jan-14,Truck,Adult,60,0.07,S. BUYS WHOLESALER,DDP,Weight Captured Separately
48559,ASN-33477,Generic,South Africa,24-Jul-15,24-Jul-15,200mg,Tablet,No,Freight Included in Commodity Cost,Direct Drop,"Nevirapine 200mg, tablets, 60 Tabs",0.26,20,256.48,PMO - US,"Aurobindo Unit III, India",Nevirapine,12.82,10-09-14,SCMS-259077,FPQ-14942,09-11-14,ARV,116-ZA-T30,24-Jul-15,Truck,Adult,60,0.21,PHARMACY DIRECT,DDP,Weight Captured Separately
85641,DN-1567,Generic,Zambia,26-Nov-09,26-Nov-09,600mg,Tablet,Yes,5837.94,From RDC,"Efavirenz 600mg, tablets, 30 Tabs",76.06,6714,38806.92,PMO - US,"Aurobindo Unit III, India",Efavirenz,5.78,N/A - From RDC,SO-34800,FPQ-4035,08-05-09,ARV,110-ZM-T30,15-Jan-10,Truck,Adult,30,0.19,SCMS from RDC,N/A - From RDC,574
84381,DN-3877,Generic,Zambia,23-Sep-14,17-Oct-14,150/300mg,Tablet - FDC,No,See DN-3877 (ID#:83254),From RDC,"Lamivudine/Zidovudine 150/300mg, tablets, 60 Tabs",234.59,35000,228200.0,PMO - US,Hetero Unit III Hyderabad IN,Lamivudine/Zidovudine,6.52,N/A - From RDC,SO-48652,FPQ-14105,4/16/14,ARV,110-ZM-T30,04-Sep-14,Truck,Adult,60,0.11,SCMS from RDC,N/A - From RDC,See DN-3877 (ID#:83254)
27765,ASN-26987,Generic,Uganda,01-Aug-14,04-Aug-14,600mg,Tablet,Yes,20553.85,Direct Drop,"Efavirenz 600mg, tablets, 30 Tabs",200.53,61150,195068.5,PMO - US,"Strides, Bangalore, India.",Efavirenz,3.19,6/19/14,SCMS-244520,FPQ-14407,06-11-14,ARV,114-UG-T30,01-Aug-14,Air,Adult,30,0.11,STRIDES ARCOLAB LIMITED,EXW,3858
9202,ASN-5370,Generic,South Africa,08-Oct-09,08-Oct-09,1mg/ml,Oral solution,Yes,Freight Included in Commodity Cost,Direct Drop,"Stavudine 1mg/ml, powder for oral solution, 200 ml",6.03,1200,2796.0,PMO - US,"Aurobindo Unit III, India",Stavudine,2.33,06-05-09,SCMS-47052,Pre-PQ Process,Pre-PQ Process,ARV,116-ZA-T01,12-Oct-09,Truck,Pediatric,200,0.01,S. BUYS WHOLESALER,DDP,Weight Captured Separately
12321,DN-1433,Generic,Nigeria,20-Oct-09,20-Oct-09,150/300/200mg,Tablet - FDC,Yes,30983.24,From RDC,"Lamivudine/Nevirapine/Zidovudine 150/200/300mg, tablets, 60 Tabs",898.9,40230,458622.0,PMO - US,"Aurobindo Unit III, India",Lamivudine/Nevirapine/Zidovudine,11.4,N/A - From RDC,SO-33330,Pre-PQ Process,Date Not Captured,ARV,151-NG-T01,20-Oct-09,Air Charter,Adult,60,0.19,SCMS from RDC,N/A - From RDC,4531
86629,DN-3409,Generic,Guyana,30-Nov-13,23-Dec-13,20mg/ml,Oral solution,No,See DN-3409 (ID#:84306),From RDC,"Abacavir 20mg/ml, oral solution w/syringe, Bottle, 240 ml",0.52,49,416.99,PMO - US,"Aurobindo Unit III, India",Abacavir,8.51,N/A - From RDC,SO-46100,FPQ-12619,7/16/13,ARV,105-GY-T30,31-Dec-13,Air,Pediatric,240,0.04,SCMS from RDC,N/A - From RDC,See DN-3409 (ID#:84306)
86106,DN-3900,Generic,CÃte dIvoire,08-Sep-14,19-Sep-14,10mg/ml,Oral solution,No,See DN-3900 (ID#:83815),From RDC,"Zidovudine 10mg/ml, oral solution w/syringe, Bottle, 240 ml",0.23,106,222.6,PMO - US,"Cipla, Goa, India",Zidovudine,2.1,N/A - From RDC,SO-47156,FPQ-13142,10/22/13,ARV,104-CI-T30,30-Sep-14,Truck,Pediatric,240,0.01,SCMS from RDC,N/A - From RDC,See DN-3900 (ID#:83815)
20044,ASN-27608,Invirase,South Africa,05-Aug-14,05-Aug-14,200mg,Capsule,Yes,Freight Included in Commodity Cost,Direct Drop,"Saquinavir 200mg [Invirase], capsules, 270 Caps",2.24,30,2177.92,PMO - US,Roche Basel,Saquinavir,72.6,08-05-14,SCMS-238552,FPQ-13973,4/30/14,ARV,116-ZA-T30,05-Aug-14,Truck,Adult,270,0.27,PHARMACY DIRECT,DDP,Weight Captured Separately
3955,ASN-127,Generic,Uganda,21-Dec-06,21-Dec-06,150/300mg,Tablet - FDC,Yes,5595.44,Direct Drop,"Lamivudine/Zidovudine 150/300mg, tablets, 60 Tabs",MIssing,5080,55880.0,PMO - US,"Aurobindo Unit III, India",Lamivudine/Zidovudine,11.0,Date Not Captured,SCMS-157,Pre-PQ Process,Pre-PQ Process,ARV,114-UG-T01,21-Dec-06,Air,Adult,60,0.18,Aurobindo Pharma Limited,EXW,1172
14785,ASN-20951,Determine,CÃte dIvoire,08-Aug-13,08-Aug-13,MIssing,Test kit,Yes,20822.73,Direct Drop,"HIV 1/2, Determine Complete HIV Kit, 100 Tests",316.67,3200,256000.0,PMO - US,"Alere Medical Co., Ltd.","HIV 1/2, Determine Complete HIV Kit",80.0,5/21/13,SCMS-188290,FPQ-12133,4/18/13,HRDT,104-CI-T30,08-Aug-13,Air,HIV test,100,0.8,"Orgenics, Ltd",EXW,1394
85147,DN-2009,Generic,Zambia,08-Sep-10,08-Sep-10,150mg,Tablet,Yes,4658.75,From RDC,"Lamivudine 150mg, tablets, 60 Tabs",33.05,6580,15331.4,PMO - US,Hetero Unit III Hyderabad IN,Lamivudine,2.33,N/A - From RDC,SO-37370,FPQ-5702,5/20/10,ARV,110-ZM-T30,27-Sep-10,Air,Adult,60,0.04,SCMS from RDC,N/A - From RDC,579
11376,DN-127,Generic,Tanzania,06-Jun-07,06-Jun-07,150/300mg,Tablet - FDC,Yes,13820.4,From RDC,"Lamivudine/Zidovudine 150/300mg, tablets, 60 Tabs",MIssing,28512,304508.16,PMO - US,"Aurobindo Unit III, India",Lamivudine/Zidovudine,10.68,N/A - From RDC,SO-422,Pre-PQ Process,Pre-PQ Process,ARV,109-TZ-T01,06-Jun-07,Air,Adult,60,0.18,SCMS from RDC,N/A - From RDC,2630
86188,DN-4215,Generic,Uganda,22-Apr-15,24-Apr-15,150/300/200mg,Tablet - FDC,Yes,Freight Included in Commodity Cost,From RDC,"Lamivudine/Nevirapine/Zidovudine 150/200/300mg, tablets, 60 Tabs",400.73,44102,340467.44,PMO - US,"Hetero, Jadcherla, unit 5, IN",Lamivudine/Nevirapine/Zidovudine,7.72,N/A - From RDC,SO-50670,FPQ-15639,12/22/14,ARV,114-UG-T30,30-Apr-15,Truck,Adult,60,0.13,SCMS from RDC,N/A - From RDC,8221
12475,DN-693,Stocrin/Sustiva,Haiti,11-Apr-08,11-Apr-08,30mg/ml,Oral solution,Yes,933.09,From RDC,"Efavirenz 30mg/ml [Stocrin/Sustiva], oral solution, Bottle, 180 ml",1.9,70,1187.2,PMO - US,"MSD, Haarlem, NL",Efavirenz,16.96,N/A - From RDC,SO-2071,Pre-PQ Process,Pre-PQ Process,ARV,106-HT-T01,11-Apr-08,Air,Pediatric,180,0.09,SCMS from RDC,N/A - From RDC,30
80665,ASN-12532,Generic,Swaziland,16-Nov-11,16-Nov-11,600/300/300mg,Tablet - FDC,Yes,29478.42,Direct Drop,"Efavirenz/Lamivudine/Tenofovir Disoproxil Fumarate 600/300/300mg, tablets, 30 Tabs",970.15,41700,587970.0,PMO - US,Mylan (formerly Matrix) Nashik,Efavirenz/Lamivudine/Tenofovir Disoproxil Fumarate,14.1,9/22/11,SCMS-122650,FPQ-8386,9/14/11,ARV,900-SZ-T30,16-Nov-11,Air,Adult,30,0.47,MYLAN LABORATORIES LTD (FORMERLY MATRIX LABORATORIES),EXW,4900
9675,ASN-2044,Generic,Vietnam,18-Jul-08,18-Jul-08,600mg,Tablet,Yes,5893.08,Direct Drop,"Efavirenz 600mg, tablets, 30 Tabs",185.15,10080,115718.4,PMO - US,Mylan (formerly Matrix) Nashik,Efavirenz,11.48,3/31/08,SCMS-20540,Pre-PQ Process,Pre-PQ Process,ARV,108-VN-T01,18-Jul-08,Air,Adult,30,0.38,MYLAN LABORATORIES LTD (FORMERLY MATRIX LABORATORIES),EXW,772
85756,DN-2184,Generic,Mozambique,25-May-11,25-May-11,150/300mg,Tablet - FDC,Yes,3936.85,From RDC,"Lamivudine/Zidovudine 150/300mg, tablets, 60 Tabs",634.84,45000,384750.0,PMO - US,"Aurobindo Unit III, India",Lamivudine/Zidovudine,8.55,N/A - From RDC,SO-38650,FPQ-7053,1/24/11,ARV,111-MZ-T30,11-May-11,Truck,Adult,60,0.14,SCMS from RDC,N/A - From RDC,4171
20133,ASN-5318,Aluvia,Uganda,04-Nov-09,04-Nov-09,200/50mg,Tablet,Yes,814.04,Direct Drop,"Lopinavir/Ritonavir 200/50mg [Aluvia], tablets, 120 Tabs",4.25,60,2169.6,PMO - US,ABBVIE Ludwigshafen Germany,Lopinavir/Ritonavir,36.16,9/30/09,SCMS-54140,FPQ-4185,09-08-09,ARV,114-UG-T30,04-Nov-09,Air,Adult,120,0.3,ABBVIE LOGISTICS (FORMERLY ABBOTT LOGISTICS BV),FCA,36
63111,ASN-24507,Generic,Mali,19-Mar-14,24-Mar-14,MIssing,Test kit - Ancillary,No,See ASN-24507 (ID#:53327),Direct Drop,"HIV, Lancet, Safety, for HIV Test kits, 100 Pcs",0.79,153,765.0,PMO - US,"Alere Medical Co., Ltd.","HIV, Lancet, Safety, for HIV Test kits, 100 Pcs",5.0,1/22/14,SCMS-221930,FPQ-13391,12/16/13,HRDT,102-ML-T30,19-Mar-14,Air,HIV test - Ancillary,100,0.05,"Orgenics, Ltd",EXW,See ASN-24507 (ID#:53327)
84854,DN-3324,Generic,Nigeria,12-Sep-13,12-Sep-13,150/300/200mg,Tablet - FDC,Yes,41352.75,From RDC,"Lamivudine/Nevirapine/Zidovudine 150/200/300mg, tablets, 60 Tabs",188.73,17782,152569.56,PMO - US,Hetero Unit III Hyderabad IN,Lamivudine/Nevirapine/Zidovudine,8.58,N/A - From RDC,SO-44931,FPQ-11864,3/14/13,ARV,151-NG-T30,18-Sep-13,Air Charter,Adult,60,0.14,SCMS from RDC,N/A - From RDC,Weight Captured Separately
59157,ASN-22538,Uni-Gold,Zambia,02-Dec-13,11-Dec-13,MIssing,Test kit,Yes,8308.74,Direct Drop,"HIV 1/2, Uni-Gold HIV Kit, 20 Tests",114.79,2900,92800.0,PMO - US,"Trinity Biotech, Plc","HIV 1/2, Uni-Gold HIV Kit",32.0,09-11-13,SCMS-205880,FPQ-12933,09-03-13,HRDT,110-ZM-T30,02-Dec-13,Air,HIV test,20,1.6,"Trinity Biotech, Plc",EXW,266
86020,DN-3425,Aluvia,Guyana,02-Dec-13,20-Dec-13,200/50mg,Tablet,No,See DN-3425 (ID#:82618),From RDC,"Lopinavir/Ritonavir 200/50mg [Aluvia], tablets, 120 Tabs",37.27,1490,30127.8,PMO - US,ABBVIE Ludwigshafen Germany,Lopinavir/Ritonavir,20.22,N/A - From RDC,SO-46090,FPQ-12619,7/16/13,ARV,105-GY-T30,31-Dec-13,Air,Adult,120,0.17,SCMS from RDC,N/A - From RDC,See DN-3425 (ID#:82618)
85519,DN-3866,Generic,Mozambique,27-Oct-14,07-Nov-14,150/300/200mg,Tablet - FDC,Yes,11223.8,From RDC,"Lamivudine/Nevirapine/Zidovudine 150/200/300mg, tablets, 60 Tabs",282.81,33922,275107.42,PMO - US,"Cipla, Goa, India",Lamivudine/Nevirapine/Zidovudine,8.11,N/A - From RDC,SO-47462,FPQ-13394,12-09-13,ARV,111-MZ-T30,29-Aug-14,Truck,Adult,60,0.14,SCMS from RDC,N/A - From RDC,16611
47666,ASN-33470,Generic,South Africa,24-Jul-15,24-Jul-15,400mg,Delayed-release capsules,No,Freight Included in Commodity Cost,Direct Drop,"Didanosine 400mg, delayed-release capsules, 30 Caps",0.13,8,122.18,PMO - US,"Aurobindo Unit III, India",Didanosine,15.27,10-09-14,SCMS-259078,FPQ-14942,09-11-14,ARV,116-ZA-T30,24-Jul-15,Truck,Adult,30,0.51,PHARMACY DIRECT,DDP,Weight Captured Separately
61418,ASN-14701,Norvir,Uganda,04-May-12,04-May-12,100mg,Tablet,Yes,86,Direct Drop,"Ritonavir 100mg [Norvir], film coated tablets, 60 Tabs",6,625,4281.25,PMO - US,ABBVIE Ludwigshafen Germany,Ritonavir,6.85,04-04-12,SCMS-142260,FPQ-9365,3/15/12,ARV,114-UG-T30,04-May-12,Air,Adult,60,0.11,ABBVIE LOGISTICS (FORMERLY ABBOTT LOGISTICS BV),FCA,86
85174,DN-2100,Generic,Guatemala,10-Feb-11,10-Feb-11,300mg,Tablet,Yes,20805.8,From RDC,"Abacavir 300mg, tablets, 60 Tabs",51.28,2005,31077.5,PMO - US,Mylan (formerly Matrix) Nashik,Abacavir,15.5,N/A - From RDC,SO-38270,FPQ-6943,12/29/10,ARV,202-GT-T30,31-Jan-11,Air,Adult,60,0.26,SCMS from RDC,N/A - From RDC,2634
86330,DN-1997,Generic,Uganda,27-Sep-10,27-Sep-10,150/300/200mg,Tablet - FDC,No,See DN-1997 (ID#:82914),From RDC,"Lamivudine/Nevirapine/Zidovudine 150/200/300mg, tablets, 60 Tabs",1814.27,75000,841500.0,PMO - US,"Aurobindo Unit III, India",Lamivudine/Nevirapine/Zidovudine,11.22,N/A - From RDC,SO-37250,FPQ-6202,08-06-10,ARV,102-UG-T30,29-Oct-10,Air,Adult,60,0.19,SCMS from RDC,N/A - From RDC,See DN-1997 (ID#:82914)
11983,DN-1261,Generic,Nigeria,16-Jun-09,16-Jun-09,300mg,Tablet,No,See DN-1261 (ID#:11647),From RDC,"Zidovudine 300mg, tablets, 60 Tabs",4.62,306,2359.26,PMO - US,"Aurobindo Unit III, India",Zidovudine,7.71,N/A - From RDC,SO-31170,Pre-PQ Process,Pre-PQ Process,ARV,153-NG-T01,16-Jun-09,Air Charter,Adult,60,0.13,SCMS from RDC,N/A - From RDC,See DN-1261 (ID#:11647)
46512,ASN-11739,Determine,CÃte dIvoire,08-Sep-11,08-Sep-11,MIssing,Test kit,Yes,7681.19,Direct Drop,"HIV 1/2, Determine Complete HIV Kit, 100 Tests",65.21,494,39520.0,PMO - US,Inverness Japan,"HIV 1/2, Determine Complete HIV Kit",80.0,05-05-11,SCMS-106600,FPQ-7325,03-09-11,HRDT,104-CI-T30,08-Sep-11,Air,HIV test,100,0.8,"Orgenics, Ltd",EXW,240
53292,ASN-9548,Determine,Kenya,10-Feb-11,10-Feb-11,MIssing,Test kit,Yes,9162.21,Direct Drop,"HIV 1/2, Determine Complete HIV Kit, 100 Tests",546.68,2849,253561.0,PMO - US,Inverness Japan,"HIV 1/2, Determine Complete HIV Kit",89.0,11/22/10,SCMS-88211,FPQ-6406,9/27/10,HRDT,102-KE-T30,10-Feb-11,Air,HIV test,100,0.89,"Orgenics, Ltd",EXW,783
71116,ASN-27709,Generic,Haiti,28-Oct-14,21-Nov-14,300/300mg,Tablet - FDC,Yes,Invoiced Separately,Direct Drop,"Lamivudine/Tenofovir Disoproxil Fumarate 300/300mg, tablets, 30 Tabs",52.82,11194,51380.46,PMO - US,"Cipla, Kurkumbh, India",Lamivudine/Tenofovir Disoproxil Fumarate,4.59,5/30/14,SCMS-233981,FPQ-13797,3/20/14,ARV,106-HT-T30,28-Oct-14,Ocean,Adult,30,0.15,CIPLA LIMITED,EXW,Weight Captured Separately
12148,DN-489,Generic,Uganda,15-Jan-08,15-Jan-08,150/300mg,Tablet - FDC,No,See DN-489 (ID#:11516),From RDC,"Lamivudine/Zidovudine 150/300mg, tablets, 60 Tabs",0.24,16,152.0,PMO - US,"Cipla, Goa, India",Lamivudine/Zidovudine,9.5,N/A - From RDC,SO-1302,Pre-PQ Process,Pre-PQ Process,ARV,114-UG-T01,15-Jan-08,Air,Adult,60,0.16,SCMS from RDC,N/A - From RDC,See DN-489 (ID#:11516)
11706,DN-42,Determine,Guyana,08-Mar-07,08-Mar-07,MIssing,Test kit,Yes,6012,From RDC,"HIV 1/2, Determine Complete HIV Kit, 100 Tests",MIssing,210,16800.0,PMO - US,ABBVIE GmbH & Co.KG Wiesbaden,"HIV 1/2, Determine Complete HIV Kit",80.0,N/A - From RDC,SO-387,Pre-PQ Process,Pre-PQ Process,HRDT,102-GY-T01,08-Mar-07,Air,HIV test,100,0.8,SCMS from RDC,N/A - From RDC,60
63297,ASN-30196,Generic,Haiti,09-Apr-15,13-Apr-15,600/300/300mg,Tablet - FDC,Yes,10500.29,Direct Drop,"Efavirenz/Lamivudine/Tenofovir Disoproxil Fumarate 600/300/300mg, tablets, 30 Tabs",595.34,56500,579125.0,PMO - US,Hetero Unit III Hyderabad IN,Efavirenz/Lamivudine/Tenofovir Disoproxil Fumarate,10.25,11/14/14,SCMS-261040,FPQ-14895,9/24/14,ARV,106-HT-T30,09-Apr-15,Ocean,Adult,30,0.34,HETERO LABS LIMITED,EXW,7324
61,ASN-137,Uni-Gold,Zambia,08-Jan-07,08-Jan-07,MIssing,Test kit,Yes,13569.49,Direct Drop,"HIV 1/2, Uni-Gold HIV Kit, 20 Tests",MIssing,2500,100000.0,PMO - US,"Trinity Biotech, Plc","HIV 1/2, Uni-Gold HIV Kit",40.0,Date Not Captured,SCMS-226,Pre-PQ Process,Pre-PQ Process,HRDT,110-ZM-T01,08-Jan-07,Air,HIV test,20,2.0,"Trinity Biotech, Plc",EXW,853
58716,ASN-15272,Prezista,Uganda,21-Jun-12,21-Jun-12,300mg,Tablet,Yes,251.52,Direct Drop,"Darunavir 300mg [Prezista], tablets, 120 Tabs",16.15,173,11521.8,PMO - US,"Aspen-OSD, Port Elizabeth, SA",Darunavir,66.6,4/17/12,SCMS-142470,FPQ-9365,3/15/12,ARV,114-UG-T30,21-Jun-12,Air,Adult,120,0.55,ASPEN PHARMACARE,DDP,35
961,ASN-3562,Generic,Vietnam,10-Apr-09,10-Apr-09,150mg,Tablet,No,See ASN-3562 (ID#:960),Direct Drop,"Lamivudine 150mg, tablets, 60 Tabs",98.78,21000,50400.0,PMO - US,"Aurobindo Unit III, India",Lamivudine,2.4,1/16/09,SCMS-37170,Pre-PQ Process,Pre-PQ Process,ARV,108-VN-T01,10-Apr-09,Air,Adult,60,0.04,Aurobindo Pharma Limited,EXW,See ASN-3562 (ID#:960)
24115,ASN-13751,InstantCHEK,Kenya,21-Feb-12,21-Feb-12,MIssing,Test kit,Yes,803.6,Direct Drop,"HIV 1/2, InstantChek HIV 1+2 Kit, 100 Tests",1.58,15,1125.0,PMO - US,"EY Laboratories, USA","HIV 1/2, InstantChek HIV 1+2 Kit",75.0,1/19/12,SCMS-134410,FPQ-9127,1/13/12,HRDT,102-KE-T30,21-Feb-12,Air,HIV test,100,0.75,EY Laboratories,CIP,18
57173,ASN-5620,Determine,CÃte dIvoire,21-Jan-10,21-Jan-10,MIssing,Test kit,Yes,12499.27,Direct Drop,"HIV 1/2, Determine HIV Kit, without Lancets, 100 Tests",528.22,3500,245000.0,PMO - US,Inverness Japan,"HIV 1/2, Determine HIV Kit, without Lancets",70.0,11-03-09,SCMS-56480,FPQ-4484,10/29/09,HRDT,104-CI-T30,21-Jan-10,Air,HIV test,100,0.7,"Orgenics, Ltd",EXW,794
12224,DN-921,Truvada,Nigeria,28-Sep-08,28-Sep-08,300/200mg,Tablet - FDC,No,See DN-921 (ID#:11917),From RDC,"Emtricitabine/Tenofovir Disoproxil Fumarate 200/300mg [Truvada], tablets, 30 Tabs",1890,45000,1181250.0,PMO - US,"Aspen-OSD, Port Elizabeth, SA",Emtricitabine/Tenofovir Disoproxil Fumarate,26.25,N/A - From RDC,SO-2707,Pre-PQ Process,Pre-PQ Process,ARV,132-NG-T01,28-Sep-08,Air,Adult,30,0.88,SCMS from RDC,N/A - From RDC,See DN-921 (ID#:11917)
18664,ASN-24398,Generic,Vietnam,23-Apr-14,23-Apr-14,300mg,Tablet,Yes,7474.2,Direct Drop,"Abacavir 300mg, tablets, 60 Tabs",20.34,1436,16442.2,PMO - US,Hetero Unit III Hyderabad IN,Abacavir,11.45,10-10-13,SCMS-210150,FPQ-13034,10-04-13,ARV,108-VN-T30,23-Apr-14,Air,Adult,60,0.19,HETERO LABS LIMITED,EXW,2832
3976,ASN-200,Bioline,Zambia,20-Feb-07,20-Feb-07,MIssing,Test kit,Yes,963.73,Direct Drop,"HIV 1/2, Bioline 3.0 Kit, Lancets, Capillary pipets, Alcohol swabs included, 25 Tests",MIssing,400,8000.0,PMO - US,"Standard Diagnostics, Korea","HIV 1/2, Bioline 3.0 Kit, Lancets, Capillary pipets, Alcohol swabs included",20.0,Date Not Captured,SCMS-352,Pre-PQ Process,Pre-PQ Process,HRDT,110-ZM-T01,20-Feb-07,Air,HIV test,25,0.8,"Standard Diagnostics, Inc.",EXW,134
70844,ASN-29409,Determine,South Sudan,22-Dec-14,13-Jan-15,MIssing,Test kit,No,See ASN-29409 (ID#:20185),Direct Drop,"HIV 1/2, Determine Complete HIV Kit, 100 Tests",32.02,350,31150.0,PMO - US,"Alere Medical Co., Ltd.","HIV 1/2, Determine Complete HIV Kit",89.0,6/30/14,SCMS-245260,FPQ-14470,6/17/14,HRDT,105-SS-T30,22-Dec-14,Air,HIV test,100,0.89,"Orgenics, Ltd",EXW,See ASN-29409 (ID#:20185)
83891,DN-4151,Generic,Uganda,12-Mar-15,17-Mar-15,30/50/60mg,Chewable/dispersible tablet - FDC,Yes,1587.3,From RDC,"Lamivudine/Nevirapine/Zidovudine 30/50/60mg, dispersible tablets, 60 Tabs",23.63,6384,22982.4,PMO - US,Mylan (formerly Matrix) Nashik,Lamivudine/Nevirapine/Zidovudine,3.6,N/A - From RDC,SO-49010,FPQ-14396,06-04-14,ARV,114-UG-T30,16-Mar-15,Truck,Pediatric,60,0.06,SCMS from RDC,N/A - From RDC,382
28039,ASN-16986,Kaletra,Guyana,18-Jan-13,18-Jan-13,80/20mg/ml,Oral solution,Yes,1097.08,Direct Drop,"Lopinavir/Ritonavir 80/20mg/ml [Kaletra], oral solution, cool, Bottle 5 x 60 ml",1.79,21,1277.22,PMO - US,ABBVIE (Abbott) Logis. UK,Lopinavir/Ritonavir,60.82,7/30/12,SCMS-154460,FPQ-10268,7/16/12,ARV,105-GY-T30,18-Jan-13,Air,Pediatric,300,0.2,ABBVIE LOGISTICS (FORMERLY ABBOTT LOGISTICS BV),FCA,52
83929,DN-4335,Generic,Zimbabwe,04-Aug-15,11-Aug-15,200mg,Tablet,Yes,Freight Included in Commodity Cost,From RDC,"Efavirenz 200mg, scored tablets, 90 Tabs",16.22,1482,13782.6,PMO - US,"Strides, Bangalore, India.",Efavirenz,9.3,N/A - From RDC,SO-51300,FPQ-16162,04-07-15,ARV,103-ZW-T30,31-Dec-15,Truck,Pediatric,90,0.1,SCMS from RDC,N/A - From RDC,90
25767,ASN-19144,Determine,Malawi,30-Apr-13,30-Apr-13,MIssing,Test kit,Yes,5248.93,Direct Drop,"HIV 1/2, Determine Complete HIV Kit, 100 Tests",45.62,461,36880.0,PMO - US,"Alere Medical Co., Ltd.","HIV 1/2, Determine Complete HIV Kit",80.0,3/14/13,SCMS-179350,FPQ-11638,2/22/13,HRDT,102-MW-T30,30-Apr-13,Air,HIV test,100,0.8,"Orgenics, Ltd",EXW,207
31861,ASN-12786,Generic,Vietnam,23-Nov-11,23-Nov-11,300mg,Tablet,Yes,4525.05,Direct Drop,"Abacavir 300mg, tablets, 60 Tabs",6.98,292,4231.08,PMO - US,Mylan (formerly Matrix) Nashik,Abacavir,14.49,07-07-11,SCMS-113640,FPQ-7898,6/27/11,ARV,108-VN-T30,23-Nov-11,Air,Adult,60,0.24,MYLAN LABORATORIES LTD (FORMERLY MATRIX LABORATORIES),EXW,30
11344,DN-1354,Generic,CÃte dIvoire,11-Aug-09,11-Aug-09,600mg,Tablet,Yes,1854.88,From RDC,"Efavirenz 600mg, tablets, 30 Tabs",95.45,5010,48697.2,PMO - US,"Aurobindo Unit III, India",Efavirenz,9.72,N/A - From RDC,SO-27532,Pre-PQ Process,Date Not Captured,ARV,104-CI-T01,11-Aug-09,Air,Adult,30,0.32,SCMS from RDC,N/A - From RDC,434
85849,DN-2607,Generic,Uganda,27-Mar-12,27-Mar-12,300/300mg,Tablet - FDC,No,See DN-2607 (ID#:83580),From RDC,"Lamivudine/Tenofovir Disoproxil Fumarate 300/300mg, tablets, 30 Tabs",229.45,22872,139061.76,PMO - US,Mylan (formerly Matrix) Nashik,Lamivudine/Tenofovir Disoproxil Fumarate,6.08,N/A - From RDC,SO-40931,FPQ-8522,10-05-11,ARV,114-UG-T30,16-May-12,Truck,Adult,30,0.2,SCMS from RDC,N/A - From RDC,See DN-2607 (ID#:83580)
10648,DN-503,Trizivir,CÃte dIvoire,14-Dec-07,14-Dec-07,300/150/300mg,Tablet - FDC,Yes,1700,From RDC,"Abacavir/Lamivudine/Zidovudine 300/150/300mg [Trizivir], tablets, 60 Tabs",206.86,1847,129290.0,PMO - US,GSK Ware (UK),Abacavir/Lamivudine/Zidovudine,70.0,N/A - From RDC,SO-1361,Pre-PQ Process,Pre-PQ Process,ARV,104-CI-T01,14-Dec-07,Air,Adult,60,1.17,SCMS from RDC,N/A - From RDC,271
83556,DN-2497,Generic,"Congo, DRC",14-Feb-12,14-Feb-12,600mg,Tablet,No,See DN-2497 (ID#:82435),From RDC,"Efavirenz 600mg, tablets, 30 Tabs",0.06,10,41.2,PMO - US,"Strides, Bangalore, India.",Efavirenz,4.12,N/A - From RDC,SO-41135,FPQ-8840,11/21/11,ARV,101-CD-T30,16-Mar-12,Air,Adult,30,0.14,SCMS from RDC,N/A - From RDC,See DN-2497 (ID#:82435)
6896,ASN-1329,Viread,Ethiopia,04-Mar-08,04-Mar-08,300mg,Tablet,Yes,5137.76,Direct Drop,"Tenofovir Disoproxil Fumarate 300mg [Viread], tablets, 30 Tabs",403.1,14820,251940.0,PMO - US,"Aspen-OSD, Port Elizabeth, SA",Tenofovir Disoproxil Fumarate,17.0,01-03-08,SCMS-16220,Pre-PQ Process,Pre-PQ Process,ARV,117-ET-T01,04-Mar-08,Air,Adult,30,0.57,ASPEN PHARMACARE,EXW,1233
59267,ASN-19859,Generic,Vietnam,05-Jul-13,05-Jul-13,150/300mg,Tablet - FDC,Yes,10867.28,Direct Drop,"Lamivudine/Zidovudine 150/300mg, tablets, 60 Tabs",283.06,33405,228824.25,PMO - US,Hetero Unit III Hyderabad IN,Lamivudine/Zidovudine,6.85,02-06-13,SCMS-176270,FPQ-11418,1/29/13,ARV,108-VN-T30,05-Jul-13,Air,Adult,60,0.11,HETERO LABS LIMITED,EXW,3751
12631,DN-89,Determine,Zambia,04-May-07,04-May-07,MIssing,Test kit,No,See DN-89 (ID#:10813),From RDC,"HIV 1/2, Determine Complete HIV Kit, 100 Tests",MIssing,600,48000.0,PMO - US,ABBVIE GmbH & Co.KG Wiesbaden,"HIV 1/2, Determine Complete HIV Kit",80.0,N/A - From RDC,SO-232,Pre-PQ Process,Pre-PQ Process,HRDT,110-ZM-T01,04-May-07,MIssing,HIV test,100,0.8,SCMS from RDC,N/A - From RDC,See DN-89 (ID#:10813)
83148,DN-3257,Generic,Burundi,26-Aug-13,26-Aug-13,200/50mg,Tablet,Yes,4323.44,From RDC,"Lopinavir/Ritonavir 200/50mg, tablets, 120 Tabs",5.74,213,4639.14,PMO - US,"Aurobindo Unit III, India",Lopinavir/Ritonavir,21.78,N/A - From RDC,SO-45170,FPQ-12065,4/22/13,ARV,102-BI-T30,24-Aug-13,Air,Adult,120,0.18,SCMS from RDC,N/A - From RDC,928
60074,ASN-30184,Generic,Haiti,13-Mar-15,18-Mar-15,600mg,Tablet,Yes,11109.18,Direct Drop,"Efavirenz 600mg, tablets, 30 Tabs",181.73,53571,176784.3,PMO - US,"Aurobindo Unit VII, IN",Efavirenz,3.3,12/24/14,SCMS-262910,FPQ-15038,10/22/14,ARV,106-HT-T30,13-Mar-15,Ocean,Adult,30,0.11,Aurobindo Pharma Limited,EXW,4974
5045,ASN-3752,Generic,South Africa,21-Nov-08,21-Nov-08,600mg,Tablet,No,Freight Included in Commodity Cost,Direct Drop,"Efavirenz 600mg, tablets, 30 Tabs",28.48,1200,14532.0,PMO - US,"Cipla, Goa, India",Efavirenz,12.11,Date Not Captured,SCMS-41140,Pre-PQ Process,Pre-PQ Process,ARV,116-ZA-T01,31-Mar-09,Air,Adult,30,0.4,S. BUYS WHOLESALER,DDP,Weight Captured Separately
65359,ASN-33478,Isentress,South Africa,24-Jul-15,24-Jul-15,400mg,Tablet,No,Freight Included in Commodity Cost,Direct Drop,"Raltegravir 400mg [Isentress], tablets, 60 Tabs",2.37,35,2301.31,PMO - US,"MSD, Haarlem, NL",Raltegravir,65.75,10-09-14,SCMS-259077,FPQ-14942,09-11-14,ARV,116-ZA-T30,24-Jul-15,Truck,Adult,60,1.1,PHARMACY DIRECT,DDP,Weight Captured Separately
86075,DN-3649,Generic,Zimbabwe,23-May-14,27-May-14,200mg,Tablet,Yes,1551,From RDC,"Efavirenz 200mg, scored tablets, 90 Tabs",7.83,819,7616.7,PMO - US,"Strides, Bangalore, India.",Efavirenz,9.3,N/A - From RDC,SO-46950,FPQ-13109,10/17/13,ARV,103-ZW-T30,05-May-14,Truck,Pediatric,90,0.1,SCMS from RDC,N/A - From RDC,58
85789,DN-2344,Generic,Uganda,26-Sep-11,26-Sep-11,300/300mg,Tablet - FDC,Yes,4911.39,From RDC,"Lamivudine/Tenofovir Disoproxil Fumarate 300/300mg, tablets, 30 Tabs",67.9,5000,41150.0,PMO - US,Mylan (formerly Matrix) Nashik,Lamivudine/Tenofovir Disoproxil Fumarate,8.23,N/A - From RDC,SO-38803,FPQ-7162,2/14/11,ARV,114-UG-T30,30-Sep-11,Truck,Adult,30,0.27,SCMS from RDC,N/A - From RDC,607
33144,ASN-6597,Generic,Vietnam,20-May-10,20-May-10,300mg,Tablet,Yes,3678.45,Direct Drop,"Tenofovir Disoproxil Fumarate 300mg, tablets, 30 Tabs",73.35,4536,34020.0,PMO - US,Mylan (formerly Matrix) Nashik,Tenofovir Disoproxil Fumarate,7.5,01-07-10,SCMS-62310,FPQ-4719,01-04-10,ARV,108-VN-T30,20-May-10,Air,Adult,30,0.25,MYLAN LABORATORIES LTD (FORMERLY MATRIX LABORATORIES),EXW,266
5195,ASN-4836,Aluvia,South Africa,28-Jul-09,28-Jul-09,200/50mg,Tablet,No,Freight Included in Commodity Cost,Direct Drop,"Lopinavir/Ritonavir 200/50mg [Aluvia], tablets, 120 Tabs",16.46,200,8396.0,PMO - US,ABBVIE Ludwigshafen Germany,Lopinavir/Ritonavir,41.98,06-05-09,SCMS-47051,Pre-PQ Process,Pre-PQ Process,ARV,116-ZA-T01,12-Oct-09,Truck,Adult,120,0.35,S. BUYS WHOLESALER,DDP,Weight Captured Separately
82351,DN-2016,Generic,Guyana,19-Sep-10,19-Sep-10,300mg,Tablet,Yes,3307.86,From RDC,"Abacavir 300mg, tablets, 60 Tabs",11.7,330,5425.2,PMO - US,Mylan (formerly Matrix) Nashik,Abacavir,16.44,N/A - From RDC,SO-37390,FPQ-6306,8/27/10,ARV,105-GY-T30,23-Nov-10,Air,Adult,60,0.27,SCMS from RDC,N/A - From RDC,86
85313,DN-2900,Generic,Nigeria,06-Nov-12,06-Nov-12,150/300mg,Tablet - FDC,No,See DN-2900 (ID#:84199),From RDC,"Lamivudine/Zidovudine 150/300mg, tablets, 60 Tabs",125.52,11597,89528.84,PMO - US,Mylan (formerly Matrix) Nashik,Lamivudine/Zidovudine,7.72,N/A - From RDC,SO-42681,FPQ-9968,5/23/12,ARV,151-NG-T30,06-Nov-12,Air,Adult,60,0.13,SCMS from RDC,N/A - From RDC,See DN-2900 (ID#:84199)
85334,DN-3043,Generic,Haiti,15-Mar-13,15-Mar-13,30/60mg,Tablet - FDC,No,See DN-3043 (ID#:84792),From RDC,"Lamivudine/Zidovudine 30/60mg, tablets, 60 Tabs",8.45,3024,6834.24,PMO - US,"Aurobindo Unit III, India",Lamivudine/Zidovudine,2.26,N/A - From RDC,SO-44450,FPQ-11526,1/30/13,ARV,106-HT-T30,30-Apr-13,Air,Pediatric,60,0.04,SCMS from RDC,N/A - From RDC,See DN-3043 (ID#:84792)
41584,ASN-16908,Determine,Zambia,07-Nov-12,07-Nov-12,MIssing,Test kit,Yes,25760.94,Direct Drop,"HIV 1/2, Determine Complete HIV Kit, 100 Tests",336.48,3000,240000.0,PMO - US,"Alere Medical Co., Ltd.","HIV 1/2, Determine Complete HIV Kit",80.0,09-05-12,SCMS-158520,FPQ-10531,8/21/12,HRDT,110-ZM-T30,31-Oct-12,Air,HIV test,100,0.8,"Orgenics, Ltd",EXW,1428
11217,DN-529,Generic,Ethiopia,20-Dec-07,20-Dec-07,150/300mg,Tablet - FDC,Yes,6346.22,From RDC,"Lamivudine/Zidovudine 150/300mg, tablets, 60 Tabs",147.32,9692,92074.0,PMO - US,"Aurobindo Unit III, India",Lamivudine/Zidovudine,9.5,N/A - From RDC,SO-1542,Pre-PQ Process,Pre-PQ Process,ARV,117-ET-T01,20-Dec-07,Air,Adult,60,0.16,SCMS from RDC,N/A - From RDC,1215
10616,DN-328,Aluvia,Zambia,31-Aug-07,31-Aug-07,200/50mg,Tablet,Yes,4068.44,From RDC,"Lopinavir/Ritonavir 200/50mg [Aluvia], tablets, 120 Tabs",247.85,3769,154905.9,PMO - US,ABBVIE Ludwigshafen Germany,Lopinavir/Ritonavir,41.1,N/A - From RDC,SO-804,Pre-PQ Process,Pre-PQ Process,ARV,110-ZM-T01,31-Aug-07,MIssing,Adult,120,0.34,SCMS from RDC,N/A - From RDC,821
30974,ASN-21380,Norvir,Vietnam,16-Sep-13,16-Sep-13,100mg,Tablet,Yes,421.24,Direct Drop,"Ritonavir 100mg [Norvir], film coated tablets, 30 Tabs",12.34,429,9978.54,PMO - US,ABBVIE Ludwigshafen Germany,Ritonavir,23.26,8/19/13,SCMS-188580,FPQ-12051,05-03-13,ARV,108-VN-T30,16-Sep-13,Air,Adult,30,0.78,ABBVIE LOGISTICS (FORMERLY ABBOTT LOGISTICS BV),FCA,43
83706,DN-3258,Generic,Zambia,30-Jul-13,30-Jul-13,300mg,Tablet,Yes,5213.01,From RDC,"Abacavir 300mg, tablets, 60 Tabs",17.67,1102,14281.92,PMO - US,Mylan (formerly Matrix) Nashik,Abacavir,12.96,N/A - From RDC,SO-45061,FPQ-12066,4/19/13,ARV,110-ZM-T30,06-Sep-13,Truck,Adult,60,0.22,SCMS from RDC,N/A - From RDC,645
84506,DN-1510,Generic,CÃte dIvoire,05-Nov-09,05-Nov-09,150/200/30mg,Tablet - FDC,Yes,5028.04,From RDC,"Lamivudine/Nevirapine/Stavudine 150/200/30mg, tablets, 60 Tabs",273.54,19937,139559.0,PMO - US,"Strides, Bangalore, India.",Lamivudine/Nevirapine/Stavudine,7.0,N/A - From RDC,SO-33040,FPQ-3964,7/24/09,ARV,104-CI-T30,01-Dec-09,Air,Adult,60,0.12,SCMS from RDC,N/A - From RDC,5340
22295,ASN-9487,Generic,South Africa,04-Mar-11,04-Mar-11,600mg,Tablet,Yes,15331.51,Direct Drop,"Efavirenz 600mg, tablets, 30 Tabs",1056.06,108129,489824.37,PMO - US,"Aurobindo Unit III, India",Efavirenz,4.53,9/24/10,SCMS-83820,FPQ-6262,8/31/10,ARV,161-ZA-T30,10-Mar-11,Ocean,Adult,30,0.15,Aurobindo Pharma Limited,DDP,9280
20558,ASN-32231,Determine,"Congo, DRC",23-Jul-15,29-Jul-15,MIssing,Test kit,No,See ASN-32231 (ID#:13648),Direct Drop,"HIV 1/2, Determine Complete HIV Kit, 100 Tests",9.42,100,8000.0,PMO - US,"Alere Medical Co., Ltd.","HIV 1/2, Determine Complete HIV Kit",80.0,3/17/15,SCMS-280220,FPQ-16001,03-10-15,HRDT,101-CD-T30,23-Jul-15,Air,HIV test,100,0.8,"Orgenics, Ltd",EXW,See ASN-32231 (ID#:13648)
84257,DN-3102,Generic,Mozambique,01-Aug-13,01-Aug-13,150/300/200mg,Tablet - FDC,No,See DN-3102 (ID#:82573),From RDC,"Lamivudine/Nevirapine/Zidovudine 150/200/300mg, tablets, 60 Tabs",269.58,25400,217932.0,PMO - US,"Cipla, Goa, India",Lamivudine/Nevirapine/Zidovudine,8.58,N/A - From RDC,SO-43790,FPQ-11033,11-12-12,ARV,111-MZ-T30,01-Aug-13,Truck,Adult,60,0.14,SCMS from RDC,N/A - From RDC,See DN-3102 (ID#:82573)
28192,ASN-9660,Generic,Rwanda,09-Feb-11,09-Feb-11,200/50mg,Tablet,No,Freight Included in Commodity Cost,Direct Drop,"Lopinavir/Ritonavir 200/50mg, tablets, 120 Tabs",846,11440,392392.0,PMO - US,Cipla Ltd A-42 MIDC Mahar. IN,Lopinavir/Ritonavir,34.3,9/27/10,SCMS-84411,FPQ-6185,09-03-10,ARV,107-RW-T30,09-Feb-11,Air,Adult,120,0.29,CIPLA LIMITED,CIP,Weight Captured Separately
11186,DN-385,Determine,CÃte dIvoire,22-Oct-07,22-Oct-07,MIssing,Test kit,Yes,1642,From RDC,"HIV 1/2, Determine HIV Kit, without Lancets, 100 Tests",68.53,595,42834.05,PMO - US,Inverness Japan,"HIV 1/2, Determine HIV Kit, without Lancets",71.99,N/A - From RDC,SO-1113,Pre-PQ Process,Pre-PQ Process,HRDT,104-CI-T01,22-Oct-07,Air,HIV test,100,0.72,SCMS from RDC,N/A - From RDC,200
11052,DN-1262,Generic,Uganda,01-Jun-09,01-Jun-09,300mg,Tablet,Yes,1053.86,From RDC,"Zidovudine 300mg, tablets, 60 Tabs",1.59,105,809.55,PMO - US,"Aurobindo Unit III, India",Zidovudine,7.71,N/A - From RDC,SO-31140,Pre-PQ Process,Pre-PQ Process,ARV,114-UG-T01,01-Jun-09,Air,Adult,60,0.13,SCMS from RDC,N/A - From RDC,6
37362,ASN-28034,Generic,South Africa,29-Aug-14,29-Aug-14,250mg,Delayed-release capsules,No,Freight Included in Commodity Cost,Direct Drop,"Didanosine 250mg, delayed-release capsules, 30 Caps",0.17,8,134.55,PMO - US,"Aurobindo Unit III, India",Didanosine,16.82,8/29/14,SCMS-199289,FPQ-12522,07-11-13,ARV,116-ZA-T30,29-Aug-14,Truck,Adult,30,0.56,S. BUYS WHOLESALER,DDP,Weight Captured Separately
11378,DN-132,Generic,Nigeria,23-May-07,23-May-07,10mg/ml,Oral suspension,No,See DN-132 (ID#:11105),From RDC,"Nevirapine 10mg/ml, oral suspension, Bottle, 240 ml",MIssing,1181,4133.5,PMO - US,"Aurobindo Unit III, India",Nevirapine,3.5,N/A - From RDC,SO-329,Pre-PQ Process,Pre-PQ Process,ARV,112-NG-T01,23-May-07,MIssing,Pediatric,240,0.01,SCMS from RDC,N/A - From RDC,See DN-132 (ID#:11105)
30618,ASN-14757,Generic,Vietnam,15-May-12,15-May-12,300mg,Tablet,Yes,8334.77,Direct Drop,"Abacavir 300mg, tablets, 60 Tabs",11.52,632,8216.0,PMO - US,Mylan (formerly Matrix) Nashik,Abacavir,13.0,1/16/12,SCMS-131700,FPQ-9001,12/15/11,ARV,108-VN-T30,15-May-12,Air,Adult,60,0.22,MYLAN LABORATORIES LTD (FORMERLY MATRIX LABORATORIES),EXW,4669
83676,DN-3124,Generic,Uganda,09-May-13,09-May-13,600/300/300mg,Tablet - FDC,Yes,10542.15,From RDC,"Efavirenz/Lamivudine/Tenofovir Disoproxil Fumarate 600/300/300mg, tablets, 30 Tabs",225.26,17310,182101.2,PMO - US,Hetero Unit III Hyderabad IN,Efavirenz/Lamivudine/Tenofovir Disoproxil Fumarate,10.52,N/A - From RDC,SO-43942,FPQ-11143,12/13/12,ARV,114-UG-T30,30-Apr-13,Air,Adult,30,0.35,SCMS from RDC,N/A - From RDC,2291
84673,DN-2361,Generic,Guyana,28-Sep-11,28-Sep-11,15mg,Capsule,Yes,4338.44,From RDC,"Stavudine 15mg, capsules, 60 Caps",0.05,21,27.72,PMO - US,"Aurobindo Unit III, India",Stavudine,1.32,N/A - From RDC,SO-40450,FPQ-8024,8/19/11,ARV,105-GY-T30,15-Dec-11,Air,Adult,60,0.02,SCMS from RDC,N/A - From RDC,294
85295,DN-2811,Generic,Guyana,29-Aug-12,29-Aug-12,300mg,Tablet,No,See DN-2811 (ID#:83067),From RDC,"Zidovudine 300mg, tablets, 60 Tabs",15.66,1652,11167.52,PMO - US,"Aurobindo Unit III, India",Zidovudine,6.76,N/A - From RDC,SO-42780,FPQ-10252,07-05-12,ARV,105-GY-T30,02-Oct-12,Air,Adult,60,0.11,SCMS from RDC,N/A - From RDC,See DN-2811 (ID#:83067)
84339,DN-3564,Generic,Mozambique,28-Mar-14,04-Apr-14,600/300/300mg,Tablet - FDC,Yes,Freight Included in Commodity Cost,From RDC,"Efavirenz/Lamivudine/Tenofovir Disoproxil Fumarate 600/300/300mg, tablets, 30 Tabs",2422.92,180194,1958708.78,PMO - US,"Aurobindo Unit VII, IN",Efavirenz/Lamivudine/Tenofovir Disoproxil Fumarate,10.87,N/A - From RDC,SO-45900,FPQ-12421,6/28/13,ARV,111-MZ-T30,28-Mar-14,Truck,Adult,30,0.36,SCMS from RDC,N/A - From RDC,13739
12393,DN-290,Norvir,Tanzania,10-Sep-07,10-Sep-07,100mg,Capsule,No,See DN-290 (ID#:10859),From RDC,"Ritonavir 100mg [Norvir], capsules, cool, 4 x 84 Caps",9.64,157,6022.52,PMO - US,ABBVIE (Abbott) Logis. UK,Ritonavir,38.36,N/A - From RDC,SO-455,Pre-PQ Process,Pre-PQ Process,ARV,109-TZ-T01,10-Sep-07,MIssing,Adult,336,0.11,SCMS from RDC,N/A - From RDC,See DN-290 (ID#:10859)
71712,ASN-31453,Determine,Haiti,22-Apr-15,23-Apr-15,MIssing,Test kit,Yes,22194.09,Direct Drop,"HIV 1/2, Determine Complete HIV Kit, 100 Tests",670.65,5698,569800.0,PMO - US,"Alere Medical Co., Ltd.","HIV 1/2, Determine Complete HIV Kit",100.0,11-05-14,SCMS-260780,FPQ-15102,10-10-14,HRDT,106-HT-T30,05-May-15,Air,HIV test,100,1.0,"Orgenics, Ltd",EXW,2314
84763,DN-2907,Generic,Nigeria,06-Nov-12,06-Nov-12,150mg,Tablet,Yes,15459.09,From RDC,"Lamivudine 150mg, tablets, 60 Tabs",38.9,12847,27749.52,PMO - US,Hetero Unit III Hyderabad IN,Lamivudine,2.16,N/A - From RDC,SO-42688,FPQ-9968,5/23/12,ARV,151-NG-T30,06-Nov-12,Air,Adult,60,0.04,SCMS from RDC,N/A - From RDC,798
85177,DN-2106,Generic,CÃte dIvoire,22-Feb-11,22-Feb-11,200mg,Capsule,No,See DN-2106 (ID#:82933),From RDC,"Efavirenz 200mg, capsule, 90 Caps",10.3,492,4777.32,PMO - US,"Aurobindo Unit III, India",Efavirenz,9.71,N/A - From RDC,SO-38380,FPQ-6144,08-03-10,ARV,104-CI-T30,31-Jan-11,Air,Pediatric,90,0.11,SCMS from RDC,N/A - From RDC,See DN-2106 (ID#:82933)
69572,ASN-33116,Generic,Cameroon,18-Jul-15,20-Jul-15,300/100mg,Tablet,Yes,8024.1,Direct Drop,"Atazanavir/Ritonavir 300/100mg, tablets, 30 Tabs",163.14,7108,138606.0,PMO - US,Mylan (formerly Matrix) Nashik,Atazanavir/Ritonavir,19.5,06-02-15,SCMS-289300,FPQ-16210,4/28/15,ARV,103-CM-T30,18-Jul-15,Air,Adult,30,0.65,MYLAN LABORATORIES LTD (FORMERLY MATRIX LABORATORIES),EXW,949
29538,ASN-30810,Generic,Haiti,26-Mar-15,30-Mar-15,150/300/200mg,Tablet - FDC,Yes,21146.04,Direct Drop,"Lamivudine/Nevirapine/Zidovudine 150/200/300mg, tablets, 60 Tabs",221.56,26608,215524.8,PMO - US,Mylan (formerly Matrix) Nashik,Lamivudine/Nevirapine/Zidovudine,8.1,11/14/14,SCMS-261120,FPQ-14895,9/24/14,ARV,106-HT-T30,27-Mar-15,Air,Adult,60,0.13,MYLAN LABORATORIES LTD (FORMERLY MATRIX LABORATORIES),EXW,3699
86333,DN-2005,Generic,CÃte dIvoire,06-Sep-10,06-Sep-10,200mg,Chewable/dispersible tablet,Yes,8815.65,From RDC,"Didanosine 200mg, chewable/dispersible tablets, 60 Tabs",132.6,3968,61504.0,PMO - US,"Aurobindo Unit III, India",Didanosine,15.5,N/A - From RDC,SO-36320,FPQ-5201,03-03-10,ARV,104-CI-T30,10-Sep-10,Air,Pediatric,60,0.26,SCMS from RDC,N/A - From RDC,842
86724,DN-3916,Generic,Nigeria,03-Sep-14,05-Sep-14,600mg,Tablet,Yes,3773,From RDC,"Efavirenz 600mg, tablets, 30 Tabs",40.39,12241,39293.61,PMO - US,"Strides, Bangalore, India.",Efavirenz,3.21,N/A - From RDC,SO-48902,FPQ-14156,4/25/14,ARV,151-NG-T30,31-Oct-14,Air Charter,Adult,30,0.11,SCMS from RDC,N/A - From RDC,828
40840,ASN-28279,Uni-Gold,"Congo, DRC",04-Nov-14,20-Nov-14,MIssing,Test kit,No,See ASN-28279 (ID#:13547),Direct Drop,"HIV 1/2, Uni-Gold HIV Kit, 20 Tests",2.93,89,2848.0,PMO - US,"Trinity Biotech, Plc","HIV 1/2, Uni-Gold HIV Kit",32.0,8/27/14,SCMS-253260,FPQ-14654,08-11-14,HRDT,101-CD-T30,04-Nov-14,Air,HIV test,20,1.6,"Trinity Biotech, Plc",EXW,See ASN-28279 (ID#:13547)
86420,DN-2415,Generic,Mozambique,14-Dec-11,14-Dec-11,10mg/ml,Oral suspension,Yes,2451.86,From RDC,"Nevirapine 10mg/ml, oral suspension w/syringe, Bottle, 240 ml",32.4,10070,19636.5,PMO - US,"Aurobindo Unit III, India",Nevirapine,1.95,N/A - From RDC,SO-38640,FPQ-7053,1/24/11,ARV,111-MZ-T30,15-Dec-11,Truck,Pediatric,240,0.01,SCMS from RDC,N/A - From RDC,3787
10947,DN-758,Generic,Tanzania,09-Jul-08,09-Jul-08,150mg,Tablet,Yes,3594.6,From RDC,"Lamivudine 150mg, tablets, 60 Tabs",52.06,11181,32536.71,PMO - US,"Aurobindo Unit III, India",Lamivudine,2.91,N/A - From RDC,SO-2662,Pre-PQ Process,Pre-PQ Process,ARV,109-TZ-T01,09-Jul-08,Air,Adult,60,0.05,SCMS from RDC,N/A - From RDC,566
78435,ASN-11272,Determine,Namibia,06-Jul-11,06-Jul-11,MIssing,Test kit,Yes,677.37,Direct Drop,"HIV 1/2, Determine HIV Kit, without Lancets, 100 Tests",12.82,100,7770.0,PMO - US,Inverness Japan,"HIV 1/2, Determine HIV Kit, without Lancets",77.7,5/31/11,SCMS-109960,FPQ-7679,05-12-11,HRDT,119-NA-T30,06-Jul-11,Air,HIV test,100,0.78,"Orgenics, Ltd",EXW,24
85112,DN-1824,Generic,Tanzania,25-May-10,25-May-10,100mg,Chewable/dispersible tablet,Yes,3219.93,From RDC,"Didanosine 100mg, chewable/dispersible tablets, 60 Tabs",35.94,2159,16667.48,PMO - US,"Aurobindo Unit III, India",Didanosine,7.72,N/A - From RDC,SO-36590,FPQ-5436,04-01-10,ARV,109-TZ-T30,29-Jul-10,Air,Pediatric,60,0.13,SCMS from RDC,N/A - From RDC,454
82456,DN-2575,Aluvia,Guyana,19-Mar-12,19-Mar-12,200/50mg,Tablet,Yes,3940.18,From RDC,"Lopinavir/Ritonavir 200/50mg [Aluvia], tablets, 120 Tabs",62.11,1313,44300.62,PMO - US,ABBVIE Ludwigshafen Germany,Lopinavir/Ritonavir,33.74,N/A - From RDC,SO-41030,FPQ-8623,10/27/11,ARV,105-GY-T30,30-Mar-12,Air,Adult,120,0.28,SCMS from RDC,N/A - From RDC,276
11613,DN-882,Truvada,Nigeria,24-Aug-08,24-Aug-08,300/200mg,Tablet - FDC,Yes,8924.98,From RDC,"Emtricitabine/Tenofovir Disoproxil Fumarate 200/300mg [Truvada], tablets, 30 Tabs",630,15000,393750.0,PMO - US,"Aspen-OSD, Port Elizabeth, SA",Emtricitabine/Tenofovir Disoproxil Fumarate,26.25,N/A - From RDC,SO-11810,Pre-PQ Process,Pre-PQ Process,ARV,132-NG-T01,24-Aug-08,Air,Adult,30,0.88,SCMS from RDC,N/A - From RDC,1317
62577,ASN-5595,Bioline,Kenya,07-Jan-10,07-Jan-10,MIssing,Test kit,Yes,24172.01,Direct Drop,"HIV 1/2, Bioline 3.0 Kit, Lancets, Capillary pipets, Alcohol swabs included, 25 Tests",371.42,9475,189500.0,PMO - US,"Standard Diagnostics, Korea","HIV 1/2, Bioline 3.0 Kit, Lancets, Capillary pipets, Alcohol swabs included",20.0,10/23/09,SCMS-55900,FPQ-4250,9/16/09,HRDT,102-KE-T30,07-Jan-10,Air,HIV test,25,0.8,"Standard Diagnostics, Inc.",EXW,3158
10753,DN-1141,Generic,Nigeria,19-Mar-09,19-Mar-09,150/300/200mg,Tablet - FDC,Yes,22985.72,From RDC,"Lamivudine/Nevirapine/Zidovudine 150/200/300mg, tablets, 60 Tabs",100.57,4501,51311.4,PMO - US,"Aurobindo Unit III, India",Lamivudine/Nevirapine/Zidovudine,11.4,N/A - From RDC,SO-21807,Pre-PQ Process,Pre-PQ Process,ARV,151-NG-T01,19-Mar-09,Air Charter,Adult,60,0.19,SCMS from RDC,N/A - From RDC,506
36969,ASN-6252,Generic,Vietnam,22-Mar-10,22-Mar-10,300mg,Tablet,Yes,9674.88,Direct Drop,"Zidovudine 300mg, tablets, 60 Tabs",24.7,1680,12600.0,PMO - US,Mylan (formerly Matrix) Nashik,Zidovudine,7.5,11-03-09,SCMS-56310,FPQ-4265,10/20/09,ARV,108-VN-T30,22-Mar-10,Air,Adult,60,0.12,MYLAN LABORATORIES LTD (FORMERLY MATRIX LABORATORIES),EXW,389
84761,DN-2905,Generic,Nigeria,06-Nov-12,06-Nov-12,600mg,Tablet,Yes,15459.09,From RDC,"Efavirenz 600mg, tablets, 30 Tabs",617.26,120954,440272.56,PMO - US,"Aurobindo Unit III, India",Efavirenz,3.64,N/A - From RDC,SO-42686,FPQ-9968,5/23/12,ARV,151-NG-T30,06-Nov-12,Air,Adult,30,0.12,SCMS from RDC,N/A - From RDC,11369
8770,ASN-2936,Colloidal Gold,Ethiopia,01-Dec-08,01-Dec-08,MIssing,Test kit,Yes,22803.8,Direct Drop,"HIV 1/2, SKB Colloidal Gold, Diagnostic Kit, Antibody, 50 Tests",156.43,3470,79810.0,PMO - US,"KHB Test Kit Facility, Shanghai China","HIV 1/2, Colloidal Gold, Diagnostic Kit, Antibody",23.0,10/27/08,SCMS-32640,Pre-PQ Process,Pre-PQ Process,HRDT,117-ET-T01,03-Dec-08,Air,HIV test,1,23.0,"SHANGHAI KEHUA BIOENGINEERING CO.,LTD.  (KHB)",EXW,2509
84714,DN-2598,Generic,Tanzania,11-Apr-12,11-Apr-12,150/300mg,Tablet - FDC,No,See DN-2598 (ID#:82465),From RDC,"Lamivudine/Zidovudine 150/300mg, tablets, 60 Tabs",2050.43,150446,1242683.96,PMO - US,Hetero Unit III Hyderabad IN,Lamivudine/Zidovudine,8.26,N/A - From RDC,SO-40610,FPQ-8297,8/22/11,ARV,109-TZ-T30,04-May-12,Truck,Adult,60,0.14,SCMS from RDC,N/A - From RDC,See DN-2598 (ID#:82465)
83431,DN-1845,Generic,CÃte dIvoire,07-Jun-10,07-Jun-10,30mg,Capsule,Yes,2201.14,From RDC,"Stavudine 30mg, capsules, 60 Caps",6.08,2000,2820.0,PMO - US,"Strides, Bangalore, India.",Stavudine,1.41,N/A - From RDC,SO-36341,FPQ-5201,03-03-10,ARV,104-CI-T30,15-Jun-10,Air,Adult,60,0.02,SCMS from RDC,N/A - From RDC,98
81050,ASN-21881,Generic,Uganda,07-Nov-13,13-Nov-13,600mg,Tablet,Yes,12961.76,Direct Drop,"Efavirenz 600mg, tablets, 30 Tabs",251.17,63652,203049.88,PMO - US,"Strides, Bangalore, India.",Efavirenz,3.19,09-10-13,SCMS-198701,FPQ-12477,07-08-13,ARV,114-UG-T30,07-Nov-13,Ocean,Adult,30,0.11,STRIDES ARCOLAB LIMITED,EXW,3963
84863,DN-3357,Generic,Zambia,29-Nov-13,12-Dec-13,600/200/300mg,Tablet - FDC,Yes,Freight Included in Commodity Cost,From RDC,"Efavirenz/Emtricitabine/Tenofovir Disoproxil Fumarate 600/200/300mg, tablets, 30 Tabs",1007.32,66205,814321.5,PMO - US,Mylan (formerly Matrix) Nashik,Efavirenz/Emtricitabine/Tenofovir Disoproxil Fumarate,12.3,N/A - From RDC,SO-45930,FPQ-12497,6/20/13,ARV,100-ZM-T30,24-Nov-13,Truck,Adult,30,0.41,SCMS from RDC,N/A - From RDC,12121
83990,DN-1728,Generic,Nigeria,18-May-10,18-May-10,300/300mg,Tablet - FDC,Yes,9736.1,From RDC,"Lamivudine/Tenofovir Disoproxil Fumarate 300/300mg, tablets, 30 Tabs",865.59,40148,401480.0,PMO - US,Mylan (formerly Matrix) Nashik,Lamivudine/Tenofovir Disoproxil Fumarate,10.0,N/A - From RDC,SO-35080,FPQ-4537,11-06-09,ARV,151-NG-T30,19-Apr-10,Air Charter,Adult,30,0.33,SCMS from RDC,N/A - From RDC,3312
52636,ASN-24370,Generic,Haiti,09-May-14,12-May-14,10mg/ml,Oral suspension,Yes,2214.69,Direct Drop,"Nevirapine 10mg/ml, oral suspension w/syringe, Bottle, 240 ml",3.81,2040,3080.4,PMO - US,"Aurobindo Unit III, India",Nevirapine,1.51,10/24/13,SCMS-210470,FPQ-12590,8/21/13,ARV,106-HT-T30,09-May-14,Ocean,Pediatric,240,0.01,Aurobindo Pharma Limited,EXW,820
67526,ASN-33865,Generic,South Africa,24-Aug-15,24-Aug-15,300mg,Tablet,No,Freight Included in Commodity Cost,Direct Drop,"Zidovudine 300mg, tablets, 60 Tabs",0.28,14,270.58,PMO - US,"Aurobindo Unit III, India",Zidovudine,19.33,8/24/15,SCMS-295800,FPQ-14942,09-11-14,ARV,116-ZA-T30,24-Aug-15,Truck,Adult,60,0.32,PHARMACY DIRECT,DDP,Weight Captured Separately
22722,ASN-11002,Uni-Gold,Sudan,01-Jul-11,01-Jul-11,MIssing,Test kit,Yes,1626.67,Direct Drop,"HIV 1/2, Uni-Gold HIV Kit, 20 Tests",10.93,207,6624.0,PMO - US,"Trinity Biotech, Plc","HIV 1/2, Uni-Gold HIV Kit",32.0,05-02-11,SCMS-107780,FPQ-7321,3/29/11,HRDT,102-SD-T30,01-Jul-11,Air,HIV test,20,1.6,"Trinity Biotech, Plc",EXW,71
83332,DN-4229,Generic,Nigeria,15-Apr-15,20-Apr-15,150/300/200mg,Tablet - FDC,Yes,36027,From RDC,"Lamivudine/Nevirapine/Zidovudine 150/200/300mg, tablets, 60 Tabs",31.74,4000,30880.0,PMO - US,"Cipla, Goa, India",Lamivudine/Nevirapine/Zidovudine,7.72,N/A - From RDC,SO-49933,FPQ-14989,9/19/14,ARV,151-NG-T30,30-Jun-15,Air Charter,Adult,60,0.13,SCMS from RDC,N/A - From RDC,18750
81990,ASN-27976,Generic,South Africa,27-Aug-14,27-Aug-14,200/300mg,Tablet - FDC,No,Freight Included in Commodity Cost,Direct Drop,"Emtricitabine/Tenofovir Disoproxil Fumarate 200/300mg, tablets, 30 Tabs",0.67,16,539.58,PMO - US,"Aurobindo Unit III, India",Emtricitabine/Tenofovir Disoproxil Fumarate,33.72,8/27/14,SCMS-199283,FPQ-12522,07-11-13,ARV,116-ZA-T30,27-Aug-14,Truck,Adult,30,1.12,S. BUYS WHOLESALER,DDP,Weight Captured Separately
72546,ASN-23139,Aluvia,Vietnam,06-Jan-14,13-Jan-14,200/50mg,Tablet,Yes,Invoiced Separately,Direct Drop,"Lopinavir/Ritonavir 200/50mg [Aluvia], tablets, 120 Tabs",303.42,4033,245287.06,PMO - US,ABBVIE Ludwigshafen Germany,Lopinavir/Ritonavir,60.82,7/30/13,SCMS-199700,FPQ-12539,07-11-13,ARV,108-VN-T30,06-Jan-14,Air,Adult,120,0.51,ABBVIE LOGISTICS (FORMERLY ABBOTT LOGISTICS BV),FCA,Weight Captured Separately
84107,DN-2331,Generic,Haiti,24-Aug-11,24-Aug-11,600mg,Tablet,Yes,16881.16,From RDC,"Efavirenz 600mg, tablets, 30 Tabs",208.64,27975,126447.0,PMO - US,"Strides, Bangalore, India.",Efavirenz,4.52,N/A - From RDC,SO-38214,FPQ-6801,12/14/10,ARV,106-HT-T30,31-Aug-11,Air,Adult,30,0.15,SCMS from RDC,N/A - From RDC,1704
12527,DN-1013,Generic,Nigeria,20-Nov-08,20-Nov-08,1mg/ml,Oral solution,Yes,857.17,From RDC,"Stavudine 1mg/ml, powder for oral solution, 200 ml",0.1,36,50.4,PMO - US,"Aurobindo Unit III, India",Stavudine,1.4,N/A - From RDC,SO-11020,Pre-PQ Process,Pre-PQ Process,ARV,112-NG-T01,20-Nov-08,Air,Pediatric,200,0.01,SCMS from RDC,N/A - From RDC,4
54035,ASN-16343,Generic,Haiti,04-Oct-12,04-Oct-12,400mg,Delayed-release capsules,Yes,970.79,Direct Drop,"Didanosine 400mg, delayed-release capsules, 30 Caps",1.35,48,960.0,PMO - US,"Aurobindo Unit III, India",Didanosine,20.0,08-03-12,SCMS-147150,FPQ-9621,4/20/12,ARV,106-HT-T30,04-Oct-12,Air,Adult,30,0.67,Aurobindo Pharma Limited,EXW,4
85116,DN-1799,Generic,CÃte dIvoire,07-May-10,07-May-10,150mg,Tablet,No,See DN-1799 (ID#:84560),From RDC,"Lamivudine 150mg, tablets, 60 Tabs",31.56,6000,14640.0,PMO - US,Mylan (formerly Matrix) Nashik,Lamivudine,2.44,N/A - From RDC,SO-35560,FPQ-4659,12-08-09,ARV,104-CI-T30,10-May-10,Air,Adult,60,0.04,SCMS from RDC,N/A - From RDC,See DN-1799 (ID#:84560)
83318,DN-4160,Generic,Zimbabwe,17-Mar-15,19-Mar-15,30/60mg,Chewable/dispersible tablet - FDC,Yes,12867.46,From RDC,"Lamivudine/Zidovudine 30/60mg, dispersible tablets, 60 Tabs",24.22,12080,23556.0,PMO - US,"Mylan,  H-12 & H-13, India",Lamivudine/Zidovudine,1.95,N/A - From RDC,SO-48430,FPQ-13967,04-02-14,ARV,103-ZW-T30,31-Mar-15,Truck,Pediatric,60,0.03,SCMS from RDC,N/A - From RDC,10314
85921,DN-2970,Generic,CÃte dIvoire,25-Jan-12,25-Jan-13,150/300/200mg,Tablet - FDC,No,See DN-2970 (ID#:83644),From RDC,"Lamivudine/Nevirapine/Zidovudine 150/200/300mg, tablets, 60 Tabs",545.63,40455,389177.1,PMO - US,Hetero Unit III Hyderabad IN,Lamivudine/Nevirapine/Zidovudine,9.62,N/A - From RDC,SO-42370,FPQ-9749,4/19/12,ARV,104-CI-T30,31-Jan-13,Truck,Adult,60,0.16,SCMS from RDC,N/A - From RDC,See DN-2970 (ID#:83644)
22079,ASN-9484,Generic,South Africa,04-Mar-11,04-Mar-11,600mg,Tablet,Yes,15331.49,Direct Drop,"Efavirenz 600mg, tablets, 30 Tabs",624.75,63967,289770.51,PMO - US,"Aurobindo Unit III, India",Efavirenz,4.53,9/24/10,SCMS-83820,FPQ-6262,8/31/10,ARV,161-ZA-T30,10-Mar-11,Ocean,Adult,30,0.15,Aurobindo Pharma Limited,DDP,5491
36661,ASN-24415,Generic,South Africa,06-Feb-14,06-Feb-14,20mg/ml,Oral solution,No,Freight Included in Commodity Cost,Direct Drop,"Abacavir 20mg/ml, oral solution w/syringe, Bottle, 240 ml",6.31,210,5097.32,PMO - US,"Aurobindo Unit III, India",Abacavir,24.27,12-02-13,SCMS-215370,FPQ-13035,10-08-13,ARV,116-ZA-T30,06-Feb-14,Truck,Pediatric,240,0.1,S. BUYS WHOLESALER,DDP,Weight Captured Separately
60168,ASN-7868,Generic,South Africa,03-Sep-10,03-Sep-10,300mg,Tablet,Yes,5298.03,Direct Drop,"Tenofovir Disoproxil Fumarate 300mg, tablets, 30 Tabs",1092.03,64771,506509.22,PMO - US,"Cipla, Goa, India",Tenofovir Disoproxil Fumarate,7.82,3/19/10,SCMS-68740,FPQ-5303,3/18/10,ARV,161-ZA-T30,01-Sep-10,Air,Adult,30,0.26,CIPLA LIMITED,DDP,4398
34769,ASN-31704,Stat-Pak,Uganda,28-Apr-15,28-Apr-15,MIssing,Test kit,Yes,13456.05,Direct Drop,"HIV 1/2, Stat-Pak HIV, Kit, 20 Tests",226.22,6200,192200.0,PMO - US,Chembio Diagnostics Sys. Inc.,"HIV 1/2, Stat-Pak HIV, Kit",31.0,12-04-14,SCMS-264730,FPQ-15314,11-11-14,HRDT,114-UG-T30,28-Apr-15,Air,HIV test,20,1.55,"CHEMBIO DIAGNOSTIC SYSTEMS, INC.",EXW,2328
3040,ASN-1576,Determine,Zambia,05-May-08,05-May-08,MIssing,Test kit,Yes,4113.16,Direct Drop,"HIV 1/2, Determine HIV Kit, without Lancets, 100 Tests",230.37,2000,143980.0,PMO - US,Inverness Japan,"HIV 1/2, Determine HIV Kit, without Lancets",71.99,2/25/08,SCMS-18070,Pre-PQ Process,Pre-PQ Process,HRDT,110-ZM-T01,22-Apr-08,Air,HIV test,100,0.72,"Orgenics, Ltd",EXW,455
47388,ASN-16560,Generic,Haiti,20-Dec-12,20-Dec-12,150/300mg,Tablet - FDC,No,See ASN-16560 (ID#:29734),Direct Drop,"Lamivudine/Zidovudine 150/300mg, tablets, 60 Tabs",404.13,37680,288252.0,PMO - US,"Aurobindo Unit III, India",Lamivudine/Zidovudine,7.65,07-03-12,SCMS-148360,FPQ-9636,5/14/12,ARV,106-HT-T30,20-Dec-12,Ocean,Adult,60,0.13,Aurobindo Pharma Limited,EXW,See ASN-16560 (ID#:29734)
51999,ASN-11820,Determine,Guyana,06-Sep-11,06-Sep-11,MIssing,Test kit,Yes,11941.94,Direct Drop,"HIV 1/2, Determine Complete HIV Kit, 100 Tests",150.98,915,91500.0,PMO - US,Inverness Japan,"HIV 1/2, Determine Complete HIV Kit",100.0,7/20/11,SCMS-115830,FPQ-8053,7/13/11,HRDT,102-GY-T30,06-Sep-11,Air,HIV test,100,1.0,"Orgenics, Ltd",EXW,439
61614,ASN-11677,Generic,South Africa,11-Oct-11,11-Oct-11,600mg,Tablet,Yes,14439.19,Direct Drop,"Efavirenz 600mg, tablets, 30 Tabs",435.25,58489,263785.39,PMO - US,"Aurobindo Unit III, India",Efavirenz,4.51,3/24/11,SCMS-103440,FPQ-7175,03-10-11,ARV,161-ZA-T30,04-Oct-11,Ocean,Adult,30,0.15,Aurobindo Pharma Limited,DDP,4972
85978,DN-3231,Generic,Zimbabwe,06-Aug-13,06-Aug-13,300/300mg,Tablet - FDC,No,See DN-3231 (ID#:84831),From RDC,"Lamivudine/Tenofovir Disoproxil Fumarate 300/300mg, tablets, 30 Tabs",764.64,131520,618144.0,PMO - US,"Aurobindo Unit VII, IN",Lamivudine/Tenofovir Disoproxil Fumarate,4.7,N/A - From RDC,SO-44340,FPQ-11545,1/24/13,ARV,113-ZW-T30,31-Jul-13,Truck,Adult,30,0.16,SCMS from RDC,N/A - From RDC,See DN-3231 (ID#:84831)
47837,ASN-4656,Generic,Rwanda,10-Aug-09,10-Aug-09,200mg,Tablet,Yes,3054.13,Direct Drop,"Nevirapine 200mg, tablets, 60 Tabs",56.32,9300,28737.0,PMO - US,Hetero Unit III Hyderabad IN,Nevirapine,3.09,7/16/09,SCMS-48850,FPQ-3859,6/30/09,ARV,107-RW-T30,10-Aug-09,Air,Adult,60,0.05,HETERO LABS LIMITED,CIP,550
83651,DN-3001,Generic,Uganda,20-Feb-13,20-Feb-13,600mg,Tablet,Yes,28382.05,From RDC,"Efavirenz 600mg, tablets, 30 Tabs",109.94,24966,88878.96,PMO - US,"Strides, Bangalore, India.",Efavirenz,3.56,N/A - From RDC,SO-43961,FPQ-11143,12/13/12,ARV,114-UG-T30,22-Feb-13,Air,Adult,30,0.12,SCMS from RDC,N/A - From RDC,5391
84358,DN-3641,Generic,Rwanda,06-May-14,20-Jun-14,150/300/200mg,Tablet - FDC,Yes,5445.73,From RDC,"Lamivudine/Nevirapine/Zidovudine 150/200/300mg, tablets, 60 Tabs",159.13,15862,128640.82,PMO - US,"Aurobindo Unit III, India",Lamivudine/Nevirapine/Zidovudine,8.11,N/A - From RDC,SO-46486,FPQ-12766,08-02-13,ARV,107-RW-T30,05-May-14,Truck,Adult,60,0.14,SCMS from RDC,N/A - From RDC,1851
12479,DN-717,Generic,Nigeria,18-Apr-08,18-Apr-08,600mg,Tablet,No,See DN-717 (ID#:11858),From RDC,"Efavirenz 600mg, tablets, 30 Tabs",59.13,3077,36954.77,PMO - US,"Aurobindo Unit III, India",Efavirenz,12.01,N/A - From RDC,SO-2351,Pre-PQ Process,Pre-PQ Process,ARV,112-NG-T01,18-Apr-08,Air,Adult,30,0.4,SCMS from RDC,N/A - From RDC,See DN-717 (ID#:11858)
41304,ASN-31449,Generic,Zimbabwe,22-Apr-15,23-Apr-15,100/25mg,Tablet,Yes,34670.93,Direct Drop,"Lopinavir/Ritonavir 100/25mg [Aluvia], tablets, 60 Tabs",139.28,19922,118336.68,PMO - US,ABBVIE Ludwigshafen Germany,Lopinavir/Ritonavir,5.94,10/30/14,SCMS-261580,FPQ-15220,10/27/14,ARV,103-ZW-T30,22-Apr-15,Air,Pediatric,60,0.1,ABBVIE LOGISTICS (FORMERLY ABBOTT LOGISTICS BV),FCA,3991
11910,DN-888,Generic,Nigeria,31-Aug-08,31-Aug-08,150/300mg,Tablet - FDC,Yes,1151.48,From RDC,"Lamivudine/Zidovudine 150/300mg, tablets, 60 Tabs",14.97,1001,9359.35,PMO - US,Mylan (formerly Matrix) Nashik,Lamivudine/Zidovudine,9.35,N/A - From RDC,SO-2727,Pre-PQ Process,Pre-PQ Process,ARV,112-NG-T01,31-Aug-08,Air,Adult,60,0.16,SCMS from RDC,N/A - From RDC,82
82667,DN-3636,Generic,Guyana,23-Apr-14,11-Jun-14,300mg,Tablet,Yes,660.43,From RDC,"Abacavir 300mg, tablets, 60 Tabs",0.57,49,550.27,PMO - US,"Aurobindo Unit III, India",Abacavir,11.23,N/A - From RDC,SO-47720,FPQ-13567,1/16/14,ARV,105-GY-T30,30-Apr-14,Air,Adult,60,0.19,SCMS from RDC,N/A - From RDC,5
12091,DN-304,Invirase,Mozambique,21-Sep-07,21-Sep-07,200mg,Capsule,No,See DN-304 (ID#:10589),From RDC,"Saquinavir 200mg [Invirase], capsules, 270 Caps",63.6,521,39747.09,PMO - US,Roche Basel,Saquinavir,76.29,N/A - From RDC,SO-298,Pre-PQ Process,Pre-PQ Process,ARV,111-MZ-T01,21-Sep-07,Air,Adult,270,0.28,SCMS from RDC,N/A - From RDC,See DN-304 (ID#:10589)
85222,DN-2496,Generic,"Congo, DRC",14-Feb-12,14-Feb-12,300mg,Tablet,No,See DN-2496 (ID#:82434),From RDC,"Abacavir 300mg, tablets, 60 Tabs",0.35,17,248.71,PMO - US,Mylan (formerly Matrix) Nashik,Abacavir,14.63,N/A - From RDC,SO-41134,FPQ-8840,11/21/11,ARV,101-CD-T30,16-Mar-12,Air,Adult,60,0.24,SCMS from RDC,N/A - From RDC,See DN-2496 (ID#:82434)
2441,ASN-3904,Videx EC,Uganda,04-May-09,04-May-09,250mg,Delayed-release capsules - blister,Yes,428.91,Direct Drop,"Didanosine EC 250mg [Videx EC], delayed-release capsules, Blister 3 x 10 Caps",2.16,60,1100.4,PMO - US,"BMS Meymac, France",Didanosine EC,18.34,3/19/09,SCMS-41240,Pre-PQ Process,Pre-PQ Process,ARV,114-UG-T01,04-May-09,Air,Adult,30,0.61,BRISTOL-MYERS SQUIBB,CIP,3000
50755,ASN-18919,Generic,Haiti,07-Aug-13,07-Aug-13,300mg,Tablet,No,See ASN-18919 (ID#:14578),Direct Drop,"Abacavir 300mg, tablets, 60 Tabs",30.73,2160,24840.0,PMO - US,"Aurobindo Unit III, India",Abacavir,11.5,03-11-13,SCMS-177180,FPQ-11442,1/30/13,ARV,106-HT-T30,07-Aug-13,Ocean,Adult,60,0.19,Aurobindo Pharma Limited,EXW,See ASN-18919 (ID#:14578)
41146,ASN-4729,Bioline,Zimbabwe,01-Sep-09,01-Sep-09,MIssing,Test kit,Yes,4756.06,Direct Drop,"HIV 1/2, Bioline 3.0 Kit, Lancets, Capillary pipets, Alcohol swabs included, 25 Tests",78.4,2000,40000.0,PMO - US,"Standard Diagnostics, Korea","HIV 1/2, Bioline 3.0 Kit, Lancets, Capillary pipets, Alcohol swabs included",20.0,7/21/09,SCMS-49710,FPQ-3998,7/14/09,HRDT,113-ZW-T30,01-Sep-09,Air,HIV test,25,0.8,"Standard Diagnostics, Inc.",EXW,624
84746,DN-2815,Generic,Uganda,30-Oct-12,30-Oct-12,150/300mg,Tablet - FDC,Yes,3293.34,From RDC,"Lamivudine/Zidovudine 150/300mg, tablets, 60 Tabs",55.78,5154,39788.88,PMO - US,Hetero Unit III Hyderabad IN,Lamivudine/Zidovudine,7.72,N/A - From RDC,SO-41594,FPQ-9355,2/20/12,ARV,114-UG-T30,30-Oct-12,Truck,Adult,60,0.13,SCMS from RDC,N/A - From RDC,429
79885,ASN-27582,Generic,Zimbabwe,17-Sep-14,19-Sep-14,300/300mg,Tablet - FDC,Yes,25467.64,Direct Drop,"Lamivudine/Tenofovir Disoproxil Fumarate 300/300mg, tablets, 30 Tabs",128.48,27053,124984.86,PMO - US,Hetero Unit III Hyderabad IN,Lamivudine/Tenofovir Disoproxil Fumarate,4.62,5/27/14,SCMS-240570,FPQ-13939,04-01-14,ARV,113-ZW-T30,17-Sep-14,Air Charter,Adult,30,0.15,HETERO LABS LIMITED,EXW,4598
10671,DN-597,Determine,Mozambique,29-Feb-08,29-Feb-08,MIssing,Test kit,Yes,519.71,From RDC,"HIV 1/2, Determine HIV Kit, without Lancets, 100 Tests",495.29,4300,309557.0,PMO - US,Inverness Japan,"HIV 1/2, Determine HIV Kit, without Lancets",71.99,N/A - From RDC,SO-1063,Pre-PQ Process,Pre-PQ Process,HRDT,111-MZ-T01,29-Feb-08,Air,HIV test,100,0.72,SCMS from RDC,N/A - From RDC,1017
10720,DN-886,Generic,Nigeria,31-Aug-08,31-Aug-08,150/300mg,Tablet - FDC,Yes,23070.58,From RDC,"Lamivudine/Zidovudine 150/300mg, tablets, 60 Tabs",673.2,45000,420750.0,PMO - US,Mylan (formerly Matrix) Nashik,Lamivudine/Zidovudine,9.35,N/A - From RDC,SO-10810,Pre-PQ Process,Pre-PQ Process,ARV,126-NG-T01,31-Aug-08,Air,Adult,60,0.16,SCMS from RDC,N/A - From RDC,3657
85878,DN-2751,Generic,CÃte dIvoire,31-Jul-12,31-Jul-12,150/300mg,Tablet - FDC,Yes,11592.26,From RDC,"Lamivudine/Zidovudine 150/300mg, tablets, 60 Tabs",487.05,45000,347400.0,PMO - US,"Aurobindo Unit III, India",Lamivudine/Zidovudine,7.72,N/A - From RDC,SO-41180,FPQ-8790,11-11-11,ARV,104-CI-T30,31-Jul-12,Air,Adult,60,0.13,SCMS from RDC,N/A - From RDC,4050
67195,ASN-26388,Kaletra,Guyana,11-Aug-14,12-Aug-14,80/20mg/ml,Oral solution,Yes,828.23,Direct Drop,"Lopinavir/Ritonavir 80/20mg/ml [Kaletra], oral solution, cool, Bottle 5 x 60 ml",1.06,17,1033.94,PMO - US,ABBVIE (Abbott) Logis. UK,Lopinavir/Ritonavir,60.82,4/28/14,SCMS-235750,FPQ-14048,04-09-14,ARV,105-GY-T30,11-Aug-14,Air,Pediatric,300,0.2,ABBVIE LOGISTICS (FORMERLY ABBOTT LOGISTICS BV),FCA,50
84968,DN-3867,Generic,Tanzania,29-Sep-14,06-Oct-14,30/50/60mg,Chewable/dispersible tablet - FDC,Yes,19379.94,From RDC,"Lamivudine/Nevirapine/Zidovudine 30/50/60mg, dispersible tablets, 60 Tabs",92.28,20000,74600.0,PMO - US,Mylan (formerly Matrix) Nashik,Lamivudine/Nevirapine/Zidovudine,3.73,N/A - From RDC,SO-46674,FPQ-13042,10-01-13,ARV,109-TZ-T30,29-Aug-14,Truck,Pediatric,60,0.06,SCMS from RDC,N/A - From RDC,3431
11352,DN-1411,Generic,Zimbabwe,22-Sep-09,22-Sep-09,600mg,Tablet,Yes,14958.2,From RDC,"Efavirenz 600mg, tablets, 30 Tabs",83.26,4000,42480.0,PMO - US,"Aurobindo Unit III, India",Efavirenz,10.62,N/A - From RDC,SO-21020,Pre-PQ Process,Date Not Captured,ARV,113-ZW-T01,22-Sep-09,Truck,Adult,30,0.35,SCMS from RDC,N/A - From RDC,9020
84427,DN-4012,Generic,Rwanda,14-Jan-15,19-Jan-15,200mg,Tablet,No,See DN-4012 (ID#:82755),From RDC,"Nevirapine 200mg, tablets, 60 Tabs",49.39,21739,48043.19,PMO - US,"Aurobindo Unit III, India",Nevirapine,2.21,N/A - From RDC,SO-48790,FPQ-14111,4/22/14,ARV,107-RW-T30,16-Feb-15,Truck,Adult,60,0.04,SCMS from RDC,N/A - From RDC,See DN-4012 (ID#:82755)
82919,DN-2019,Generic,Zimbabwe,04-Oct-10,04-Oct-10,150/30mg,Tablet - FDC,Yes,16594.87,From RDC,"Lamivudine/Stavudine 150/30mg, tablets, 60 Tabs",41.72,5900,19352.0,PMO - US,"Cipla, Goa, India",Lamivudine/Stavudine,3.28,N/A - From RDC,SO-35380,FPQ-4694,12-08-09,ARV,113-ZW-T30,30-Sep-10,Truck,Adult,60,0.05,SCMS from RDC,N/A - From RDC,18105
86569,DN-3141,Generic,Nigeria,03-May-13,03-May-13,200mg,Tablet,Yes,14547.55,From RDC,"Efavirenz 200mg, scored tablets, 90 Tabs",7.66,848,6190.4,PMO - US,"Strides, Bangalore, India.",Efavirenz,7.3,N/A - From RDC,SO-43846,FPQ-11022,11/15/12,ARV,151-NG-T30,21-May-13,Air Charter,Pediatric,90,0.08,SCMS from RDC,N/A - From RDC,73
85304,DN-2850,Generic,Rwanda,10-Oct-12,10-Oct-12,600mg,Tablet,Yes,16603.9,From RDC,"Efavirenz 600mg, tablets, 30 Tabs",276.28,50400,197064.0,PMO - US,"Strides, Bangalore, India.",Efavirenz,3.91,N/A - From RDC,SO-42720,FPQ-10119,6/18/12,ARV,107-RW-T30,28-Sep-12,Air,Adult,30,0.13,SCMS from RDC,N/A - From RDC,3090
12580,DN-1234,Generic,CÃte dIvoire,11-Jun-09,11-Jun-09,15mg,Capsule,No,See DN-1234 (ID#:11970),From RDC,"Stavudine 15mg, capsules, 60 Caps",1.65,560,840.0,PMO - US,"Aurobindo Unit III, India",Stavudine,1.5,N/A - From RDC,SO-27520,Pre-PQ Process,Pre-PQ Process,ARV,104-CI-T01,11-Jun-09,Air,Adult,60,0.02,SCMS from RDC,N/A - From RDC,See DN-1234 (ID#:11970)
85960,DN-3125,Generic,South Sudan,24-Apr-13,24-Apr-13,200/50mg,Tablet,No,See DN-3125 (ID#:82571),From RDC,"Lopinavir/Ritonavir 200/50mg, tablets, 120 Tabs",15.53,507,12553.32,PMO - US,"Aurobindo Unit III, India",Lopinavir/Ritonavir,24.76,N/A - From RDC,SO-44630,FPQ-11489,1/16/13,ARV,103-SS-T30,30-Apr-13,Air,Adult,120,0.21,SCMS from RDC,N/A - From RDC,See DN-3125 (ID#:82571)
84648,DN-2205,Generic,Zimbabwe,15-Jun-11,15-Jun-11,300/300mg,Tablet - FDC,No,See DN-2205 (ID#:82950),From RDC,"Lamivudine/Tenofovir Disoproxil Fumarate 300/300mg, tablets, 30 Tabs",188.18,10114,87283.82,PMO - US,Mylan (formerly Matrix) Nashik,Lamivudine/Tenofovir Disoproxil Fumarate,8.63,N/A - From RDC,SO-39510,FPQ-6470,10/13/10,ARV,113-ZW-T30,31-May-11,Truck,Adult,30,0.29,SCMS from RDC,N/A - From RDC,See DN-2205 (ID#:82950)
84223,DN-3017,Generic,"Congo, DRC",08-Aug-13,08-Aug-13,30/60mg,Tablet - FDC,No,See DN-3017 (ID#:83108),From RDC,"Lamivudine/Zidovudine 30/60mg, tablets, 60 Tabs",3.62,1296,2928.96,PMO - US,"Aurobindo Unit III, India",Lamivudine/Zidovudine,2.26,N/A - From RDC,SO-43750,FPQ-11096,11/20/12,ARV,101-CD-T30,18-Mar-13,Air,Pediatric,60,0.04,SCMS from RDC,N/A - From RDC,See DN-3017 (ID#:83108)
1957,ASN-2873,Generic,Vietnam,03-Dec-08,03-Dec-08,150/200/30mg,Tablet - FDC,Yes,2335.19,Direct Drop,"Lamivudine/Nevirapine/Stavudine 150/200/30mg, tablets, 60 Tabs",51.84,3648,26448.0,PMO - US,"Cipla, Goa, India",Lamivudine/Nevirapine/Stavudine,7.25,7/24/08,SCMS-27380,Pre-PQ Process,Pre-PQ Process,ARV,108-VN-T01,03-Dec-08,Air,Adult,60,0.12,CIPLA LIMITED,EXW,323
83519,DN-2299,Generic,Zambia,15-Aug-11,15-Aug-11,600/200/300mg,Tablet - FDC,No,See DN-2299 (ID#:82966),From RDC,"Efavirenz/Emtricitabine/Tenofovir Disoproxil Fumarate 600/200/300mg, tablets, 30 Tabs",1972.08,60000,1195200.0,PMO - US,Mylan (formerly Matrix) Nashik,Efavirenz/Emtricitabine/Tenofovir Disoproxil Fumarate,19.92,N/A - From RDC,SO-38720,FPQ-7085,02-03-11,ARV,110-ZM-T30,01-Sep-11,Truck,Adult,30,0.66,SCMS from RDC,N/A - From RDC,See DN-2299 (ID#:82966)
46653,ASN-5056,Epivir,South Africa,24-Aug-09,24-Aug-09,10mg/ml,Oral solution,Yes,Freight Included in Commodity Cost,Direct Drop,"Lamivudine 10mg/ml [Epivir], oral solution, Bottle, 240 ml",4,300,2040.28,PMO - US,GSK Mississauga (Canada),Lamivudine,6.8,08-07-09,SCMS-51250,FPQ-4054,7/29/09,ARV,116-ZA-T30,24-Aug-09,Truck,Pediatric,240,0.03,S. BUYS WHOLESALER,DDP,Weight Captured Separately
11274,DN-1028,Generic,Zambia,08-Dec-08,08-Dec-08,300mg,Tablet,Yes,1062.5,From RDC,"Zidovudine 300mg, tablets, 60 Tabs",20.67,1294,10546.1,PMO - US,"Aurobindo Unit III, India",Zidovudine,8.15,N/A - From RDC,SO-19410,Pre-PQ Process,Pre-PQ Process,ARV,110-ZM-T01,08-Dec-08,Truck,Adult,60,0.14,SCMS from RDC,N/A - From RDC,76
28888,ASN-24573,ImmunoComb,Mali,25-Mar-14,28-Mar-14,MIssing,Test kit,Yes,1148.65,Direct Drop,"HIV 1/2, ImmunoComb II BiSpot EIA Kit, 36 Tests",5.07,58,4930.0,PMO - US,"Alere Medical Co., Ltd.","HIV 1/2, ImmunoComb II BiSpot EIA Kit",85.0,1/22/14,SCMS-221931,FPQ-13391,12/16/13,HRDT,102-ML-T30,25-Mar-14,Air,HIV test,36,2.36,"Orgenics, Ltd",EXW,23
5534,ASN-1230,Generic,Vietnam,01-Feb-08,01-Feb-08,15mg,Capsule,No,See ASN-1230 (ID#:1530),Direct Drop,"Stavudine 15mg, capsules, 60 Caps",1.44,600,900.0,PMO - US,"Aurobindo Unit III, India",Stavudine,1.5,12-05-07,SCMS-14760,Pre-PQ Process,Pre-PQ Process,ARV,108-VN-T01,01-Feb-08,Air,Adult,60,0.02,Aurobindo Pharma Limited,EXW,See ASN-1230 (ID#:1530)
12839,DN-907,Norvir,Ethiopia,16-Sep-08,16-Sep-08,100mg,Capsule,Yes,505,From RDC,"Ritonavir 100mg [Norvir], capsules, cool, 4 x 84 Caps",0.86,14,537.04,PMO - US,ABBVIE (Abbott) Logis. UK,Ritonavir,38.36,N/A - From RDC,SO-14230,Pre-PQ Process,Pre-PQ Process,ARV,117-ET-T01,16-Sep-08,Truck,Adult,336,0.11,SCMS from RDC,N/A - From RDC,25
86327,DN-1983,Generic,CÃte dIvoire,23-Aug-10,23-Aug-10,15mg,Capsule,No,See DN-1983 (ID#:82347),From RDC,"Stavudine 15mg, capsules, 60 Caps",2.79,864,1296.0,PMO - US,"Aurobindo Unit III, India",Stavudine,1.5,N/A - From RDC,SO-37141,FPQ-5925,6/23/10,ARV,104-CI-T30,31-Aug-10,Air,Adult,60,0.02,SCMS from RDC,N/A - From RDC,See DN-1983 (ID#:82347)
12416,DN-379,Generic,CÃte dIvoire,15-Oct-07,15-Oct-07,300mg,Tablet,No,See DN-379 (ID#:10890),From RDC,"Zidovudine 300mg, tablets, 60 Tabs",75.55,5794,47221.1,PMO - US,"Ranbaxy, Paonta Shahib, India",Zidovudine,8.15,N/A - From RDC,SO-964,Pre-PQ Process,Pre-PQ Process,ARV,104-CI-T01,15-Oct-07,Air,Adult,60,0.14,SCMS from RDC,N/A - From RDC,See DN-379 (ID#:10890)
52524,ASN-27976,Generic,South Africa,27-Aug-14,27-Aug-14,400mg,Delayed-release capsules,No,Freight Included in Commodity Cost,Direct Drop,"Didanosine 400mg, delayed-release capsules, 30 Caps",0.62,23,502.94,PMO - US,"Aurobindo Unit III, India",Didanosine,21.87,8/27/14,SCMS-199283,FPQ-12522,07-11-13,ARV,116-ZA-T30,27-Aug-14,Truck,Adult,30,0.73,S. BUYS WHOLESALER,DDP,Weight Captured Separately
78301,ASN-27980,Generic,South Africa,27-Aug-14,27-Aug-14,400mg,Delayed-release capsules,No,Freight Included in Commodity Cost,Direct Drop,"Didanosine 400mg, delayed-release capsules, 30 Caps",0.19,7,153.07,PMO - US,"Aurobindo Unit III, India",Didanosine,21.87,8/27/14,SCMS-199283,FPQ-12522,07-11-13,ARV,116-ZA-T30,27-Aug-14,Truck,Adult,30,0.73,S. BUYS WHOLESALER,DDP,Weight Captured Separately
34459,ASN-16137,Generic,Vietnam,28-Sep-12,28-Sep-12,150/300mg,Tablet - FDC,Yes,1587.92,Direct Drop,"Lamivudine/Zidovudine 150/300mg, tablets, 60 Tabs",83.23,7760,59364.0,PMO - US,Hetero Unit III Hyderabad IN,Lamivudine/Zidovudine,7.65,06-08-12,SCMS-149030,FPQ-9576,04-11-12,ARV,108-VN-T30,28-Sep-12,Air,Adult,60,0.13,HETERO LABS LIMITED,EXW,675
85264,DN-2679,Generic,Zambia,18-Jun-12,18-Jun-12,300mg,Tablet,Yes,4496.13,From RDC,"Abacavir 300mg, tablets, 60 Tabs",137.39,7452,97993.8,PMO - US,"Aurobindo Unit III, India",Abacavir,13.15,N/A - From RDC,SO-41120,FPQ-8759,11-06-11,ARV,110-ZM-T30,15-Jun-12,Truck,Adult,60,0.22,SCMS from RDC,N/A - From RDC,737
12100,DN-361,Uni-Gold,Rwanda,16-Oct-07,16-Oct-07,MIssing,Test kit,Yes,7670.04,From RDC,"HIV 1/2, Uni-Gold HIV Kit, 20 Tests",96.41,1883,60256.0,PMO - US,"Trinity Biotech, Plc","HIV 1/2, Uni-Gold HIV Kit",32.0,N/A - From RDC,SO-833,Pre-PQ Process,Pre-PQ Process,HRDT,107-RW-T01,16-Oct-07,Air,HIV test,20,1.6,SCMS from RDC,N/A - From RDC,627
36083,ASN-27538,Multispot,Uganda,22-Aug-14,27-Aug-14,MIssing,Test kit,Yes,1305.28,Direct Drop,"HIV, Multispot HIV-1/HIV-2 Rapid Test Kit, 50 Tests",57.48,45,55913.85,PMO - US,Bio-Rad Laboratories,"HIV, Multispot HIV-1/HIV-2 Rapid Test Kit",1242.53,04-10-14,SCMS-226131,FPQ-13655,02-04-14,HRDT,114-UG-T30,22-Aug-14,Air,HIV test,50,24.85,BIO-RAD LABORATORIES (FRANCE),EXW,68
12312,DN-1399,Generic,Uganda,28-Aug-09,28-Aug-09,150/300/200mg,Tablet - FDC,No,See DN-1399 (ID#:12311),From RDC,"Lamivudine/Nevirapine/Zidovudine 150/200/300mg, tablets, 60 Tabs",756.36,34000,385900.0,PMO - US,"Aurobindo Unit III, India",Lamivudine/Nevirapine/Zidovudine,11.35,N/A - From RDC,SO-32950,Pre-PQ Process,Date Not Captured,ARV,114-UG-T01,28-Aug-09,Air,Adult,60,0.19,SCMS from RDC,N/A - From RDC,See DN-1399 (ID#:12311)
85999,DN-3322,Generic,Nigeria,12-Sep-13,12-Sep-13,600mg,Tablet,Yes,34218.36,From RDC,"Efavirenz 600mg, tablets, 30 Tabs",36.73,8917,29693.61,PMO - US,"Aurobindo Unit III, India",Efavirenz,3.33,N/A - From RDC,SO-44921,FPQ-11864,3/14/13,ARV,151-NG-T30,20-Sep-13,Air Charter,Adult,30,0.11,SCMS from RDC,N/A - From RDC,857
44516,ASN-19140,Determine,CÃte dIvoire,26-Apr-13,26-Apr-13,MIssing,Test kit,Yes,16661.34,Direct Drop,"HIV 1/2, Determine Complete HIV Kit, 100 Tests",208.21,2104,168320.0,PMO - US,"Alere Medical Co., Ltd.","HIV 1/2, Determine Complete HIV Kit",80.0,1/15/13,SCMS-173130,FPQ-11294,12/14/12,HRDT,104-CI-T30,26-Apr-13,Air,HIV test,100,0.8,"Orgenics, Ltd",EXW,917
16921,ASN-6355,Generic,Vietnam,29-Mar-10,29-Mar-10,600mg,Tablet,No,See ASN-6355 (ID#:16828),Direct Drop,"Efavirenz 600mg, tablets, 30 Tabs",112.22,11592,52048.08,PMO - US,Mylan (formerly Matrix) Nashik,Efavirenz,4.49,01-12-10,SCMS-62460,FPQ-4720,01-04-09,ARV,108-VN-T30,29-Mar-10,Air,Adult,30,0.15,MYLAN LABORATORIES LTD (FORMERLY MATRIX LABORATORIES),EXW,See ASN-6355 (ID#:16828)
9054,ASN-4386,Epivir,South Africa,21-Apr-09,21-Apr-09,150mg,Tablet,No,Freight Included in Commodity Cost,Direct Drop,"Lamivudine 150mg [Epivir], tablets, 60 Tabs",31.52,3000,16080.0,PMO - US,GSK Cape Town Factory (South Africa),Lamivudine,5.36,3/27/09,SCMS-41585,Pre-PQ Process,Pre-PQ Process,ARV,116-ZA-T01,25-Jun-09,Air,Adult,60,0.09,S. BUYS WHOLESALER,DDP,Weight Captured Separately
83544,DN-2395,Generic,Nigeria,13-Oct-11,13-Oct-11,150/300/200mg,Tablet - FDC,No,See DN-2395 (ID#:82415),From RDC,"Lamivudine/Nevirapine/Zidovudine 150/200/300mg, tablets, 60 Tabs",1755.92,94848,1064194.56,PMO - US,Mylan (formerly Matrix) Nashik,Lamivudine/Nevirapine/Zidovudine,11.22,N/A - From RDC,SO-40723,FPQ-7812,06-06-11,ARV,151-NG-T30,05-Dec-11,Air Charter,Adult,60,0.19,SCMS from RDC,N/A - From RDC,See DN-2395 (ID#:82415)
51587,ASN-7078,Generic,South Africa,09-Jun-10,09-Jun-10,200mg,Tablet,Yes,6369.79,Direct Drop,"Nevirapine 200mg, tablets, 60 Tabs",140.84,22372,65326.24,PMO - US,"Aurobindo Unit III, India",Nevirapine,2.92,3/19/10,SCMS-68950,FPQ-5303,3/18/10,ARV,161-ZA-T30,09-Jun-10,Air,Adult,60,0.05,Aurobindo Pharma Limited,DDP,2655
15596,ASN-13965,Determine,Zimbabwe,20-Mar-12,20-Mar-12,MIssing,Test kit,Yes,20082.38,Direct Drop,"HIV 1/2, Determine Complete HIV Kit, 100 Tests",309.14,2342,187360.0,PMO - US,Inverness Japan,"HIV 1/2, Determine Complete HIV Kit",80.0,05-05-11,SCMS-108020,FPQ-7521,04-07-11,HRDT,113-ZW-T30,20-Mar-12,Air,HIV test,100,0.8,"Orgenics, Ltd",EXW,1113
85179,DN-2121,Generic,Uganda,22-Mar-11,22-Mar-11,150/300mg,Tablet - FDC,No,See DN-2121 (ID#:82370),From RDC,"Lamivudine/Zidovudine 150/300mg, tablets, 60 Tabs",113.28,6361,52541.86,PMO - US,Hetero Unit III Hyderabad IN,Lamivudine/Zidovudine,8.26,N/A - From RDC,SO-37560,FPQ-6427,9/29/10,ARV,114-UG-T30,28-Feb-11,Truck,Adult,60,0.14,SCMS from RDC,N/A - From RDC,See DN-2121 (ID#:82370)
74786,ASN-14091,Determine,CÃte dIvoire,27-Mar-12,27-Mar-12,MIssing,Test kit,Yes,19368.23,Direct Drop,"HIV 1/2, Determine Complete HIV Kit, 100 Tests",232.17,2070,165600.0,PMO - US,"Alere Medical Co., Ltd.","HIV 1/2, Determine Complete HIV Kit",80.0,1/17/12,SCMS-131890,FPQ-8929,12-08-11,HRDT,104-CI-T30,27-Mar-12,Air,HIV test,100,0.8,"Orgenics, Ltd",EXW,988
81698,ASN-6268,Generic,Vietnam,15-Mar-10,15-Mar-10,150/300/200mg,Tablet - FDC,Yes,13479.25,Direct Drop,"Lamivudine/Nevirapine/Zidovudine 150/200/300mg, tablets, 60 Tabs",277.55,12700,141605.0,PMO - US,"Aurobindo Unit III, India",Lamivudine/Nevirapine/Zidovudine,11.15,11/13/09,SCMS-57130,FPQ-4265,10/20/09,ARV,108-VN-T30,15-Mar-10,Air,Adult,60,0.19,Aurobindo Pharma Limited,EXW,1572
66448,ASN-27114,Generic,CÃte dIvoire,31-Jul-14,31-Jul-14,300/100mg,Tablet,Yes,3587.34,Direct Drop,"Atazanavir/Ritonavir 300/100mg, tablets, 30 Tabs",65.79,3200,64000.0,PMO - US,Mylan (formerly Matrix) Nashik,Atazanavir/Ritonavir,20.0,12-04-13,SCMS-217340,FPQ-13155,10/22/13,ARV,104-CI-T30,31-Jul-14,Air,Adult,30,0.67,MYLAN LABORATORIES LTD (FORMERLY MATRIX LABORATORIES),EXW,430
11076,DN-1532,Generic,Mozambique,11-Dec-09,11-Dec-09,150/30mg,Tablet - FDC,Yes,1317.4,From RDC,"Lamivudine/Stavudine 150/30mg, tablets, 60 Tabs",21.11,2510,9789.0,PMO - US,"Cipla, Goa, India",Lamivudine/Stavudine,3.9,N/A - From RDC,SO-32571,Pre-PQ Process,Date Not Captured,ARV,111-MZ-T01,11-Dec-09,Air,Adult,60,0.06,SCMS from RDC,N/A - From RDC,190
24974,ASN-9798,Generic,Rwanda,31-Mar-11,31-Mar-11,200/50mg,Tablet,Yes,19123.35,Direct Drop,"Lopinavir/Ritonavir 200/50mg, tablets, 120 Tabs",1266.45,17587,587405.8,PMO - US,Cipla Ltd A-42 MIDC Mahar. IN,Lopinavir/Ritonavir,33.4,9/27/10,SCMS-84920,FPQ-6341,09-03-10,ARV,107-RW-T30,31-Mar-11,Ocean,Adult,120,0.28,CIPLA LIMITED,EXW,5480
46869,ASN-30382,Bioline,CÃte dIvoire,20-Feb-15,23-Feb-15,MIssing,Test kit,Yes,5408.93,Direct Drop,"HIV 1/2, Bioline 3.0 Kit, Lancets, Capillary pipets, Alcohol swabs included, 25 Tests",29.5,1400,28700.0,PMO - US,"Standard Diagnostics, Korea","HIV 1/2, Bioline 3.0 Kit, Lancets, Capillary pipets, Alcohol swabs included",20.5,07-09-14,SCMS-243780,FPQ-14253,5/14/14,HRDT,104-CI-T30,20-Feb-15,Air,HIV test,25,0.82,"Standard Diagnostics, Inc.",EXW,437
66030,ASN-8649,Generic,South Africa,08-Dec-10,08-Dec-10,10mg/ml,Oral suspension,Yes,4876.34,Direct Drop,"Nevirapine 10mg/ml, oral suspension w/syringe, Bottle, 240 ml",129.44,19060,60039.0,PMO - US,"Aurobindo Unit III, India",Nevirapine,3.15,6/17/10,SCMS-75480,FPQ-5648,06-02-10,ARV,161-ZA-T30,13-Dec-10,Air,Pediatric,240,0.01,Aurobindo Pharma Limited,DDP,7353
11019,DN-1061,Viread,Ethiopia,29-Jan-09,29-Jan-09,300mg,Tablet,Yes,10460.94,From RDC,"Tenofovir Disoproxil Fumarate 300mg [Viread], tablets, 30 Tabs",102.23,3068,52156.0,PMO - US,"Aspen-OSD, Port Elizabeth, SA",Tenofovir Disoproxil Fumarate,17.0,N/A - From RDC,SO-22010,Pre-PQ Process,Pre-PQ Process,ARV,117-ET-T01,29-Jan-09,Air,Adult,30,0.57,SCMS from RDC,N/A - From RDC,2002
85714,DN-2040,Generic,Tanzania,03-Dec-10,03-Dec-10,200mg,Tablet,Yes,1979.75,From RDC,"Nevirapine 200mg, tablets, 60 Tabs",611.87,110000,283800.0,PMO - US,"Aurobindo Unit III, India",Nevirapine,2.58,N/A - From RDC,SO-37180,FPQ-5237,03-01-10,ARV,109-TZ-T30,30-Nov-10,Truck,Adult,60,0.04,SCMS from RDC,N/A - From RDC,12543
85311,DN-2880,Generic,CÃte dIvoire,24-Oct-12,24-Oct-12,600mg,Tablet,No,See DN-2880 (ID#:85310),From RDC,"Efavirenz 600mg, tablets, 30 Tabs",120.97,23705,86286.2,PMO - US,"Strides, Bangalore, India.",Efavirenz,3.64,N/A - From RDC,SO-42400,FPQ-9749,4/19/12,ARV,104-CI-T30,30-Oct-12,Truck,Adult,30,0.12,SCMS from RDC,N/A - From RDC,See DN-2880 (ID#:85310)
12673,DN-282,Generic,Mozambique,10-Oct-07,10-Oct-07,20mg/ml,Oral solution,No,See DN-282 (ID#:11144),From RDC,"Abacavir 20mg/ml, oral solution, Bottle, 240 ml",35.09,1020,21930.0,PMO - US,"Aurobindo Unit III, India",Abacavir,21.5,N/A - From RDC,SO-502,Pre-PQ Process,Pre-PQ Process,ARV,111-MZ-T01,10-Oct-07,Air,Pediatric,240,0.09,SCMS from RDC,N/A - From RDC,See DN-282 (ID#:11144)
86247,DN-1554,Generic,Zimbabwe,07-Dec-09,07-Dec-09,150/30mg,Tablet - FDC,No,See DN-1554 (ID#:84514),From RDC,"Lamivudine/Stavudine 150/30mg, tablets, 60 Tabs",31.36,4000,16000.0,PMO - US,"Cipla, Goa, India",Lamivudine/Stavudine,4.0,N/A - From RDC,SO-27200,FPQ-4472,3/17/09,ARV,113-ZW-T30,18-Dec-09,Truck,Adult,60,0.07,SCMS from RDC,N/A - From RDC,See DN-1554 (ID#:84514)
270,ASN-1171,Generic,Vietnam,21-Jan-08,21-Jan-08,300mg,Tablet,Yes,2149.05,Direct Drop,"Zidovudine 300mg, tablets, 60 Tabs",5.36,400,3352.0,PMO - US,"Ranbaxy, Paonta Shahib, India",Zidovudine,8.38,11/21/07,SCMS-14200,Pre-PQ Process,Pre-PQ Process,ARV,108-VN-T01,21-Jan-08,Air,Adult,60,0.14,SUN PHARMACEUTICAL INDUSTRIES LTD (RANBAXY LABORATORIES LIMITED),EXW,23
86306,DN-1832,Generic,Mozambique,14-Jun-10,14-Jun-10,150/300/200mg,Tablet - FDC,No,See DN-1832 (ID#:82321),From RDC,"Lamivudine/Nevirapine/Zidovudine 150/200/300mg, tablets, 60 Tabs",325.26,13446,150864.12,PMO - US,Mylan (formerly Matrix) Nashik,Lamivudine/Nevirapine/Zidovudine,11.22,N/A - From RDC,SO-35730,FPQ-4711,12/23/09,ARV,111-MZ-T30,30-Jun-10,Truck,Adult,60,0.19,SCMS from RDC,N/A - From RDC,See DN-1832 (ID#:82321)
10818,DN-129,Generic,Zambia,15-May-07,15-May-07,150/300mg,Tablet - FDC,Yes,33572.78,From RDC,"Lamivudine/Zidovudine 150/300mg, tablets, 60 Tabs",MIssing,85158,909487.44,PMO - US,"Aurobindo Unit III, India",Lamivudine/Zidovudine,10.68,N/A - From RDC,SO-311,Pre-PQ Process,Pre-PQ Process,ARV,110-ZM-T01,15-May-07,MIssing,Adult,60,0.18,SCMS from RDC,N/A - From RDC,8169
85518,DN-3864,Generic,Mozambique,27-Oct-14,07-Nov-14,150/300mg,Tablet - FDC,Yes,10925.34,From RDC,"Lamivudine/Zidovudine 150/300mg, tablets, 60 Tabs",100.54,15000,97800.0,PMO - US,"Aurobindo Unit III, India",Lamivudine/Zidovudine,6.52,N/A - From RDC,SO-47053,FPQ-13124,10/21/13,ARV,111-MZ-T30,29-Aug-14,Truck,Adult,60,0.11,SCMS from RDC,N/A - From RDC,15659
12397,DN-314,Stocrin/Sustiva,CÃte dIvoire,24-Aug-07,24-Aug-07,50mg,Capsule,No,See DN-314 (ID#:11757),From RDC,"Efavirenz 50mg [Stocrin/Sustiva], capsule, 30 Caps",4.1,738,2560.86,PMO - US,"MSD, Haarlem, NL",Efavirenz,3.47,N/A - From RDC,SO-589,Pre-PQ Process,Pre-PQ Process,ARV,104-CI-T01,24-Aug-07,MIssing,Pediatric,30,0.12,SCMS from RDC,N/A - From RDC,See DN-314 (ID#:11757)
10540,DN-16,Generic,CÃte dIvoire,22-Feb-07,22-Feb-07,150/300mg,Tablet - FDC,Yes,2804,From RDC,"Lamivudine/Zidovudine 150/300mg, tablets, 60 Tabs",MIssing,2230,22857.5,PMO - US,"Aurobindo Unit III, India",Lamivudine/Zidovudine,10.25,N/A - From RDC,SO-283,Pre-PQ Process,Pre-PQ Process,ARV,100-CI-T01,22-Feb-07,MIssing,Adult,60,0.17,SCMS from RDC,N/A - From RDC,909
68993,ASN-7022,Generic,South Africa,08-Jun-10,08-Jun-10,300mg,Tablet,Yes,4885.2,Direct Drop,"Zidovudine 300mg, tablets, 60 Tabs",921,57494,427180.42,PMO - US,"Aurobindo Unit III, India",Zidovudine,7.43,3/19/10,SCMS-69000,FPQ-5303,3/18/10,ARV,161-ZA-T30,08-Jun-10,Air,Adult,60,0.12,Aurobindo Pharma Limited,DDP,3085
44315,ASN-17087,Determine,Guyana,20-Nov-12,20-Nov-12,MIssing,Test kit,Yes,1182.5,Direct Drop,"HIV 1/2, Determine Complete HIV Kit, 100 Tests",12.62,90,9000.0,PMO - US,"Alere Medical Co., Ltd.","HIV 1/2, Determine Complete HIV Kit",100.0,7/26/12,SCMS-153890,FPQ-10249,07-05-12,HRDT,105-GY-T30,20-Nov-12,Air,HIV test,100,1.0,"Orgenics, Ltd",EXW,41
11401,DN-150,First Response,Rwanda,22-May-07,22-May-07,MIssing,Test kit,Yes,2805.51,From RDC,"HIV 1/2/O, First Response HIV 1-2.0, v.3.0 Cards Kit, 30 Tests",MIssing,2000,42000.0,PMO - US,Premier Med. Corp Ltd. India,"HIV 1/2/O, First Response HIV 1-2.0, v.3.0 Cards Kit",21.0,N/A - From RDC,SO-240,Pre-PQ Process,Pre-PQ Process,HRDT,107-RW-T01,22-May-07,Air,HIV test,30,0.7,SCMS from RDC,N/A - From RDC,Weight Captured Separately
35609,ASN-26462,Generic,Ghana,23-Jul-14,31-Jul-14,600mg,Tablet,Yes,25512.84,Direct Drop,"Efavirenz 600mg, tablets, 30 Tabs",196.76,60000,191400.0,PMO - US,"Strides, Bangalore, India.",Efavirenz,3.19,4/23/14,SCMS-235800,FPQ-13872,3/24/14,ARV,105-GH-T30,17-Jul-14,Air,Adult,30,0.11,STRIDES ARCOLAB LIMITED,EXW,3862
66669,ASN-7665,Generic,Vietnam,13-Aug-10,13-Aug-10,600mg,Tablet,Yes,17031.91,Direct Drop,"Efavirenz 600mg, tablets, 30 Tabs",578.21,62369,268186.7,PMO - US,Mylan (formerly Matrix) Nashik,Efavirenz,4.3,3/29/10,SCMS-69711,FPQ-5317,3/22/10,ARV,108-VN-T30,13-Aug-10,Air,Adult,30,0.14,MYLAN LABORATORIES LTD (FORMERLY MATRIX LABORATORIES),EXW,5009
33379,ASN-28246,Generic,Haiti,17-Nov-14,17-Nov-14,150/300/200mg,Tablet - FDC,Yes,Invoiced Separately,Direct Drop,"Lamivudine/Nevirapine/Zidovudine 150/200/300mg, tablets, 60 Tabs",279.98,33624,272354.4,PMO - US,Mylan (formerly Matrix) Nashik,Lamivudine/Nevirapine/Zidovudine,8.1,7/31/14,SCMS-240202,FPQ-14083,05-11-14,ARV,106-HT-T30,17-Nov-14,Ocean,Adult,60,0.13,MYLAN LABORATORIES LTD (FORMERLY MATRIX LABORATORIES),EXW,Weight Captured Separately
11733,DN-180,Generic,Nigeria,26-Jun-07,26-Jun-07,150/200/40mg,Tablet - FDC,Yes,1489.52,From RDC,"Lamivudine/Nevirapine/Stavudine 150/200/40mg, tablets, 60 Tabs",MIssing,1370,10549.0,PMO - US,"Cipla, Goa, India",Lamivudine/Nevirapine/Stavudine,7.7,N/A - From RDC,SO-555,Pre-PQ Process,Pre-PQ Process,ARV,112-NG-T01,26-Jun-07,MIssing,Adult,60,0.13,SCMS from RDC,N/A - From RDC,142
86015,DN-3402,Generic,Uganda,20-Dec-13,17-Jan-14,30/60mg,Tablet - FDC,No,See DN-3402 (ID#:83735),From RDC,"Lamivudine/Zidovudine 30/60mg, tablets, 60 Tabs",9.19,4160,8944.0,PMO - US,Mylan (formerly Matrix) Nashik,Lamivudine/Zidovudine,2.15,N/A - From RDC,SO-46830,FPQ-13094,10-11-13,ARV,114-UG-T30,16-Dec-13,Truck,Pediatric,60,0.04,SCMS from RDC,N/A - From RDC,See DN-3402 (ID#:83735)
48523,ASN-17081,Determine,Tanzania,07-Dec-12,07-Dec-12,MIssing,Test kit,Yes,22223.94,Direct Drop,"HIV 1/2, Determine Complete HIV Kit, 100 Tests",307.77,2744,219520.0,PMO - US,"Alere Medical Co., Ltd.","HIV 1/2, Determine Complete HIV Kit",80.0,10-04-12,SCMS-157661,FPQ-10396,7/31/12,HRDT,900-TZ-T30,07-Dec-12,Air,HIV test,100,0.8,"Orgenics, Ltd",EXW,1303
86518,DN-2872,Generic,South Sudan,30-Nov-12,30-Nov-12,150/300mg,Tablet - FDC,Yes,742.98,From RDC,"Lamivudine/Zidovudine 150/300mg, tablets, 60 Tabs",3.25,300,2316.0,PMO - US,Mylan (formerly Matrix) Nashik,Lamivudine/Zidovudine,7.72,N/A - From RDC,SO-43080,FPQ-10517,8/17/12,ARV,900-SS-T30,30-Nov-12,Air,Adult,60,0.13,SCMS from RDC,N/A - From RDC,25
12302,DN-1346,Truvada,Nigeria,04-Aug-09,04-Aug-09,300/200mg,Tablet - FDC,Yes,7445.8,From RDC,"Emtricitabine/Tenofovir Disoproxil Fumarate 200/300mg [Truvada], tablets, 30 Tabs",1169.46,22730,596662.5,PMO - US,"Aspen-OSD, Port Elizabeth, SA",Emtricitabine/Tenofovir Disoproxil Fumarate,26.25,N/A - From RDC,SO-27810,Pre-PQ Process,Date Not Captured,ARV,151-NG-T01,04-Aug-09,Air Charter,Adult,30,0.88,SCMS from RDC,N/A - From RDC,1977
12154,DN-552,Generic,Zambia,25-Jan-08,25-Jan-08,10mg/ml,Oral suspension,Yes,1778.7,From RDC,"Nevirapine 10mg/ml, oral suspension, Bottle, 240 ml",9.96,1004,6224.8,PMO - US,"Aurobindo Unit III, India",Nevirapine,6.2,N/A - From RDC,SO-1188,Pre-PQ Process,Pre-PQ Process,ARV,110-ZM-T01,25-Jan-08,MIssing,Pediatric,240,0.03,SCMS from RDC,N/A - From RDC,358
84831,DN-3231,Generic,Zimbabwe,06-Aug-13,06-Aug-13,200mg,Tablet,Yes,11133.66,From RDC,"Nevirapine 200mg, tablets, 60 Tabs",64.55,23090,52183.4,PMO - US,"Strides, Bangalore, India.",Nevirapine,2.26,N/A - From RDC,SO-44340,FPQ-11545,1/24/13,ARV,113-ZW-T30,31-Jul-13,Truck,Adult,60,0.04,SCMS from RDC,N/A - From RDC,394
82445,DN-2517,Generic,Mozambique,08-Mar-12,08-Mar-12,200mg,Tablet,Yes,4313.33,From RDC,"Nevirapine 200mg, tablets, 60 Tabs",11.6,2870,7031.5,PMO - US,"Aurobindo Unit VII, IN",Nevirapine,2.45,N/A - From RDC,SO-40310,FPQ-8157,08-04-11,ARV,111-MZ-T30,15-Feb-12,Truck,Adult,60,0.04,SCMS from RDC,N/A - From RDC,277
18586,ASN-28673,Generic,Ghana,10-Nov-14,12-Nov-14,150/300/200mg,Tablet - FDC,Yes,18256.1,Direct Drop,"Lamivudine/Nevirapine/Zidovudine 150/200/300mg, tablets, 60 Tabs",243.22,28853,236594.6,PMO - US,"Aurobindo Unit III, India",Lamivudine/Nevirapine/Zidovudine,8.2,5/23/14,SCMS-237810,FPQ-14052,04-12-14,ARV,105-GH-T30,10-Nov-14,Air,Adult,60,0.14,Aurobindo Pharma Limited,EXW,3612
85650,DN-1628,Generic,Mozambique,14-Apr-10,14-Apr-10,150/300/200mg,Tablet - FDC,No,See DN-1628 (ID#:82291),From RDC,"Lamivudine/Nevirapine/Zidovudine 150/200/300mg, tablets, 60 Tabs",1532.46,69685,781865.7,PMO - US,Mylan (formerly Matrix) Nashik,Lamivudine/Nevirapine/Zidovudine,11.22,N/A - From RDC,SO-33590,FPQ-4471,9/14/09,ARV,111-MZ-T30,14-Apr-10,Air,Adult,60,0.19,SCMS from RDC,N/A - From RDC,See DN-1628 (ID#:82291)
18673,ASN-30164,Generic,Vietnam,19-Mar-15,19-Mar-15,150/300/200mg,Tablet - FDC,Yes,Invoiced Separately,Direct Drop,"Lamivudine/Nevirapine/Zidovudine 150/200/300mg, tablets, 60 Tabs",85.8,9000,72900.0,PMO - US,Mylan (formerly Matrix) Nashik,Lamivudine/Nevirapine/Zidovudine,8.1,10/30/14,SCMS-261420,FPQ-15087,10/24/14,ARV,108-VN-T30,19-Mar-15,Air,Adult,60,0.13,MYLAN LABORATORIES LTD (FORMERLY MATRIX LABORATORIES),EXW,Weight Captured Separately
5590,ASN-1874,Stat-Pak,Nigeria,20-Jun-08,20-Jun-08,MIssing,Test kit,Yes,16036.94,Direct Drop,"HIV 1/2, Stat-Pak HIV, Kit, 20 Tests",315.4,7301,197127.0,PMO - US,Chembio Diagnostics Sys. Inc.,"HIV 1/2, Stat-Pak HIV, Kit",27.0,1/29/08,SCMS-16890,Pre-PQ Process,Pre-PQ Process,HRDT,102-NG-T01,19-Sep-08,Air,HIV test,20,1.35,"CHEMBIO DIAGNOSTIC SYSTEMS, INC.",EXW,2093
11988,DN-1283,Generic,Haiti,25-Jun-09,25-Jun-09,200mg,Tablet,Yes,12448.02,From RDC,"Nevirapine 200mg, tablets, 60 Tabs",110.25,18750,56250.0,PMO - US,Hetero Unit III Hyderabad IN,Nevirapine,3.0,N/A - From RDC,SO-24851,Pre-PQ Process,Pre-PQ Process,ARV,106-HT-T01,25-Jun-09,Air,Adult,60,0.05,SCMS from RDC,N/A - From RDC,111
14043,ASN-6269,Generic,Vietnam,30-Mar-10,30-Mar-10,300mg,Tablet,Yes,3538.57,Direct Drop,"Tenofovir Disoproxil Fumarate 300mg, tablets, 30 Tabs",58.95,3528,27342.0,PMO - US,"Aurobindo Unit III, India",Tenofovir Disoproxil Fumarate,7.75,02-03-10,SCMS-64580,FPQ-5019,02-02-10,ARV,108-VN-T30,30-Mar-10,Air,Adult,30,0.26,Aurobindo Pharma Limited,EXW,395
10851,DN-259,Generic,Mozambique,21-Sep-07,21-Sep-07,1mg/ml,Oral solution,Yes,350.78,From RDC,"Stavudine 1mg/ml, powder for oral solution, 200 ml",0.38,165,239.25,PMO - US,"Aurobindo Unit III, India",Stavudine,1.45,N/A - From RDC,SO-382,Pre-PQ Process,Pre-PQ Process,ARV,111-MZ-T01,21-Sep-07,Air,Pediatric,200,0.01,SCMS from RDC,N/A - From RDC,15
82847,DN-1542,Generic,CÃte dIvoire,02-Dec-09,02-Dec-09,200mg,Tablet,Yes,1211.48,From RDC,"Nevirapine 200mg, tablets, 60 Tabs",8.17,1437,4167.3,PMO - US,"Aurobindo Unit III, India",Nevirapine,2.9,N/A - From RDC,SO-34730,FPQ-4187,09-09-09,ARV,104-CI-T30,26-Nov-09,Air,Adult,60,0.05,SCMS from RDC,N/A - From RDC,138
11582,DN-967,Generic,Zambia,07-Nov-08,07-Nov-08,200mg,Tablet,Yes,2938.92,From RDC,"Nevirapine 200mg, tablets, 60 Tabs",333.2,50000,170000.0,PMO - US,Hetero Unit III Hyderabad IN,Nevirapine,3.4,N/A - From RDC,SO-2493,Pre-PQ Process,Pre-PQ Process,ARV,110-ZM-T01,07-Nov-08,Truck,Adult,60,0.06,SCMS from RDC,N/A - From RDC,2773
52034,ASN-22217,Colloidal Gold,Haiti,12-Dec-13,13-Dec-13,MIssing,Test kit,Yes,2933.25,Direct Drop,"HIV 1/2, SKB Colloidal Gold, Diagnostic Kit, Antibody, 50 Tests",10.61,350,8575.0,PMO - US,"KHB Test Kit Facility, Shanghai China","HIV 1/2, Colloidal Gold, Diagnostic Kit, Antibody",24.5,5/21/13,SCMS-189221,FPQ-12041,4/26/13,HRDT,106-HT-T30,12-Dec-13,Air,HIV test,1,24.5,"SHANGHAI KEHUA BIOENGINEERING CO.,LTD.  (KHB)",EXW,240
85423,DN-3439,Generic,Mozambique,30-Jan-14,17-Feb-14,300mg,Tablet,Yes,5816.46,From RDC,"Zidovudine 300mg, tablets, 60 Tabs",232.27,33650,187767.0,PMO - US,"Aurobindo Unit III, India",Zidovudine,5.58,N/A - From RDC,SO-45894,FPQ-12416,6/28/13,ARV,111-MZ-T30,31-Jan-14,Truck,Adult,60,0.09,SCMS from RDC,N/A - From RDC,6904
12455,DN-590,Generic,Rwanda,29-Feb-08,29-Feb-08,10mg/ml,Oral solution,No,See DN-590 (ID#:11517),From RDC,"Lamivudine 10mg/ml, oral solution, Bottle, 240 ml",6.3,2000,3940.0,PMO - US,"Aurobindo Unit III, India",Lamivudine,1.97,N/A - From RDC,SO-1534,Pre-PQ Process,Pre-PQ Process,ARV,107-RW-T01,29-Feb-08,Air,Pediatric,240,0.01,SCMS from RDC,N/A - From RDC,See DN-590 (ID#:11517)
82518,DN-2885,Generic,Rwanda,30-Oct-12,30-Oct-12,600/300/300mg,Tablet - FDC,Yes,5825.18,From RDC,"Efavirenz/Lamivudine/Tenofovir Disoproxil Fumarate 600/300/300mg, tablets, 30 Tabs",1116.07,59989,796054.03,PMO - US,Mylan (formerly Matrix) Nashik,Efavirenz/Lamivudine/Tenofovir Disoproxil Fumarate,13.27,N/A - From RDC,SO-42430,FPQ-9969,5/25/12,ARV,107-RW-T30,31-Oct-12,Air,Adult,30,0.44,SCMS from RDC,N/A - From RDC,7242
86447,DN-2508,Generic,"Congo, DRC",14-Mar-12,14-Mar-12,10mg/ml,Oral suspension,No,See DN-2508 (ID#:85821),From RDC,"Nevirapine 10mg/ml, oral suspension w/syringe, Bottle, 240 ml",0.8,291,567.45,PMO - US,"Aurobindo Unit III, India",Nevirapine,1.95,N/A - From RDC,SO-41144,FPQ-8840,11/21/11,ARV,101-CD-T30,16-Mar-12,Air,Pediatric,240,0.01,SCMS from RDC,N/A - From RDC,See DN-2508 (ID#:85821)
10642,DN-475,Generic,Nigeria,03-Dec-07,03-Dec-07,150/300/200mg,Tablet - FDC,Yes,18208,From RDC,"Lamivudine/Nevirapine/Zidovudine 150/200/300mg, tablets, 60 Tabs",425.88,12984,266172.0,PMO - US,"Aurobindo Unit III, India",Lamivudine/Nevirapine/Zidovudine,20.5,N/A - From RDC,SO-567,Pre-PQ Process,Pre-PQ Process,ARV,112-NG-T01,03-Dec-07,Air,Adult,60,0.34,SCMS from RDC,N/A - From RDC,3286
42851,ASN-12831,Determine,Sudan,06-Jan-12,06-Jan-12,MIssing,Test kit - Ancillary,Yes,885.49,Direct Drop,"Capillary Tubes, for Determine, EDTA, 50uL,100 Pcs",0.01,1,8.0,PMO - US,"Alere Medical Co., Ltd.","HIV, Capillary Tubes, for Determine, EDTA, 50uL,100 Pcs",8.0,9/14/11,SCMS-121843,FPQ-8264,09-07-11,HRDT,102-SD-T30,06-Jan-12,Air,HIV test - Ancillary,100,0.08,"Orgenics, Ltd",EXW,2
85797,DN-2393,Generic,Nigeria,17-Oct-11,17-Oct-11,200/300mg,Tablet - FDC,Yes,21326.73,From RDC,"Emtricitabine/Tenofovir Disoproxil Fumarate 200/300mg, tablets, 30 Tabs",252.17,17038,152830.86,PMO - US,"Aurobindo Unit III, India",Emtricitabine/Tenofovir Disoproxil Fumarate,8.97,N/A - From RDC,SO-40721,FPQ-7812,06-06-11,ARV,151-NG-T30,05-Dec-11,Air Charter,Adult,30,0.3,SCMS from RDC,N/A - From RDC,1722
83052,DN-2728,Generic,Nigeria,10-Jul-12,10-Jul-12,150/300mg,Tablet - FDC,Yes,21347.12,From RDC,"Lamivudine/Zidovudine 150/300mg, tablets, 60 Tabs",810.3,74288,577960.64,PMO - US,"Aurobindo Unit III, India",Lamivudine/Zidovudine,7.78,N/A - From RDC,SO-42640,FPQ-8952,12-08-11,ARV,151-NG-T30,10-Jul-12,Air Charter,Adult,60,0.13,SCMS from RDC,N/A - From RDC,7351
85207,DN-2407,Generic,Mozambique,25-Jan-12,25-Jan-12,150mg,Tablet,Yes,1078.61,From RDC,"Lamivudine 150mg, tablets, 60 Tabs",5.61,1458,3397.14,PMO - US,Hetero Unit III Hyderabad IN,Lamivudine,2.33,N/A - From RDC,SO-40340,FPQ-8157,08-04-11,ARV,111-MZ-T30,25-Jan-12,Truck,Adult,60,0.04,SCMS from RDC,N/A - From RDC,79
49607,ASN-5933,Videx,South Africa,29-Dec-09,29-Dec-09,25mg,Chewable/dispersible tablet,No,Freight Included in Commodity Cost,Direct Drop,"Didanosine 25mg [Videx], chewable tablets, 60 Tabs",0.26,8,121.46,PMO - US,"BMS Meymac, France",Didanosine,15.18,12/23/09,SCMS-60170,FPQ-4770,12/17/09,ARV,116-ZA-T30,29-Dec-09,Truck,Pediatric,60,0.25,S. BUYS WHOLESALER,DDP,Weight Captured Separately
84766,DN-2926,Generic,Uganda,28-Nov-12,28-Nov-12,300mg,Tablet,Yes,1616.45,From RDC,"Abacavir 300mg, tablets, 60 Tabs",37.56,2067,26788.32,PMO - US,Mylan (formerly Matrix) Nashik,Abacavir,12.96,N/A - From RDC,SO-43510,FPQ-10780,10-10-12,ARV,114-UG-T30,20-Dec-12,Air,Adult,60,0.22,SCMS from RDC,N/A - From RDC,220
85320,DN-2962,Generic,Tanzania,04-Mar-13,04-Mar-13,200/50mg,Tablet,Yes,6031.15,From RDC,"Lopinavir/Ritonavir 200/50mg, tablets, 120 Tabs",21.49,574,15325.8,PMO - US,"Aurobindo Unit III, India",Lopinavir/Ritonavir,26.7,N/A - From RDC,SO-43120,FPQ-10545,8/24/12,ARV,109-TZ-T30,04-Mar-13,Truck,Adult,120,0.22,SCMS from RDC,N/A - From RDC,4758
32372,ASN-18877,Generic,Uganda,09-Apr-13,09-Apr-13,100/25mg,Tablet,Yes,6255.87,Direct Drop,"Lopinavir/Ritonavir 100/25mg [Aluvia], tablets, 60 Tabs",46.95,6390,37956.6,PMO - US,ABBVIE Ludwigshafen Germany,Lopinavir/Ritonavir,5.94,01-11-13,SCMS-171900,FPQ-11153,12/13/12,ARV,114-UG-T30,09-Apr-13,Air,Pediatric,60,0.1,ABBVIE LOGISTICS (FORMERLY ABBOTT LOGISTICS BV),FCA,733
85914,DN-2916,Generic,Rwanda,16-Jan-13,16-Jan-13,150/30mg,Tablet - FDC,Yes,6152,From RDC,"Lamivudine/Stavudine 150/30mg, tablets, 60 Tabs",54.4,13152,38798.4,PMO - US,Hetero Unit III Hyderabad IN,Lamivudine/Stavudine,2.95,N/A - From RDC,SO-42420,FPQ-9969,5/25/12,ARV,107-RW-T30,16-Jan-13,Air,Adult,60,0.05,SCMS from RDC,N/A - From RDC,1045
42499,ASN-7095,Generic,Rwanda,13-Jun-10,13-Jun-10,150mg,Tablet,Yes,3847.96,Direct Drop,"Lamivudine 150mg, tablets, 60 Tabs",76.3,15030,38927.7,PMO - US,Hetero Unit III Hyderabad IN,Lamivudine,2.59,8/18/09,SCMS-50830,FPQ-4047,7/28/09,ARV,107-RW-T30,13-Jun-10,Air,Adult,60,0.04,HETERO LABS LIMITED,CIP,933
15930,ASN-6175,Uni-Gold,Zambia,16-Mar-10,16-Mar-10,MIssing,Test kit,Yes,16438.26,Direct Drop,"HIV 1/2, Uni-Gold HIV Kit, 20 Tests",363.17,5264,168448.0,PMO - US,"Trinity Biotech, Plc","HIV 1/2, Uni-Gold HIV Kit",32.0,12/22/09,SCMS-60720,FPQ-4692,12/16/09,HRDT,110-ZM-T30,16-Mar-10,Air,HIV test,20,1.6,"Trinity Biotech, Plc",EXW,1826
47949,ASN-9478,Generic,South Africa,04-Mar-11,04-Mar-11,600mg,Tablet,Yes,Freight Included in Commodity Cost,Direct Drop,"Efavirenz 600mg, tablets, 30 Tabs",849.88,87018,394191.54,PMO - US,"Aurobindo Unit III, India",Efavirenz,4.53,9/24/10,SCMS-83830,FPQ-6262,8/31/10,ARV,161-ZA-T30,01-Feb-11,Ocean,Adult,30,0.15,Aurobindo Pharma Limited,DDP,Weight Captured Separately
7954,ASN-68,Determine,Zambia,31-Oct-06,31-Oct-06,MIssing,Test kit,Yes,2487.58,Direct Drop,"HIV 1/2, Determine Complete HIV Kit, 100 Tests",MIssing,1250,100000.0,PMO - US,ABBVIE GmbH & Co.KG Wiesbaden,"HIV 1/2, Determine Complete HIV Kit",80.0,Date Not Captured,SCMS-109,Pre-PQ Process,Pre-PQ Process,HRDT,110-ZM-T01,31-Oct-06,Air,HIV test,100,0.8,Abbott GmbH & Co. KG,FCA,426
12718,DN-372,Determine,Haiti,06-Oct-07,06-Oct-07,MIssing,Test kit,Yes,1732.74,From RDC,"HIV 1/2, Determine Complete HIV Kit, 100 Tests",69.12,600,43200.0,PMO - US,ABBVIE GmbH & Co.KG Wiesbaden,"HIV 1/2, Determine Complete HIV Kit",72.0,N/A - From RDC,SO-1099,Pre-PQ Process,Pre-PQ Process,HRDT,106-HT-T01,06-Oct-07,MIssing,HIV test,100,0.72,SCMS from RDC,N/A - From RDC,137
12662,DN-174,Viread,CÃte dIvoire,08-Jun-07,08-Jun-07,300mg,Tablet,Yes,1388,From RDC,"Tenofovir Disoproxil Fumarate 300mg [Viread], tablets, 30 Tabs",MIssing,621,10557.0,PMO - US,Gilead(Nycomed) Oranienburg DE,Tenofovir Disoproxil Fumarate,17.0,N/A - From RDC,SO-641,Pre-PQ Process,Pre-PQ Process,ARV,104-CI-T01,08-Jun-07,MIssing,Adult,30,0.57,SCMS from RDC,N/A - From RDC,40
9579,ASN-1592,Stat-Pak,Nigeria,21-Apr-08,21-Apr-08,MIssing,Test kit,Yes,15636.7,Direct Drop,"HIV 1/2, Stat-Pak HIV, Kit, 20 Tests",333.46,7719,208413.0,PMO - US,Chembio Diagnostics Sys. Inc.,"HIV 1/2, Stat-Pak HIV, Kit",27.0,01-07-08,SCMS-16880,Pre-PQ Process,Pre-PQ Process,HRDT,102-NG-T01,21-Apr-08,Air,HIV test,20,1.35,"CHEMBIO DIAGNOSTIC SYSTEMS, INC.",EXW,2502
85187,DN-2202,Generic,Zimbabwe,13-Jun-11,13-Jun-11,200mg,Capsule,Yes,1224.02,From RDC,"Efavirenz 200mg, capsule, 90 Caps",16.98,811,7874.81,PMO - US,"Aurobindo Unit III, India",Efavirenz,9.71,N/A - From RDC,SO-37890,FPQ-6483,10/13/10,ARV,200-ZW-T30,30-Mar-11,Truck,Pediatric,90,0.11,SCMS from RDC,N/A - From RDC,103
84129,DN-2486,Generic,Zambia,20-Jan-12,20-Jan-12,200mg,Tablet,Yes,6476.69,From RDC,"Nevirapine 200mg, tablets, 60 Tabs",828.3,200000,502000.0,PMO - US,"Aurobindo Unit VII, IN",Nevirapine,2.51,N/A - From RDC,SO-40260,FPQ-7767,7/26/11,ARV,110-ZM-T30,29-Feb-12,Truck,Adult,60,0.04,SCMS from RDC,N/A - From RDC,19257
10942,DN-587,Crixivan,CÃte dIvoire,05-Feb-08,05-Feb-08,400mg,Capsule,Yes,4680.1,From RDC,"Indinavir 400mg [Crixivan], capsules, 180 Caps",443.04,5538,276900.0,PMO - US,"MSD, Haarlem, NL",Indinavir,50.0,N/A - From RDC,SO-1663,Pre-PQ Process,Pre-PQ Process,ARV,104-CI-T01,06-Mar-08,Air,Adult,180,0.28,SCMS from RDC,N/A - From RDC,1230
42359,ASN-10264,Norvir,CÃte dIvoire,12-Apr-11,12-Apr-11,100mg,Tablet,Yes,9539.6,Direct Drop,"Ritonavir 100mg [Norvir], film coated tablets, 60 Tabs",39.96,2706,18536.1,PMO - US,ABBVIE Ludwigshafen Germany,Ritonavir,6.85,1/15/10,SCMS-62971,FPQ-4698,12/28/09,ARV,104-CI-T30,12-Apr-11,Air,Adult,60,0.11,ABBVIE LOGISTICS (FORMERLY ABBOTT LOGISTICS BV),FCA,346
12301,DN-1338,Generic,Nigeria,04-Aug-09,04-Aug-09,150/300/200mg,Tablet - FDC,Yes,7445.8,From RDC,"Lamivudine/Nevirapine/Zidovudine 150/200/300mg, tablets, 60 Tabs",129.6,5800,66120.0,PMO - US,"Aurobindo Unit III, India",Lamivudine/Nevirapine/Zidovudine,11.4,N/A - From RDC,SO-32644,Pre-PQ Process,Date Not Captured,ARV,151-NG-T01,04-Aug-09,Air Charter,Adult,60,0.19,SCMS from RDC,N/A - From RDC,654
7984,ASN-193,Capillus,Haiti,23-Jan-07,23-Jan-07,MIssing,Test kit,Yes,749.96,Direct Drop,"HIV 1/2, Capillus HIV Kit, 100 Tests",MIssing,60,10500.0,PMO - US,Not Applicable,"HIV 1/2, Capillus HIV Kit",175.0,Date Not Captured,SCMS-275,Pre-PQ Process,Pre-PQ Process,HRDT,106-HT-T01,23-Jan-07,Air,HIV test,100,1.75,"Trinity Biotech, Plc",EXW,40
11761,DN-300,Determine,Zimbabwe,24-Aug-07,24-Aug-07,MIssing,Test kit,Yes,1645.12,From RDC,"HIV 1/2, Determine Complete HIV Kit, 100 Tests",192,1500,120000.0,PMO - US,ABBVIE GmbH & Co.KG Wiesbaden,"HIV 1/2, Determine Complete HIV Kit",80.0,N/A - From RDC,SO-892,Pre-PQ Process,Pre-PQ Process,HRDT,113-ZW-T01,24-Aug-07,Truck,HIV test,100,0.8,SCMS from RDC,N/A - From RDC,343
86319,DN-1951,Generic,Ethiopia,19-Jul-10,19-Jul-10,150/200/30mg,Tablet - FDC,No,See DN-1951 (ID#:84026),From RDC,"Lamivudine/Nevirapine/Stavudine 150/200/30mg, tablets, 60 Tabs",141.88,11485,65809.05,PMO - US,"Strides, Bangalore, India.",Lamivudine/Nevirapine/Stavudine,5.73,N/A - From RDC,SO-37100,FPQ-5967,6/28/10,ARV,117-ET-T30,21-Sep-10,Air,Adult,60,0.1,SCMS from RDC,N/A - From RDC,See DN-1951 (ID#:84026)
3152,ASN-1956,Determine,Botswana,31-Jul-08,31-Jul-08,MIssing,Test kit,Yes,641.04,Direct Drop,"HIV 1/2, Determine HIV Kit, without Lancets, 100 Tests",11.52,100,7199.0,PMO - US,Inverness Japan,"HIV 1/2, Determine HIV Kit, without Lancets",71.99,4/28/08,SCMS-22730,Pre-PQ Process,Pre-PQ Process,HRDT,102-BW-T01,31-Jul-08,Air,HIV test,100,0.72,"Orgenics, Ltd",EXW,25
84748,DN-2820,Generic,Tanzania,26-Oct-12,26-Oct-12,150/300mg,Tablet - FDC,No,See DN-2820 (ID#:82503),From RDC,"Lamivudine/Zidovudine 150/300mg, tablets, 60 Tabs",1593.54,147230,1136615.6,PMO - US,Hetero Unit III Hyderabad IN,Lamivudine/Zidovudine,7.72,N/A - From RDC,SO-43010,FPQ-10391,7/26/12,ARV,900-TZ-T30,26-Oct-12,Air,Adult,60,0.13,SCMS from RDC,N/A - From RDC,See DN-2820 (ID#:82503)
28158,ASN-24415,Generic,South Africa,06-Feb-14,06-Feb-14,200/300mg,Tablet - FDC,No,Freight Included in Commodity Cost,Direct Drop,"Emtricitabine/Tenofovir Disoproxil Fumarate 200/300mg, tablets, 30 Tabs",0.42,12,339.36,PMO - US,"Aurobindo Unit III, India",Emtricitabine/Tenofovir Disoproxil Fumarate,28.28,12-02-13,SCMS-215370,FPQ-13035,10-08-13,ARV,116-ZA-T30,06-Feb-14,Truck,Adult,30,0.94,S. BUYS WHOLESALER,DDP,Weight Captured Separately
26591,ASN-6932,Generic,South Africa,04-Jun-10,04-Jun-10,600mg,Tablet,Yes,6105.79,Direct Drop,"Efavirenz 600mg, tablets, 30 Tabs",543.24,53954,251965.18,PMO - US,"Aurobindo Unit III, India",Efavirenz,4.67,3/19/10,SCMS-68860,FPQ-5303,3/18/10,ARV,161-ZA-T30,01-Jun-10,Air,Adult,30,0.16,Aurobindo Pharma Limited,DDP,4564
80112,ASN-21223,Determine,Nigeria,19-Sep-13,19-Sep-13,MIssing,Test kit,Yes,13383.47,Direct Drop,"HIV 1/2, Determine Complete HIV Kit, 100 Tests",337.32,3064,272696.0,PMO - US,"Alere Medical Co., Ltd.","HIV 1/2, Determine Complete HIV Kit",89.0,07-10-13,SCMS-196560,FPQ-12456,06-10-13,HRDT,133-NG-T30,18-Sep-13,Air,HIV test,100,0.89,"Orgenics, Ltd",EXW,1245
32743,ASN-28217,Aluvia,Vietnam,22-Oct-14,22-Oct-14,200/50mg,Tablet,Yes,1467.82,Direct Drop,"Lopinavir/Ritonavir 200/50mg [Aluvia], tablets, 120 Tabs",125.05,2000,121640.0,PMO - US,ABBVIE Ludwigshafen Germany,Lopinavir/Ritonavir,60.82,4/30/14,SCMS-235620,FPQ-13976,04-08-14,ARV,108-VN-T30,22-Oct-14,Air,Adult,120,0.51,ABBVIE LOGISTICS (FORMERLY ABBOTT LOGISTICS BV),FCA,499
7729,ASN-3626,Generic,South Africa,27-Jan-09,27-Jan-09,50mg,Capsule,Yes,Freight Included in Commodity Cost,Direct Drop,"Efavirenz 50mg, capsule, 30 Caps",18.03,2996,9197.72,PMO - US,"Aurobindo Unit III, India",Efavirenz,3.07,Date Not Captured,SCMS-41090,Pre-PQ Process,Pre-PQ Process,ARV,116-ZA-T01,09-Jun-09,Air,Pediatric,30,0.1,S. BUYS WHOLESALER,DDP,Weight Captured Separately
11109,DN-44,Generic,Mozambique,17-Apr-07,17-Apr-07,20mg/ml,Oral solution,No,See DN-44 (ID#:10549),From RDC,"Abacavir 20mg/ml, oral solution, Bottle, 240 ml",MIssing,460,9683.0,PMO - US,"Aurobindo Unit III, India",Abacavir,21.05,N/A - From RDC,SO-293,Pre-PQ Process,Pre-PQ Process,ARV,111-MZ-T01,17-Apr-07,Air,Pediatric,240,0.09,SCMS from RDC,N/A - From RDC,See DN-44 (ID#:10549)
12077,DN-242,Generic,CÃte dIvoire,21-Aug-07,21-Aug-07,15mg,Capsule,Yes,4200.78,From RDC,"Stavudine 15mg, capsules, 60 Caps",3.99,1161,2496.15,PMO - US,"Aurobindo Unit III, India",Stavudine,2.15,N/A - From RDC,SO-774,Pre-PQ Process,Pre-PQ Process,ARV,104-CI-T01,21-Aug-07,Air,Adult,60,0.04,SCMS from RDC,N/A - From RDC,399
85590,DN-4237,Generic,Mozambique,15-Jun-15,15-Jun-15,300mg,Tablet,Yes,137.4,From RDC,"Tenofovir Disoproxil Fumarate 300mg, tablets, 30 Tabs",4.01,960,3408.0,PMO - US,Hetero Unit III Hyderabad IN,Tenofovir Disoproxil Fumarate,3.55,N/A - From RDC,SO-50500,FPQ-15229,10/17/14,ARV,111-MZ-T30,29-May-15,Truck,Adult,30,0.12,SCMS from RDC,N/A - From RDC,76
86346,DN-2035,Generic,CÃte dIvoire,26-Nov-10,26-Nov-10,300mg,Tablet,No,See DN-2035 (ID#:82356),From RDC,"Tenofovir Disoproxil Fumarate 300mg, tablets, 30 Tabs",39.03,2480,18104.0,PMO - US,Mylan (formerly Matrix) Nashik,Tenofovir Disoproxil Fumarate,7.3,N/A - From RDC,SO-37150,FPQ-5925,6/23/10,ARV,104-CI-T30,30-Nov-10,Truck,Adult,30,0.24,SCMS from RDC,N/A - From RDC,See DN-2035 (ID#:82356)
85256,DN-2631,Generic,Nigeria,30-Apr-12,30-Apr-12,150/300/200mg,Tablet - FDC,Yes,27441.22,From RDC,"Lamivudine/Nevirapine/Zidovudine 150/200/300mg, tablets, 60 Tabs",5029.59,326131,3587441.0,PMO - US,Mylan (formerly Matrix) Nashik,Lamivudine/Nevirapine/Zidovudine,11.0,N/A - From RDC,SO-41252,FPQ-8952,12-08-11,ARV,151-NG-T30,04-Jul-12,Air Charter,Adult,60,0.18,SCMS from RDC,N/A - From RDC,46522
85925,DN-2981,Generic,"Congo, DRC",11-Sep-13,11-Sep-13,150/300/200mg,Tablet - FDC,No,See DN-2981 (ID#:82538),From RDC,"Lamivudine/Nevirapine/Zidovudine 150/200/300mg, tablets, 60 Tabs",270.64,24391,218787.27,PMO - US,"Aurobindo Unit III, India",Lamivudine/Nevirapine/Zidovudine,8.97,N/A - From RDC,SO-43680,FPQ-11054,11/16/12,ARV,101-CD-T30,11-Sep-13,Air,Adult,60,0.15,SCMS from RDC,N/A - From RDC,See DN-2981 (ID#:82538)
67308,ASN-31756,Generic,Rwanda,11-May-15,11-May-15,100/25mg,Tablet,Yes,929.85,Direct Drop,"Lopinavir/Ritonavir 100/25mg [Aluvia], tablets, 60 Tabs",4.49,642,3813.48,PMO - US,ABBVIE Ludwigshafen Germany,Lopinavir/Ritonavir,5.94,2/23/15,SCMS-276400,FPQ-15695,1/15/15,ARV,107-RW-T30,11-May-15,Air,Pediatric,60,0.1,ABBVIE LOGISTICS (FORMERLY ABBOTT LOGISTICS BV),FCA,83
85603,DN-4330,Generic,Rwanda,03-Aug-15,11-Aug-15,60/30mg,Chewable/dispersible tablet - FDC,Yes,Invoiced Separately,From RDC,"Abacavir/Lamivudine 60/30mg, dispersible tablets, 60 Tabs",171.47,28622,145685.98,PMO - US,"Cipla, Patalganga, India",Abacavir/Lamivudine,5.09,N/A - From RDC,SO-51550,FPQ-16284,5/27/15,ARV,107-RW-T30,30-Sep-15,Air,Pediatric,60,0.08,SCMS from RDC,N/A - From RDC,Weight Captured Separately
3282,ASN-2488,Generic,South Africa,08-Jul-08,08-Jul-08,600mg,Tablet,No,Freight Included in Commodity Cost,Direct Drop,"Efavirenz 600mg, tablets, 30 Tabs",25.9,1000,16190.0,PMO - US,"Cipla, Goa, India",Efavirenz,16.19,Date Not Captured,SCMS-26820,Pre-PQ Process,Pre-PQ Process,ARV,116-ZA-T01,10-Jul-08,Truck,Adult,30,0.54,S. BUYS WHOLESALER,DDP,Weight Captured Separately
80216,ASN-29597,Generic,South Africa,28-Nov-14,28-Nov-14,400mg,Delayed-release capsules,No,Freight Included in Commodity Cost,Direct Drop,"Didanosine 400mg, delayed-release capsules, 30 Caps",0.1,7,99.53,PMO - US,"Aurobindo Unit III, India",Didanosine,14.22,11/28/14,SCMS-259071,FPQ-14942,09-11-14,ARV,116-ZA-T30,28-Nov-14,Truck,Adult,30,0.47,PHARMACY DIRECT,DDP,Weight Captured Separately
84099,DN-2268,Generic,Mozambique,01-Sep-11,01-Sep-11,150/300/200mg,Tablet - FDC,No,See DN-2268 (ID#:82960),From RDC,"Lamivudine/Nevirapine/Zidovudine 150/200/300mg, tablets, 60 Tabs",2515.92,135900,1524798.0,PMO - US,"Aurobindo Unit III, India",Lamivudine/Nevirapine/Zidovudine,11.22,N/A - From RDC,SO-40060,FPQ-7053,1/24/11,ARV,111-MZ-T30,31-Aug-11,Truck,Adult,60,0.19,SCMS from RDC,N/A - From RDC,See DN-2268 (ID#:82960)
85193,DN-2274,Generic,Ghana,20-Jul-11,20-Jul-11,300mg,Tablet,Yes,226.25,From RDC,"Tenofovir Disoproxil Fumarate 300mg, tablets, 30 Tabs",115.61,10914,70067.88,PMO - US,Mylan (formerly Matrix) Nashik,Tenofovir Disoproxil Fumarate,6.42,N/A - From RDC,SO-39950,FPQ-7799,06-06-11,ARV,100-GH-T30,04-Jul-11,Air,Adult,30,0.21,SCMS from RDC,N/A - From RDC,611
37417,ASN-8664,Bioline,Zambia,14-Dec-10,14-Dec-10,MIssing,Test kit,Yes,771.88,Direct Drop,"HIV 1/2, Bioline 3.0 Kit, Lancets, Capillary pipets, Alcohol swabs included, 25 Tests",5.17,120,2400.0,PMO - US,"Standard Diagnostics, Korea","HIV 1/2, Bioline 3.0 Kit, Lancets, Capillary pipets, Alcohol swabs included",20.0,10-07-10,SCMS-87270,FPQ-6263,09-08-10,HRDT,110-ZM-T30,14-Dec-10,Air,HIV test,25,0.8,"Standard Diagnostics, Inc.",EXW,40
84741,DN-2798,Generic,Rwanda,23-Aug-12,23-Aug-12,600mg,Tablet,No,See DN-2798 (ID#:83065),From RDC,"Efavirenz 600mg, tablets, 30 Tabs",10.96,2000,7820.0,PMO - US,"Aurobindo Unit III, India",Efavirenz,3.91,N/A - From RDC,SO-42490,FPQ-10042,06-04-12,ARV,107-RW-T30,31-Aug-12,Air,Adult,30,0.13,SCMS from RDC,N/A - From RDC,See DN-2798 (ID#:83065)
5076,ASN-4333,Viread,South Africa,17-Apr-09,17-Apr-09,300mg,Tablet,Yes,Freight Included in Commodity Cost,Direct Drop,"Tenofovir Disoproxil Fumarate 300mg [Viread], tablets, 30 Tabs",10.42,250,5315.0,PMO - US,"Aspen-OSD, Port Elizabeth, SA",Tenofovir Disoproxil Fumarate,21.26,04-02-09,SCMS-42260,Pre-PQ Process,Pre-PQ Process,ARV,116-ZA-T01,21-Apr-09,Truck,Adult,30,0.71,S. BUYS WHOLESALER,DDP,Weight Captured Separately
85447,DN-3576,Generic,Ghana,14-Mar-14,25-Apr-14,600/300/300mg,Tablet - FDC,No,See DN-3576 (ID#:83216),From RDC,"Efavirenz/Lamivudine/Tenofovir Disoproxil Fumarate 600/300/300mg, tablets, 30 Tabs",526.96,47158,512607.46,PMO - US,Mylan (formerly Matrix) Nashik,Efavirenz/Lamivudine/Tenofovir Disoproxil Fumarate,10.87,N/A - From RDC,SO-47940,FPQ-13609,2/19/14,ARV,105-GH-T30,20-Mar-14,Truck,Adult,30,0.36,SCMS from RDC,N/A - From RDC,See DN-3576 (ID#:83216)
12453,DN-519,Generic,Ethiopia,31-Jan-08,31-Jan-08,600mg,Tablet,Yes,20222.4,From RDC,"Efavirenz 600mg, tablets, 30 Tabs",1343.82,67624,839890.08,PMO - US,"Aurobindo Unit III, India",Efavirenz,12.42,N/A - From RDC,SO-1522,Pre-PQ Process,Pre-PQ Process,ARV,117-ET-T01,31-Jan-08,Air,Adult,30,0.41,SCMS from RDC,N/A - From RDC,5840
12478,DN-717,Generic,Nigeria,18-Apr-08,18-Apr-08,30mg,Capsule,No,See DN-717 (ID#:11858),From RDC,"Stavudine 30mg, capsules, 60 Caps",1.02,420,638.4,PMO - US,"Aurobindo Unit III, India",Stavudine,1.52,N/A - From RDC,SO-2351,Pre-PQ Process,Pre-PQ Process,ARV,112-NG-T01,18-Apr-08,Air,Adult,60,0.03,SCMS from RDC,N/A - From RDC,See DN-717 (ID#:11858)
82384,DN-2224,Generic,Zimbabwe,30-Jun-11,30-Jun-11,30/50/60mg,Chewable/dispersible tablet - FDC,Yes,4428.06,From RDC,"Lamivudine/Nevirapine/Zidovudine 30/50/60mg, dispersible tablets, 60 Tabs",320.7,35000,148750.0,PMO - US,Mylan (formerly Matrix) Nashik,Lamivudine/Nevirapine/Zidovudine,4.25,N/A - From RDC,SO-39520,FPQ-6483,10/13/10,ARV,200-ZW-T30,31-May-11,Truck,Pediatric,60,0.07,SCMS from RDC,N/A - From RDC,2032
12522,DN-1002,Norvir,Mozambique,27-Nov-08,27-Nov-08,100mg,Capsule,Yes,2765.64,From RDC,"Ritonavir 100mg [Norvir], capsules, cool, 4 x 84 Caps",0,180,0.0,PMO - US,ABBVIE (Abbott) France,Ritonavir,0.0,N/A - From RDC,SO-18330,Pre-PQ Process,Pre-PQ Process,ARV,111-MZ-T01,27-Nov-08,Air,Adult,336,0.0,SCMS from RDC,N/A - From RDC,256
551,ASN-2865,Capillus,Haiti,24-Nov-08,24-Nov-08,MIssing,Test kit,Yes,871.57,Direct Drop,"HIV 1/2, Capillus HIV Kit, 100 Tests",22.88,84,11676.0,PMO - US,"Trinity Biotech, Plc","HIV 1/2, Capillus HIV Kit",139.0,5/23/08,SCMS-24020,Pre-PQ Process,Pre-PQ Process,HRDT,106-HT-T01,24-Nov-08,Air,HIV test,100,1.39,"Trinity Biotech, Plc",EXW,54
48043,ASN-8589,Determine,Kenya,12-Nov-10,12-Nov-10,MIssing,Test kit,Yes,15200.59,Direct Drop,"HIV 1/2, Determine Complete HIV Kit, 100 Tests",1569.23,8178,727842.0,PMO - US,Inverness Japan,"HIV 1/2, Determine Complete HIV Kit",89.0,8/27/10,SCMS-80820,FPQ-6114,7/23/10,HRDT,102-KE-T30,12-Nov-10,Air,HIV test,100,0.89,"Orgenics, Ltd",EXW,1407
84581,DN-1964,Generic,Haiti,23-Aug-10,23-Aug-10,10mg/ml,Oral solution,No,See DN-1964 (ID#:82908),From RDC,"Lamivudine 10mg/ml, oral solution, Bottle, 240 ml",15.98,3840,7411.2,PMO - US,"Cipla, Goa, India",Lamivudine,1.93,N/A - From RDC,SO-36760,FPQ-5523,4/19/10,ARV,106-HT-T30,10-Aug-10,Air,Pediatric,240,0.01,SCMS from RDC,N/A - From RDC,See DN-1964 (ID#:82908)
84545,DN-1757,Generic,Uganda,25-Mar-10,25-Mar-10,600mg,Tablet,Yes,1854,From RDC,"Efavirenz 600mg, tablets, 30 Tabs",51.91,4500,24075.0,PMO - US,Mylan (formerly Matrix) Nashik,Efavirenz,5.35,N/A - From RDC,SO-35890,FPQ-5014,1/29/10,ARV,114-UG-T30,07-Apr-10,Truck,Adult,30,0.18,SCMS from RDC,N/A - From RDC,350
65370,ASN-5933,Generic,South Africa,29-Dec-09,29-Dec-09,200mg,Tablet,No,Freight Included in Commodity Cost,Direct Drop,"Nevirapine 200mg, tablets, 60 Tabs",14.39,300,6676.17,PMO - US,"Cipla, Goa, India",Nevirapine,22.25,12/23/09,SCMS-60170,FPQ-4770,12/17/09,ARV,116-ZA-T30,29-Dec-09,Truck,Adult,60,0.37,S. BUYS WHOLESALER,DDP,Weight Captured Separately
34143,ASN-32122,Generic,South Africa,12-May-15,12-May-15,10mg/ml,Oral solution,No,Freight Included in Commodity Cost,Direct Drop,"Lamivudine 10mg/ml, oral solution, Bottle, 240 ml",0.03,6,31.01,PMO - US,"Aurobindo Unit III, India",Lamivudine,5.17,05-11-15,SCMS-259075,FPQ-14942,09-11-14,ARV,116-ZA-T30,12-May-15,Truck,Pediatric,240,0.02,PHARMACY DIRECT,DDP,Weight Captured Separately
83855,DN-3975,Generic,"Congo, DRC",18-Feb-15,23-Feb-15,600mg,Tablet,No,See DN-3975 (ID#:82748),From RDC,"Efavirenz 600mg, tablets, 30 Tabs",8.59,2660,8352.4,PMO - US,"Micro labs, Verna, Goa, India",Efavirenz,3.14,N/A - From RDC,SO-49290,FPQ-14576,7/14/14,ARV,101-CD-T30,30-Jan-15,Air,Adult,30,0.1,SCMS from RDC,N/A - From RDC,See DN-3975 (ID#:82748)
85697,DN-1974,Generic,Nigeria,17-Aug-10,17-Aug-10,150/300/200mg,Tablet - FDC,Yes,6147.18,From RDC,"Lamivudine/Nevirapine/Zidovudine 150/200/300mg, tablets, 60 Tabs",1935.23,80000,897600.0,PMO - US,"Aurobindo Unit III, India",Lamivudine/Nevirapine/Zidovudine,11.22,N/A - From RDC,SO-36930,FPQ-5688,5/27/10,ARV,151-NG-T30,31-Aug-10,Air Charter,Adult,60,0.19,SCMS from RDC,N/A - From RDC,10519
85273,DN-2710,Generic,Nigeria,03-Jun-12,03-Jun-12,300/300mg,Tablet - FDC,Yes,17090,From RDC,"Lamivudine/Tenofovir Disoproxil Fumarate 300/300mg, tablets, 30 Tabs",216.79,27911,154626.94,PMO - US,"Cipla, Kurkumbh, India",Lamivudine/Tenofovir Disoproxil Fumarate,5.54,N/A - From RDC,SO-42336,FPQ-9432,03-01-12,ARV,151-NG-T30,02-Aug-12,Air Charter,Adult,30,0.18,SCMS from RDC,N/A - From RDC,11969
83369,DN-1311,Generic,Nigeria,04-Aug-09,04-Aug-09,30mg,Capsule,No,See DN-1311 (ID#:82837),From RDC,"Stavudine 30mg, capsules, 60 Caps",0.14,50,73.0,PMO - US,"Aurobindo Unit III, India",Stavudine,1.46,N/A - From RDC,SO-32270,FPQ-3815,5/26/09,ARV,154-NG-T30,30-Jul-09,Air Charter,Adult,60,0.02,SCMS from RDC,N/A - From RDC,See DN-1311 (ID#:82837)
86139,DN-3966,Generic,CÃte dIvoire,17-Oct-14,07-Nov-14,300mg,Tablet,No,See DN-3966 (ID#:82739),From RDC,"Tenofovir Disoproxil Fumarate 300mg, tablets, 30 Tabs",7.8,2095,7583.9,PMO - US,Mylan (formerly Matrix) Nashik,Tenofovir Disoproxil Fumarate,3.62,N/A - From RDC,SO-49880,FPQ-13628,1/29/14,ARV,104-CI-T30,31-Oct-14,Truck,Adult,30,0.12,SCMS from RDC,N/A - From RDC,See DN-3966 (ID#:82739)
62942,ASN-5310,Invirase,Mozambique,11-Nov-09,11-Nov-09,200mg,Capsule,Yes,2191.21,Direct Drop,"Saquinavir 200mg [Invirase], capsules, 270 Caps",72.55,392,37017.53,PMO - US,Roche Basel,Saquinavir,94.43,09-03-09,SCMS-52440,FPQ-4108,8/20/09,ARV,111-MZ-T30,11-Nov-09,Air,Adult,270,0.35,Hoffmann-La Roche ltd Basel,FCA,202
1,ASN-8,Reveal,CÃte dIvoire,02-Jun-06,02-Jun-06,MIssing,Test kit,Yes,780.34,Direct Drop,"HIV, Reveal G3 Rapid HIV-1 Antibody Test, 30 Tests",MIssing,19,551.0,PMO - US,Ranbaxy Fine Chemicals LTD,"HIV, Reveal G3 Rapid HIV-1 Antibody Test",29.0,Date Not Captured,SCMS-4,Pre-PQ Process,Pre-PQ Process,HRDT,100-CI-T01,02-Jun-06,Air,HIV test,30,0.97,RANBAXY Fine Chemicals LTD.,EXW,13
28960,ASN-24415,Generic,South Africa,06-Feb-14,06-Feb-14,600mg,Tablet,No,Freight Included in Commodity Cost,Direct Drop,"Efavirenz 600mg, tablets, 30 Tabs",21.61,1131,17468.66,PMO - US,"Aurobindo Unit III, India",Efavirenz,15.45,12-02-13,SCMS-215370,FPQ-13035,10-08-13,ARV,116-ZA-T30,06-Feb-14,Truck,Adult,30,0.52,S. BUYS WHOLESALER,DDP,Weight Captured Separately
84048,DN-2026,Generic,Uganda,25-Oct-10,25-Oct-10,150/300/200mg,Tablet - FDC,No,See DN-2026 (ID#:84047),From RDC,"Lamivudine/Nevirapine/Zidovudine 150/200/300mg, tablets, 60 Tabs",751.93,31084,348762.48,PMO - US,Mylan (formerly Matrix) Nashik,Lamivudine/Nevirapine/Zidovudine,11.22,N/A - From RDC,SO-37460,FPQ-6403,9/16/10,ARV,102-UG-T30,20-Oct-10,Air,Adult,60,0.19,SCMS from RDC,N/A - From RDC,See DN-2026 (ID#:84047)
44363,ASN-21798,Generic,Dominican Republic,04-Oct-13,18-Oct-13,300mg,Capsule,Yes,1965.62,Direct Drop,"Atazanavir 300mg, capsules, 30 Caps",47.06,1902,38040.0,PMO - US,"Emcure Plot No.P-2, I.T-B.T. Park, Phase II, MIDC, Hinjwadi, Pune, India",Atazanavir,20.0,08-12-13,SCMS-202650,FPQ-11964,04-10-13,ARV,103-DO-T30,04-Oct-13,Air,Adult,30,0.67,EMCURE PHARMACEUTICALS LTD,EXW,170
84166,DN-2641,Generic,Libya,23-May-12,23-May-12,150mg,Tablet,No,See DN-2641 (ID#:83029),From RDC,"Lamivudine 150mg, tablets, 60 Tabs",27.22,8334,19418.22,PMO - US,Macleods Daman Plant INDIA,Lamivudine,2.33,N/A - From RDC,SO-41900,FPQ-9665,04-04-12,ARV,102-LY-T30,23-May-12,Air,Adult,60,0.04,SCMS from RDC,N/A - From RDC,See DN-2641 (ID#:83029)
11204,DN-446,Trizivir,CÃte dIvoire,30-Nov-07,30-Nov-07,300/150/300mg,Tablet - FDC,Yes,1392,From RDC,"Abacavir/Lamivudine/Zidovudine 300/150/300mg [Trizivir], tablets, 60 Tabs",111.44,995,69650.0,PMO - US,GSK Ware (UK),Abacavir/Lamivudine/Zidovudine,70.0,N/A - From RDC,SO-604,Pre-PQ Process,Pre-PQ Process,ARV,104-CI-T01,30-Nov-07,Air,Adult,60,1.17,SCMS from RDC,N/A - From RDC,219
23467,ASN-11381,Generic,South Africa,02-Nov-11,02-Nov-11,200mg,Tablet,Yes,17703.62,Direct Drop,"Nevirapine 200mg, tablets, 60 Tabs",402.46,89674,243913.28,PMO - US,"Cipla, Goa, India",Nevirapine,2.72,3/28/11,SCMS-104070,FPQ-7175,03-10-11,ARV,161-ZA-T30,02-Nov-11,Ocean,Adult,60,0.05,CIPLA LIMITED,DDP,9667
86448,DN-2508,Generic,"Congo, DRC",14-Mar-12,14-Mar-12,300/300mg,Tablet - FDC,No,See DN-2508 (ID#:85821),From RDC,"Lamivudine/Tenofovir Disoproxil Fumarate 300/300mg, tablets, 30 Tabs",0.31,36,218.88,PMO - US,Mylan (formerly Matrix) Nashik,Lamivudine/Tenofovir Disoproxil Fumarate,6.08,N/A - From RDC,SO-41144,FPQ-8840,11/21/11,ARV,101-CD-T30,16-Mar-12,Air,Adult,30,0.2,SCMS from RDC,N/A - From RDC,See DN-2508 (ID#:85821)
61715,ASN-15287,Generic,Rwanda,29-Jun-12,29-Jun-12,20mg/ml,Oral solution,Yes,6072.8,Direct Drop,"Abacavir 20mg/ml, oral solution, Bottle, 240 ml",49.96,4192,35632.0,PMO - US,"Cipla, Goa, India",Abacavir,8.5,3/14/12,SCMS-129500,FPQ-8741,11/30/11,ARV,107-RW-T30,29-Jun-12,Air,Pediatric,240,0.04,CIPLA LIMITED,EXW,1514
3245,ASN-2399,Uni-Gold,Zambia,26-Sep-08,26-Sep-08,MIssing,Test kit,Yes,34902.96,Direct Drop,"HIV 1/2, Uni-Gold HIV Kit, 20 Tests",460.8,9000,288000.0,PMO - US,"Trinity Biotech, Plc","HIV 1/2, Uni-Gold HIV Kit",32.0,6/20/08,SCMS-25790,Pre-PQ Process,Pre-PQ Process,HRDT,110-ZM-T01,26-Sep-08,Air,HIV test,20,1.6,"Trinity Biotech, Plc",EXW,3000
85669,DN-1770,Generic,Uganda,15-Apr-10,15-Apr-10,200/300mg,Tablet - FDC,Yes,2393.54,From RDC,"Emtricitabine/Tenofovir Disoproxil Fumarate 200/300mg, tablets, 30 Tabs",32.93,1300,15275.0,PMO - US,Mylan (formerly Matrix) Nashik,Emtricitabine/Tenofovir Disoproxil Fumarate,11.75,N/A - From RDC,SO-36240,FPQ-5275,03-04-10,ARV,114-UG-T30,04-Jun-10,Air,Adult,30,0.39,SCMS from RDC,N/A - From RDC,105
83482,DN-2098,Generic,CÃte dIvoire,22-Feb-11,22-Feb-11,150mg,Tablet,Yes,8758.37,From RDC,"Lamivudine 150mg, tablets, 60 Tabs",87.01,17320,40355.6,PMO - US,"Aurobindo Unit III, India",Lamivudine,2.33,N/A - From RDC,SO-37710,FPQ-6495,10-04-10,ARV,104-CI-T30,31-Jan-11,Truck,Adult,60,0.04,SCMS from RDC,N/A - From RDC,1721
11574,DN-1012,Generic,Nigeria,26-Nov-08,26-Nov-08,150/300mg,Tablet - FDC,Yes,2426.8,From RDC,"Lamivudine/Zidovudine 150/300mg, tablets, 60 Tabs",50.95,2780,25993.0,PMO - US,"Aurobindo Unit III, India",Lamivudine/Zidovudine,9.35,N/A - From RDC,SO-17690,Pre-PQ Process,Pre-PQ Process,ARV,130-NG-T01,26-Nov-08,Air,Adult,60,0.16,SCMS from RDC,N/A - From RDC,262
11559,DN-902,Aluvia,Tanzania,26-Sep-08,26-Sep-08,200/50mg,Tablet,Yes,1153.97,From RDC,"Lopinavir/Ritonavir 200/50mg [Aluvia], tablets, 120 Tabs",169.66,2580,106038.0,PMO - US,ABBVIE Ludwigshafen Germany,Lopinavir/Ritonavir,41.1,N/A - From RDC,SO-2682,Pre-PQ Process,Pre-PQ Process,ARV,109-TZ-T01,26-Sep-08,Air,Adult,120,0.34,SCMS from RDC,N/A - From RDC,587
5509,ASN-1251,Kaletra,South Africa,29-Jan-08,29-Jan-08,133.3/33.3mg,Capsule,No,Freight Included in Commodity Cost,Direct Drop,"Lopinavir/Ritonavir 133.3/33.3mg [Kaletra], capsules, cool, 2 x 90 Caps",30.89,400,19304.0,PMO - US,ABBVIE (Abbott) Logis. UK,Lopinavir/Ritonavir,48.26,11-12-07,SCMS-14050,Pre-PQ Process,Pre-PQ Process,ARV,116-ZA-T01,29-Jan-08,MIssing,Adult,180,0.27,"JSI R&T INSTITUTE, INC.",DDP,Weight Captured Separately
73177,ASN-23667,Generic,Vietnam,22-Jan-14,22-Jan-14,600mg,Tablet,Yes,668.75,Direct Drop,"Efavirenz 600mg, tablets, 30 Tabs",3.94,983,3184.92,PMO - US,Hetero Unit III Hyderabad IN,Efavirenz,3.24,10/14/13,SCMS-210810,FPQ-12539,07-11-13,ARV,108-VN-T30,22-Jan-14,Air,Adult,30,0.11,HETERO LABS LIMITED,EXW,93
12165,DN-756,Generic,Zimbabwe,11-Jun-08,11-Jun-08,150/200/30mg,Tablet - FDC,No,See DN-756 (ID#:11866),From RDC,"Lamivudine/Nevirapine/Stavudine 150/200/30mg, tablets, 60 Tabs",440.92,37240,275576.0,PMO - US,"Cipla, Goa, India",Lamivudine/Nevirapine/Stavudine,7.4,N/A - From RDC,SO-2667,Pre-PQ Process,Pre-PQ Process,ARV,100-ZW-T01,11-Jun-08,Air,Adult,60,0.12,SCMS from RDC,N/A - From RDC,See DN-756 (ID#:11866)
50798,ASN-27659,Generic,Haiti,28-Oct-14,19-Nov-14,10mg/ml,Oral solution,No,See ASN-27659 (ID#:16881),Direct Drop,"Lamivudine 10mg/ml, oral solution, Bottle, 240 ml",2.43,1650,2359.5,PMO - US,"Aurobindo Unit III, India",Lamivudine,1.43,6/26/14,SCMS-240191,FPQ-14083,05-11-14,ARV,106-HT-T30,28-Oct-14,Ocean,Pediatric,240,0.01,Aurobindo Pharma Limited,EXW,See ASN-27659 (ID#:16881)
84833,DN-3248,Generic,CÃte dIvoire,21-Aug-13,21-Aug-13,300mg,Tablet,Yes,1620.19,From RDC,"Tenofovir Disoproxil Fumarate 300mg, tablets, 30 Tabs",8.22,1644,6641.76,PMO - US,Mylan (formerly Matrix) Nashik,Tenofovir Disoproxil Fumarate,4.04,N/A - From RDC,SO-44150,FPQ-11254,12/14/12,ARV,104-CI-T30,31-Oct-13,Truck,Adult,30,0.13,SCMS from RDC,N/A - From RDC,97
36219,ASN-11472,Generic,South Africa,05-Sep-11,05-Sep-11,300mg,Tablet,Yes,14621.3,Direct Drop,"Zidovudine 300mg, tablets, 60 Tabs",1204.5,100000,730000.0,PMO - US,"Aurobindo Unit III, India",Zidovudine,7.3,3/24/11,SCMS-103420,FPQ-7175,03-10-11,ARV,161-ZA-T30,05-Sep-11,Ocean,Adult,60,0.12,Aurobindo Pharma Limited,DDP,5178
84678,DN-2410,Generic,Zimbabwe,21-Nov-11,21-Nov-11,150/30mg,Tablet - FDC,Yes,481.71,From RDC,"Lamivudine/Stavudine 150/30mg, tablets, 60 Tabs",0.37,76,224.2,PMO - US,"Cipla, Goa, India",Lamivudine/Stavudine,2.95,N/A - From RDC,SO-38513,FPQ-7052,1/19/11,ARV,113-ZW-T30,14-Nov-11,Truck,Adult,60,0.05,SCMS from RDC,N/A - From RDC,248
3357,ASN-2502,Retrovir,South Africa,18-Aug-08,18-Aug-08,10mg/ml,Oral solution,Yes,Freight Included in Commodity Cost,Direct Drop,"Zidovudine 10mg/ml [Retrovir], oral solution, Bottle, 200 ml",0.58,60,360.6,PMO - US,GSK Mississauga (Canada),Zidovudine,6.01,Date Not Captured,SCMS-28830,Pre-PQ Process,Pre-PQ Process,ARV,116-ZA-T01,25-Aug-08,Truck,Pediatric,200,0.03,S. BUYS WHOLESALER,DDP,Weight Captured Separately
84735,DN-2744,Generic,Uganda,26-Jul-12,26-Jul-12,300mg,Tablet,No,See DN-2744 (ID#:82490),From RDC,"Tenofovir Disoproxil Fumarate 300mg, tablets, 30 Tabs",5.43,804,3875.28,PMO - US,Mylan (formerly Matrix) Nashik,Tenofovir Disoproxil Fumarate,4.82,N/A - From RDC,SO-41593,FPQ-9355,2/20/12,ARV,114-UG-T30,05-Sep-12,Truck,Adult,30,0.16,SCMS from RDC,N/A - From RDC,See DN-2744 (ID#:82490)
57218,ASN-6266,Generic,Vietnam,19-Mar-10,19-Mar-10,150/300mg,Tablet - FDC,No,See ASN-6266 (ID#:15368),Direct Drop,"Lamivudine/Zidovudine 150/300mg, tablets, 60 Tabs",256.58,15204,130906.44,PMO - US,"Aurobindo Unit III, India",Lamivudine/Zidovudine,8.61,11/13/09,SCMS-57130,FPQ-4265,10/20/09,ARV,108-VN-T30,19-Mar-10,Air,Adult,60,0.14,Aurobindo Pharma Limited,EXW,See ASN-6266 (ID#:15368)
54934,ASN-33851,Generic,South Africa,24-Aug-15,24-Aug-15,250mg,Delayed-release capsules,No,Freight Included in Commodity Cost,Direct Drop,"Didanosine 250mg, delayed-release capsules, 30 Caps",0.07,6,71.03,PMO - US,"Aurobindo Unit III, India",Didanosine,11.84,10-09-14,SCMS-259079,FPQ-14942,09-11-14,ARV,116-ZA-T30,24-Aug-15,Truck,Adult,30,0.39,PHARMACY DIRECT,DDP,Weight Captured Separately
11018,DN-945,Generic,Haiti,27-Oct-08,27-Oct-08,600mg,Tablet,Yes,101348.75,From RDC,"Efavirenz 600mg, tablets, 30 Tabs",144.18,8192,90112.0,PMO - US,Mylan (formerly Matrix) Nashik,Efavirenz,11.0,N/A - From RDC,SO-15950,Pre-PQ Process,Pre-PQ Process,ARV,106-HT-T01,27-Oct-08,Air,Adult,30,0.37,SCMS from RDC,N/A - From RDC,9516
3808,ASN-4648,Determine,Kenya,28-Aug-09,28-Aug-09,MIssing,Test kit,Yes,17974.65,Direct Drop,"HIV 1/2, Determine Complete HIV Kit, 100 Tests",1176,7500,600000.0,PMO - US,Inverness Japan,"HIV 1/2, Determine Complete HIV Kit",80.0,5/14/09,SCMS-42961,Pre-PQ Process,Pre-PQ Process,HRDT,102-KE-T01,07-Aug-09,Air,HIV test,100,0.8,"Orgenics, Ltd",EXW,2215
50316,ASN-5104,Determine,Nigeria,16-Nov-09,16-Nov-09,MIssing,Test kit,Yes,43338.93,Direct Drop,"HIV 1/2, Determine Complete HIV Kit, 100 Tests",755.31,4817,385360.0,PMO - US,Inverness Japan,"HIV 1/2, Determine Complete HIV Kit",80.0,08-07-09,SCMS-51080,FPQ-4069,08-03-09,HRDT,133-NG-T30,16-Nov-09,Air,HIV test,100,0.8,"Orgenics, Ltd",EXW,2305
83712,DN-3269,Generic,"Congo, DRC",08-Feb-14,11-Mar-14,200mg,Tablet,No,See DN-3269 (ID#:83711),From RDC,"Efavirenz 200mg, scored tablets, 90 Tabs",2.82,312,2277.6,PMO - US,"Strides, Bangalore, India.",Efavirenz,7.3,N/A - From RDC,SO-45030,FPQ-12088,04-12-13,ARV,101-CD-T30,28-Aug-13,Air,Pediatric,90,0.08,SCMS from RDC,N/A - From RDC,See DN-3269 (ID#:83711)
83850,DN-3972,Generic,Zimbabwe,30-Oct-14,07-Nov-14,30/50/60mg,Chewable/dispersible tablet - FDC,No,See DN-3972 (ID#:82740),From RDC,"Lamivudine/Nevirapine/Zidovudine 30/50/60mg, dispersible tablets, 60 Tabs",140.49,37963,136666.8,PMO - US,"Cipla, Goa, India",Lamivudine/Nevirapine/Zidovudine,3.6,N/A - From RDC,SO-49890,FPQ-13967,04-02-14,ARV,103-ZW-T30,14-Nov-14,Truck,Pediatric,60,0.06,SCMS from RDC,N/A - From RDC,See DN-3972 (ID#:82740)
82802,DN-4256,Generic,Zambia,15-May-15,15-May-15,200mg,Tablet,Yes,535.52,From RDC,"Nevirapine 200mg, tablets, 60 Tabs",8.8,3926,8558.68,PMO - US,"Cipla, Goa, India",Nevirapine,2.18,N/A - From RDC,SO-49284,FPQ-14575,07-11-14,ARV,110-ZM-T30,29-May-15,Truck,Adult,60,0.04,SCMS from RDC,N/A - From RDC,477
56416,ASN-15427,Generic,Uganda,23-Jul-12,23-Jul-12,600mg,Tablet,Yes,7651.56,Direct Drop,"Efavirenz 600mg, tablets, 30 Tabs",98.28,20617,70097.8,PMO - US,"Aurobindo Unit III, India",Efavirenz,3.4,06-12-12,SCMS-149400,FPQ-10089,06-07-12,ARV,900-UG-T30,23-Jul-12,Air,Adult,30,0.11,Aurobindo Pharma Limited,EXW,1770
83998,DN-1800,Generic,Guyana,27-May-10,27-May-10,100mg,Capsule,No,See DN-1800 (ID#:83422),From RDC,"Zidovudine 100mg, capsules, 100 Caps",5.89,564,2729.76,PMO - US,"Aurobindo Unit III, India",Zidovudine,4.84,N/A - From RDC,SO-36640,FPQ-5470,04-07-10,ARV,105-GY-T30,30-Jun-10,Air,Pediatric,100,0.05,SCMS from RDC,N/A - From RDC,See DN-1800 (ID#:83422)
65452,ASN-24711,Stat-Pak,Burundi,24-Mar-14,24-Mar-14,MIssing,Test kit,Yes,946.77,Direct Drop,"HIV 1/2, Stat-Pak Dipstick Assay Kit, 30 Tests",9.79,345,9522.0,PMO - US,Chembio Diagnostics Sys. Inc.,"HIV 1/2, Stat-Pak Dipstick Assay Kit",27.6,02-03-14,SCMS-223460,FPQ-13443,01-06-14,HRDT,102-BI-T30,24-Mar-14,Air,HIV test,30,0.92,"CHEMBIO DIAGNOSTIC SYSTEMS, INC.",EXW,37
82964,DN-2276,Generic,Uganda,14-Jul-11,14-Jul-11,150/300/200mg,Tablet - FDC,Yes,18317.11,From RDC,"Lamivudine/Nevirapine/Zidovudine 150/200/300mg, tablets, 60 Tabs",385.68,20833,233746.26,PMO - US,Mylan (formerly Matrix) Nashik,Lamivudine/Nevirapine/Zidovudine,11.22,N/A - From RDC,SO-40140,FPQ-7652,4/29/11,ARV,114-UG-T30,05-Sep-11,Truck,Adult,60,0.19,SCMS from RDC,N/A - From RDC,2757
82500,DN-2808,Generic,Mozambique,29-Oct-12,29-Oct-12,10mg/ml,Oral solution,Yes,19730.62,From RDC,"Zidovudine 10mg/ml, oral solution w/syringe, Bottle, 240 ml",21.05,7150,15015.0,PMO - US,"Aurobindo Unit III, India",Zidovudine,2.1,N/A - From RDC,SO-42950,FPQ-10210,6/28/12,ARV,111-MZ-T30,30-Nov-12,Truck,Pediatric,240,0.01,SCMS from RDC,N/A - From RDC,2778
84801,DN-3080,Generic,South Sudan,23-Apr-13,23-Apr-13,200mg,Tablet,No,See DN-3080 (ID#:82562),From RDC,"Efavirenz 200mg, scored tablets, 90 Tabs",0.6,66,481.8,PMO - US,"Strides, Bangalore, India.",Efavirenz,7.3,N/A - From RDC,SO-44620,FPQ-11489,1/16/13,ARV,103-SS-T30,17-Apr-13,Air,Pediatric,90,0.08,SCMS from RDC,N/A - From RDC,See DN-3080 (ID#:82562)
2705,ASN-194,OraQuick,Haiti,07-Feb-07,07-Feb-07,MIssing,Test kit,Yes,1498.02,Direct Drop,"HIV 1/2, OraQuick Advance HIV Rapid Antibody Kit, 100 Tests",MIssing,25,10000.0,PMO - US,"Pacific Biotech, Thailand","HIV 1/2, OraQuick Advance HIV Rapid Antibody Kit",400.0,Date Not Captured,SCMS-276,Pre-PQ Process,Pre-PQ Process,HRDT,106-HT-T01,07-Feb-07,Air,HIV test,100,4.0,Orasure Technologies Inc.,EXW,60
16881,ASN-27659,Generic,Haiti,28-Oct-14,19-Nov-14,10mg/ml,Oral solution,Yes,Invoiced Separately,Direct Drop,"Zidovudine 10mg/ml, oral solution, Bottle, 240 ml",4.19,2040,4080.0,PMO - US,"Aurobindo Unit III, India",Zidovudine,2.0,6/26/14,SCMS-240191,FPQ-14083,05-11-14,ARV,106-HT-T30,28-Oct-14,Ocean,Pediatric,240,0.01,Aurobindo Pharma Limited,EXW,Weight Captured Separately
83341,DN-4292,Generic,Nigeria,02-Jun-15,17-Jun-15,30/50/60mg,Chewable/dispersible tablet - FDC,Yes,5852.71,From RDC,"Lamivudine/Nevirapine/Zidovudine 30/50/60mg, dispersible tablets, 60 Tabs",61.04,16495,59382.0,PMO - US,"Cipla, Goa, India",Lamivudine/Nevirapine/Zidovudine,3.6,N/A - From RDC,SO-51429,FPQ-14989,9/19/14,ARV,151-NG-T30,30-Jun-15,Air Charter,Pediatric,60,0.06,SCMS from RDC,N/A - From RDC,1636
82743,DN-3954,Generic,"Congo, DRC",14-Apr-15,14-Apr-15,10mg/ml,Oral suspension,Yes,13290.31,From RDC,"Nevirapine 10mg/ml, oral suspension w/syringe, Bottle, 240 ml",1.76,1135,1713.85,PMO - US,"Aurobindo Unit III, India",Nevirapine,1.51,N/A - From RDC,SO-49310,FPQ-14576,7/14/14,ARV,101-CD-T30,14-Apr-15,Air,Pediatric,240,0.01,SCMS from RDC,N/A - From RDC,1165
84671,DN-2351,Generic,Nigeria,28-Sep-11,28-Sep-11,200mg,Tablet,Yes,18495.9,From RDC,"Nevirapine 200mg, tablets, 60 Tabs",680.85,164398,412638.98,PMO - US,Hetero Unit III Hyderabad IN,Nevirapine,2.51,N/A - From RDC,SO-39992,FPQ-7812,06-06-11,ARV,151-NG-T30,03-Nov-11,Air Charter,Adult,60,0.04,SCMS from RDC,N/A - From RDC,9988
10929,DN-530,Stocrin/Sustiva,Ethiopia,17-Dec-07,17-Dec-07,200mg,Capsule,Yes,1722,From RDC,"Efavirenz 200mg [Stocrin/Sustiva], capsule, 90 Caps",43.32,1692,27072.0,PMO - US,"MSD Manati, Puerto Rico, (USA)",Efavirenz,16.0,N/A - From RDC,SO-1525,Pre-PQ Process,Pre-PQ Process,ARV,117-ET-T01,17-Dec-07,Air,Pediatric,90,0.18,SCMS from RDC,N/A - From RDC,182
37820,ASN-31854,Generic,South Africa,28-Apr-15,28-Apr-15,300mg,Tablet,No,Freight Included in Commodity Cost,Direct Drop,"Tenofovir Disoproxil Fumarate 300mg, tablets, 30 Tabs",1.18,60,1147.25,PMO - US,Mylan (formerly Matrix) Nashik,Tenofovir Disoproxil Fumarate,19.12,4/28/15,SCMS-238556,FPQ-13973,4/30/14,ARV,116-ZA-T30,28-Apr-15,Truck,Adult,30,0.64,PHARMACY DIRECT,DDP,Weight Captured Separately
53675,ASN-12497,Generic,South Africa,07-Dec-11,07-Dec-11,10mg/ml,Oral solution,Yes,9021.5,Direct Drop,"Lamivudine 10mg/ml, oral solution, Bottle, 240 ml",33.85,9960,20517.6,PMO - US,"Cipla, Goa, India",Lamivudine,2.06,3/28/11,SCMS-103810,FPQ-7175,03-10-11,ARV,161-ZA-T30,07-Dec-11,Ocean,Pediatric,240,0.01,CIPLA LIMITED,DDP,3670
11071,DN-1460,Generic,CÃte dIvoire,07-Oct-09,07-Oct-09,200/300mg,Tablet - FDC,Yes,1234.91,From RDC,"Emtricitabine/Tenofovir Disoproxil Fumarate 200/300mg, tablets, 30 Tabs",13.27,576,6768.0,PMO - US,Mylan (formerly Matrix) Nashik,Emtricitabine/Tenofovir Disoproxil Fumarate,11.75,N/A - From RDC,SO-33231,Pre-PQ Process,Date Not Captured,ARV,104-CI-T01,07-Oct-09,Air,Adult,30,0.39,SCMS from RDC,N/A - From RDC,47
86512,DN-2831,Generic,Uganda,31-Oct-12,31-Oct-12,300/300mg,Tablet - FDC,Yes,11846.85,From RDC,"Lamivudine/Tenofovir Disoproxil Fumarate 300/300mg, tablets, 30 Tabs",148.18,19078,105692.12,PMO - US,Hetero Unit III Hyderabad IN,Lamivudine/Tenofovir Disoproxil Fumarate,5.54,N/A - From RDC,SO-42082,FPQ-9875,05-09-12,ARV,114-UG-T30,31-Oct-12,Truck,Adult,30,0.18,SCMS from RDC,N/A - From RDC,2030
11060,DN-1313,Generic,CÃte dIvoire,19-Aug-09,19-Aug-09,150/30mg,Tablet - FDC,Yes,11032.42,From RDC,"Lamivudine/Stavudine 150/30mg, tablets, 60 Tabs",78.06,10480,39824.0,PMO - US,"Cipla, Goa, India",Lamivudine/Stavudine,3.8,N/A - From RDC,SO-27530,Pre-PQ Process,Date Not Captured,ARV,104-CI-T01,19-Aug-09,Air,Adult,60,0.06,SCMS from RDC,N/A - From RDC,786
3378,ASN-3047,Determine,Mozambique,17-Feb-09,17-Feb-09,MIssing,Test kit,Yes,3499.18,Direct Drop,"HIV 1/2, Determine Complete HIV Kit, 100 Tests",156.8,1000,80000.0,PMO - US,ABBVIE GmbH & Co.KG Wiesbaden,"HIV 1/2, Determine Complete HIV Kit",80.0,8/29/08,SCMS-29460,Pre-PQ Process,Pre-PQ Process,HRDT,111-MZ-T01,17-Feb-09,Air,HIV test,100,0.8,Abbott GmbH & Co. KG,FCA,337
11916,DN-1004,Determine,Pakistan,17-Nov-08,17-Nov-08,MIssing,Test kit,No,See DN-1004 (ID#:11280),From RDC,"HIV 1/2, Determine HIV Kit, without Lancets, 100 Tests",2.35,12,1199.88,PMO - US,Inverness Japan,"HIV 1/2, Determine HIV Kit, without Lancets",99.99,N/A - From RDC,SO-14930,Pre-PQ Process,Pre-PQ Process,HRDT,100-PK-T01,17-Nov-08,Air,HIV test,100,1.0,SCMS from RDC,N/A - From RDC,See DN-1004 (ID#:11280)
85964,DN-3142,Generic,Nigeria,03-May-13,03-May-13,150/300/200mg,Tablet - FDC,Yes,14547.55,From RDC,"Lamivudine/Nevirapine/Zidovudine 150/200/300mg, tablets, 60 Tabs",385.04,36278,311265.24,PMO - US,"Cipla, Goa, India",Lamivudine/Nevirapine/Zidovudine,8.58,N/A - From RDC,SO-43847,FPQ-11022,11/15/12,ARV,151-NG-T30,21-May-13,Air Charter,Adult,60,0.14,SCMS from RDC,N/A - From RDC,4943
85768,DN-2242,Generic,Mozambique,04-Aug-11,04-Aug-11,10mg/ml,Oral suspension,No,See DN-2242 (ID#:84654),From RDC,"Nevirapine 10mg/ml, oral suspension, Bottle, 240 ml",72.75,24496,44092.8,PMO - US,"Aurobindo Unit III, India",Nevirapine,1.8,N/A - From RDC,SO-39820,FPQ-7053,1/24/11,ARV,111-MZ-T30,10-Aug-11,Truck,Pediatric,240,0.01,SCMS from RDC,N/A - From RDC,See DN-2242 (ID#:84654)
76459,ASN-10253,Generic,South Africa,26-May-11,26-May-11,600mg,Tablet,Yes,Freight Included in Commodity Cost,Direct Drop,"Efavirenz 600mg, tablets, 30 Tabs",944.64,96721,438146.13,PMO - US,"Aurobindo Unit III, India",Efavirenz,4.53,9/24/10,SCMS-83770,FPQ-6262,8/31/10,ARV,161-ZA-T30,26-Apr-11,Ocean,Adult,30,0.15,Aurobindo Pharma Limited,DDP,Weight Captured Separately
2823,ASN-967,Uni-Gold,Guyana,03-Dec-07,03-Dec-07,MIssing,Test kit,Yes,6524.19,Direct Drop,"HIV 1/2, Uni-Gold HIV Kit, 20 Tests",113.66,2220,71040.0,PMO - US,"Trinity Biotech, Plc","HIV 1/2, Uni-Gold HIV Kit",32.0,8/28/07,SCMS-11670,Pre-PQ Process,Pre-PQ Process,HRDT,102-GY-T01,03-Dec-07,Air,HIV test,20,1.6,"Trinity Biotech, Plc",EXW,732
84500,DN-1360,Generic,Nigeria,04-Aug-09,04-Aug-09,200mg,Capsule,No,See DN-1360 (ID#:83371),From RDC,"Efavirenz 200mg, capsule, 90 Caps",0.37,15,190.95,PMO - US,"Aurobindo Unit III, India",Efavirenz,12.73,N/A - From RDC,SO-32272,FPQ-3815,5/26/09,ARV,154-NG-T30,31-Aug-09,Air Charter,Pediatric,90,0.14,SCMS from RDC,N/A - From RDC,See DN-1360 (ID#:83371)
76063,ASN-20515,Generic,Haiti,14-Aug-13,14-Aug-13,30/60mg,Tablet - FDC,Yes,2010.69,Direct Drop,"Lamivudine/Zidovudine 30/60mg, tablets, 60 Tabs",8.29,3192,6703.2,PMO - US,Mylan (formerly Matrix) Nashik,Lamivudine/Zidovudine,2.1,3/22/13,SCMS-180980,FPQ-11443,02-07-13,ARV,106-HT-T30,14-Aug-13,Air,Pediatric,60,0.04,MYLAN LABORATORIES LTD (FORMERLY MATRIX LABORATORIES),EXW,157
15423,ASN-23392,Determine,CÃte dIvoire,23-Jan-14,27-Jan-14,MIssing,Test kit,Yes,9275.59,Direct Drop,"HIV 1/2, Determine Complete HIV Kit, 100 Tests",138.54,1400,112000.0,PMO - US,"Alere Medical Co., Ltd.","HIV 1/2, Determine Complete HIV Kit",80.0,08-06-13,SCMS-201900,FPQ-12713,7/23/13,HRDT,104-CI-T30,23-Jan-14,Air,HIV test,100,0.8,"Orgenics, Ltd",EXW,577
115,ASN-781,Generic,Vietnam,15-Oct-07,15-Oct-07,10mg/ml,Oral suspension,Yes,4193.49,Direct Drop,"Nevirapine 10mg/ml, oral suspension, Bottle, 240 ml",3.07,1000,1920.0,PMO - US,"Aurobindo Unit III, India",Nevirapine,1.92,07-04-07,SCMS-753,Pre-PQ Process,Pre-PQ Process,ARV,108-VN-T01,15-Oct-07,Air,Pediatric,240,0.01,Aurobindo Pharma Limited,EXW,941
76142,ASN-19443,Kaletra,Tanzania,06-Jun-13,06-Jun-13,80/20mg/ml,Oral solution,Yes,3269.9,Direct Drop,"Lopinavir/Ritonavir 80/20mg/ml [Kaletra], oral solution, cool, Bottle 5 x 60 ml",9.04,237,7304.34,PMO - US,ABBVIE (Abbott) Logis. UK,Lopinavir/Ritonavir,30.82,02-04-13,SCMS-175500,FPQ-11427,1/15/13,ARV,109-TZ-T30,06-Jun-13,Air,Pediatric,300,0.1,ABBVIE LOGISTICS (FORMERLY ABBOTT LOGISTICS BV),FCA,244
68998,ASN-6734,Uni-Gold,Ethiopia,25-Mar-10,25-Mar-10,MIssing,Test kit,Yes,Freight Included in Commodity Cost,Direct Drop,"HIV 1/2, Uni-Gold HIV Kit, 20 Tests",0.95,8,440.44,Ethiopia Field Office,"Trinity Biotech, Plc","HIV 1/2, Uni-Gold HIV Kit",55.06,03-04-10,SCMS-65780,FPQ-4981,2/19/10,HRDT,117-ET-T30,25-Mar-10,Truck,HIV test,20,2.75,TURE PHARMACEUTICALS & MEDICAL SUPPLIES P.L.C.,DDP,Weight Captured Separately
86521,DN-2881,Generic,Zimbabwe,18-Oct-12,18-Oct-12,300/300mg,Tablet - FDC,No,Freight Included in Commodity Cost,From RDC,"Lamivudine/Tenofovir Disoproxil Fumarate 300/300mg, tablets, 30 Tabs",126.24,16799,90042.64,PMO - US,Hetero Unit III Hyderabad IN,Lamivudine/Tenofovir Disoproxil Fumarate,5.36,N/A - From RDC,SO-42302,FPQ-9927,5/15/12,ARV,102-ZW-T30,31-Oct-12,Truck,Adult,30,0.18,SCMS from RDC,N/A - From RDC,Weight Captured Separately
83919,DN-4282,Generic,Nigeria,22-Jun-15,29-Jun-15,300/300mg,Tablet - FDC,Yes,47281.56,From RDC,"Lamivudine/Tenofovir Disoproxil Fumarate 300/300mg, tablets, 30 Tabs",301.73,55851,256356.09,PMO - US,Hetero Unit III Hyderabad IN,Lamivudine/Tenofovir Disoproxil Fumarate,4.59,N/A - From RDC,SO-51440,FPQ-16313,05-04-15,ARV,151-NG-T30,30-Jun-15,Air,Adult,30,0.15,SCMS from RDC,N/A - From RDC,6183
12898,DN-1332,Generic,Mozambique,27-Aug-09,27-Aug-09,150mg,Tablet,No,See DN-1332 (ID#:11663),From RDC,"Lamivudine 150mg, tablets, 60 Tabs",9.06,1894,4621.36,PMO - US,"Aurobindo Unit III, India",Lamivudine,2.44,N/A - From RDC,SO-26423,Pre-PQ Process,Date Not Captured,ARV,111-MZ-T01,27-Aug-09,Truck,Adult,60,0.04,SCMS from RDC,N/A - From RDC,See DN-1332 (ID#:11663)
82915,DN-2010,Generic,Zambia,09-Sep-10,09-Sep-10,150/30mg,Tablet - FDC,Yes,2997.97,From RDC,"Lamivudine/Stavudine 150/30mg, tablets, 60 Tabs",64.35,9100,29848.0,PMO - US,"Cipla, Goa, India",Lamivudine/Stavudine,3.28,N/A - From RDC,SO-37380,FPQ-5702,5/20/10,ARV,110-ZM-T30,04-Nov-10,Truck,Adult,60,0.05,SCMS from RDC,N/A - From RDC,693
28778,ASN-19516,Generic,Zambia,11-Jul-13,11-Jul-13,60/30mg,Chewable/dispersible tablet - FDC,Yes,20188.13,Direct Drop,"Abacavir/Lamivudine 60/30mg, dispersible tablets, 60 Tabs",296.88,40000,240000.0,PMO - US,"Cipla, Patalganga, India",Abacavir/Lamivudine,6.0,3/14/13,SCMS-181170,FPQ-11570,2/13/13,ARV,110-ZM-T30,11-Jul-13,Air,Pediatric,60,0.1,CIPLA LIMITED,EXW,3533
86244,DN-1525,Generic,CÃte dIvoire,02-Dec-09,02-Dec-09,10mg/ml,Oral solution,Yes,1211.48,From RDC,"Lamivudine 10mg/ml, oral solution, Bottle, 240 ml",7.45,2000,3800.0,PMO - US,"Aurobindo Unit III, India",Lamivudine,1.9,N/A - From RDC,SO-33470,FPQ-4187,09-09-09,ARV,104-CI-T30,01-Dec-09,Air,Pediatric,240,0.01,SCMS from RDC,N/A - From RDC,688
11935,DN-917,Generic,Nigeria,24-Sep-08,24-Sep-08,150/200/30mg,Tablet - FDC,No,See DN-917 (ID#:10745),From RDC,"Lamivudine/Nevirapine/Stavudine 150/200/30mg, tablets, 60 Tabs",58.64,4953,36652.2,PMO - US,"Cipla, Goa, India",Lamivudine/Nevirapine/Stavudine,7.4,N/A - From RDC,SO-2728,Pre-PQ Process,Pre-PQ Process,ARV,112-NG-T01,24-Sep-08,Air,Adult,60,0.12,SCMS from RDC,N/A - From RDC,See DN-917 (ID#:10745)
48500,ASN-9370,Generic,Rwanda,01-Mar-11,01-Mar-11,200mg,Tablet,Yes,23736.39,Direct Drop,"Nevirapine 200mg, tablets, 60 Tabs",922.6,176100,427923.0,PMO - US,Hetero Unit III Hyderabad IN,Nevirapine,2.43,9/28/10,SCMS-84980,FPQ-6341,09-03-10,ARV,107-RW-T30,01-Mar-11,Ocean,Adult,60,0.04,HETERO LABS LIMITED,EXW,24219
85188,DN-2207,Generic,Tanzania,01-Jun-11,01-Jun-11,600/200/300mg,Tablet - FDC,Yes,3859,From RDC,"Efavirenz/Emtricitabine/Tenofovir Disoproxil Fumarate 600/200/300mg, tablets, 30 Tabs",926.88,28200,561744.0,PMO - US,Mylan (formerly Matrix) Nashik,Efavirenz/Emtricitabine/Tenofovir Disoproxil Fumarate,19.92,N/A - From RDC,SO-39440,FPQ-6713,12-02-10,ARV,109-TZ-T30,28-Apr-11,Truck,Adult,30,0.66,SCMS from RDC,N/A - From RDC,3076
63576,ASN-26738,Uni-Gold,"Congo, DRC",05-Sep-14,16-Sep-14,MIssing,Test kit,No,See ASN-26738 (ID#:15115),Direct Drop,"HIV 1/2, Uni-Gold HIV Kit, 20 Tests",2.96,90,2880.0,PMO - US,"Trinity Biotech, Plc","HIV 1/2, Uni-Gold HIV Kit",32.0,5/20/14,SCMS-239410,FPQ-14100,4/23/14,HRDT,101-CD-T30,05-Sep-14,Air,HIV test,20,1.6,"Trinity Biotech, Plc",EXW,See ASN-26738 (ID#:15115)
84209,DN-2967,Aluvia,CÃte dIvoire,25-Jan-13,25-Jan-13,200/50mg,Tablet,Yes,27350.2,From RDC,"Lopinavir/Ritonavir 200/50mg [Aluvia], tablets, 120 Tabs",756.17,17500,539350.0,PMO - US,ABBVIE Ludwigshafen Germany,Lopinavir/Ritonavir,30.82,N/A - From RDC,SO-43320,FPQ-10633,09-11-12,ARV,104-CI-T30,28-Feb-13,Truck,Adult,120,0.26,SCMS from RDC,N/A - From RDC,6649
11667,DN-1350,Truvada,Nigeria,04-Aug-09,04-Aug-09,300/200mg,Tablet - FDC,Yes,7445.8,From RDC,"Emtricitabine/Tenofovir Disoproxil Fumarate 200/300mg [Truvada], tablets, 30 Tabs",7708.44,149824,3932880.0,PMO - US,"Aspen-OSD, Port Elizabeth, SA",Emtricitabine/Tenofovir Disoproxil Fumarate,26.25,N/A - From RDC,SO-27816,Pre-PQ Process,Date Not Captured,ARV,151-NG-T01,04-Aug-09,Air Charter,Adult,30,0.88,SCMS from RDC,N/A - From RDC,13037
8989,ASN-3852,Generic,Rwanda,21-Apr-09,21-Apr-09,150/300mg,Tablet - FDC,Yes,853.87,Direct Drop,"Lamivudine/Zidovudine 150/300mg, tablets, 60 Tabs",405.8,22752,207043.2,PMO - US,"Cipla, Goa, India",Lamivudine/Zidovudine,9.1,10/21/08,SCMS-30311,Pre-PQ Process,Pre-PQ Process,ARV,107-RW-T01,21-Apr-09,Air,Adult,60,0.15,CIPLA LIMITED,CIP,2086
15909,ASN-5444,Generic,South Africa,09-Oct-09,09-Oct-09,600mg,Tablet,Yes,Freight Included in Commodity Cost,Direct Drop,"Efavirenz 600mg, tablets, 30 Tabs",358.87,9612,183096.09,PMO - US,"Cipla, Goa, India",Efavirenz,19.05,7/21/09,SCMS-49631,FPQ-3560,05-07-09,ARV,116-ZA-T30,14-Sep-09,Truck,Adult,30,0.64,S. BUYS WHOLESALER,DDP,Weight Captured Separately
70014,ASN-19166,Combivir,South Africa,16-Apr-13,16-Apr-13,150/300mg,Tablet - FDC,No,Freight Included in Commodity Cost,Direct Drop,"Lamivudine/Zidovudine 150/300mg [Combivir], tablets, 60 Tabs",0.09,2,71.35,South Africa Field Office,"GSK, U1, Poznan, Poland",Lamivudine/Zidovudine,35.67,Date Not Captured,SCMS-183950,FPQ-11828,3/18/13,ARV,116-ZA-T30,16-Apr-13,Truck,Adult,60,0.59,S. BUYS WHOLESALER,DDP,Weight Captured Separately
31912,ASN-26091,Stat-Pak,Uganda,14-Jun-14,14-Jun-14,MIssing,Test kit,Yes,3790.99,Direct Drop,"HIV 1/2, Stat-Pak Dipstick Assay Kit, 30 Tests",153.89,5424,149702.4,PMO - US,Chembio Diagnostics Sys. Inc.,"HIV 1/2, Stat-Pak Dipstick Assay Kit",27.6,3/20/14,SCMS-231320,FPQ-13816,2/27/14,HRDT,114-UG-T30,14-Jun-14,Air,HIV test,30,0.92,"CHEMBIO DIAGNOSTIC SYSTEMS, INC.",EXW,606
11425,DN-258,Generic,Mozambique,15-Aug-07,15-Aug-07,200mg,Capsule,Yes,740.43,From RDC,"Efavirenz 200mg, capsule, 90 Caps",11.44,422,7152.9,PMO - US,"Aurobindo Unit III, India",Efavirenz,16.95,N/A - From RDC,SO-499,Pre-PQ Process,Pre-PQ Process,ARV,111-MZ-T01,15-Aug-07,Air,Pediatric,90,0.19,SCMS from RDC,N/A - From RDC,514
82339,DN-1936,Generic,Nigeria,28-Jun-10,28-Jun-10,300/300mg,Tablet - FDC,Yes,Freight Included in Commodity Cost,From RDC,"Lamivudine/Tenofovir Disoproxil Fumarate 300/300mg, tablets, 30 Tabs",399.33,18522,185220.0,PMO - US,Mylan (formerly Matrix) Nashik,Lamivudine/Tenofovir Disoproxil Fumarate,10.0,N/A - From RDC,SO-36472,FPQ-5023,02-10-10,ARV,151-NG-T30,15-Jul-10,Air,Adult,30,0.33,SCMS from RDC,N/A - From RDC,1668
28724,ASN-33852,Generic,South Africa,24-Aug-15,24-Aug-15,200mg,Tablet,No,Freight Included in Commodity Cost,Direct Drop,"Nevirapine 200mg, tablets, 60 Tabs",0.34,24,329.7,PMO - US,"Aurobindo Unit III, India",Nevirapine,13.74,10-09-14,SCMS-259079,FPQ-14942,09-11-14,ARV,116-ZA-T30,24-Aug-15,Truck,Adult,60,0.23,PHARMACY DIRECT,DDP,Weight Captured Separately
343,ASN-1520,Zerit,South Africa,04-Jan-08,04-Jan-08,1mg/ml,Powder for oral solution,Yes,Freight Included in Commodity Cost,Direct Drop,"Stavudine 1mg/ml [Zerit], powder for oral solution, Bottle, 200 ml",0.54,200,340.0,PMO - US,"BMS Meymac, France",Stavudine,1.7,01-04-08,SCMS-16600,Pre-PQ Process,Pre-PQ Process,ARV,116-ZA-T01,21-Jan-08,MIssing,Pediatric,200,0.01,"JSI R&T INSTITUTE, INC.",DDP,Weight Captured Separately
75729,ASN-11268,Determine,Nigeria,07-Jul-11,07-Jul-11,MIssing,Test kit,Yes,31201.82,Direct Drop,"HIV 1/2, Determine Complete HIV Kit, 100 Tests",424.54,2891,257299.0,PMO - US,Inverness Japan,"HIV 1/2, Determine Complete HIV Kit",89.0,3/30/11,SCMS-103110,FPQ-7193,2/16/11,HRDT,133-NG-T30,07-Jul-11,Air,HIV test,100,0.89,"Orgenics, Ltd",EXW,1378
84518,DN-1564,Generic,Nigeria,18-Dec-09,18-Dec-09,200/300mg,Tablet - FDC,Yes,11637.64,From RDC,"Emtricitabine/Tenofovir Disoproxil Fumarate 200/300mg, tablets, 30 Tabs",1467.75,63732,748851.0,PMO - US,Mylan (formerly Matrix) Nashik,Emtricitabine/Tenofovir Disoproxil Fumarate,11.75,N/A - From RDC,SO-33143,FPQ-4105,8/13/09,ARV,151-NG-T30,18-Dec-09,Air Charter,Adult,30,0.39,SCMS from RDC,N/A - From RDC,5144
68128,ASN-21751,Uni-Gold,South Sudan,18-Oct-13,18-Oct-13,MIssing,Test kit,No,See ASN-21751 (ID#:13968),Direct Drop,"HIV 1/2, Uni-Gold HIV Kit, 20 Tests",0.99,25,800.0,PMO - US,"Trinity Biotech, Plc","HIV 1/2, Uni-Gold HIV Kit",32.0,08-06-13,SCMS-200920,FPQ-12623,7/18/13,HRDT,105-SS-T30,18-Oct-13,Air,HIV test,20,1.6,"Trinity Biotech, Plc",EXW,See ASN-21751 (ID#:13968)
82844,DN-1508,Generic,CÃte dIvoire,05-Nov-09,05-Nov-09,200mg,Tablet,Yes,5028.04,From RDC,"Nevirapine 200mg, tablets, 60 Tabs",34.39,6050,17545.0,PMO - US,"Aurobindo Unit III, India",Nevirapine,2.9,N/A - From RDC,SO-33530,FPQ-4187,09-09-09,ARV,104-CI-T30,26-Nov-09,Air,Adult,60,0.05,SCMS from RDC,N/A - From RDC,442
19630,ASN-17572,Generic,Vietnam,09-Jan-13,09-Jan-13,10mg/ml,Oral solution,Yes,1079.39,Direct Drop,"Lamivudine 10mg/ml, oral solution w/syringe, Bottle, 240 ml",0.31,136,251.6,PMO - US,"Aurobindo Unit III, India",Lamivudine,1.85,11-09-12,SCMS-166140,FPQ-10811,10/15/12,ARV,108-VN-T30,09-Jan-13,Air,Pediatric,240,0.01,Aurobindo Pharma Limited,EXW,173
5147,ASN-4081,Uni-Gold,Namibia,27-May-09,27-May-09,MIssing,Test kit,Yes,17643.81,Direct Drop,"HIV 1/2, Uni-Gold HIV Kit, 20 Tests",423.99,6760,216320.0,PMO - US,"Trinity Biotech, Plc","HIV 1/2, Uni-Gold HIV Kit",32.0,4/29/09,SCMS-44970,Pre-PQ Process,Pre-PQ Process,HRDT,119-NA-T01,27-May-09,Air,HIV test,20,1.6,"Trinity Biotech, Plc",EXW,2261
12464,DN-445,Generic,Haiti,22-Jan-08,22-Jan-08,20mg,Capsule,No,See DN-445 (ID#:10640),From RDC,"Stavudine 20mg, capsules, 60 Caps",0.28,100,175.0,PMO - US,"Aurobindo Unit III, India",Stavudine,1.75,N/A - From RDC,SO-1288,Pre-PQ Process,Pre-PQ Process,ARV,106-HT-T01,22-Jan-08,Air,Adult,60,0.03,SCMS from RDC,N/A - From RDC,See DN-445 (ID#:10640)
10703,DN-710,Generic,Namibia,10-Apr-08,10-Apr-08,600mg,Tablet,Yes,690.39,From RDC,"Efavirenz 600mg, tablets, 30 Tabs",40.35,2100,25221.0,PMO - US,"Aurobindo Unit III, India",Efavirenz,12.01,N/A - From RDC,SO-2349,Pre-PQ Process,Pre-PQ Process,ARV,119-NA-T01,10-Apr-08,Air,Adult,30,0.4,SCMS from RDC,N/A - From RDC,181
269,ASN-1192,Viread,Vietnam,21-Jan-08,21-Jan-08,300mg,Tablet,Yes,2282.57,Direct Drop,"Tenofovir Disoproxil Fumarate 300mg [Viread], tablets, 30 Tabs",27.2,1000,17000.0,PMO - US,Gilead(Nycomed) Oranienburg DE,Tenofovir Disoproxil Fumarate,17.0,11/19/07,SCMS-14190,Pre-PQ Process,Pre-PQ Process,ARV,108-VN-T01,21-Jan-08,Air,Adult,30,0.57,"GILEAD SCIENCES IRELAND, INC.",EXW,76
86493,DN-2753,Generic,CÃte dIvoire,31-Jul-12,31-Jul-12,150/300/200mg,Tablet - FDC,Yes,11702.27,From RDC,"Lamivudine/Nevirapine/Zidovudine 150/200/300mg, tablets, 60 Tabs",687.68,50000,490500.0,PMO - US,"Strides, Bangalore, India.",Lamivudine/Nevirapine/Zidovudine,9.81,N/A - From RDC,SO-41172,FPQ-8787,11-11-11,ARV,104-CI-T30,31-Jul-12,Air,Adult,60,0.16,SCMS from RDC,N/A - From RDC,5625
12185,DN-780,Generic,Zambia,16-Jun-08,16-Jun-08,200mg,Capsule,Yes,2313.55,From RDC,"Efavirenz 200mg, capsule, 90 Caps",85.25,3330,53280.0,PMO - US,"Aurobindo Unit III, India",Efavirenz,16.0,N/A - From RDC,SO-1883,Pre-PQ Process,Pre-PQ Process,ARV,110-ZM-T01,16-Jun-08,MIssing,Pediatric,90,0.18,SCMS from RDC,N/A - From RDC,404
69900,ASN-19635,Determine,CÃte dIvoire,04-Jun-13,04-Jun-13,MIssing,Test kit,Yes,125.42,Direct Drop,"HIV 1/2, Determine Complete HIV Kit, 100 Tests",292.33,2954,236320.0,PMO - US,"Alere Medical Co., Ltd.","HIV 1/2, Determine Complete HIV Kit",80.0,1/15/13,SCMS-173131,FPQ-11294,12/14/12,HRDT,104-CI-T30,04-Jun-13,Air,HIV test,100,0.8,"Orgenics, Ltd",EXW,1284
85874,DN-2733,Generic,Nigeria,09-Jul-12,09-Jul-12,150/300/200mg,Tablet - FDC,Yes,21347.13,From RDC,"Lamivudine/Nevirapine/Zidovudine 150/200/300mg, tablets, 60 Tabs",2475.65,180000,1765800.0,PMO - US,"Aurobindo Unit III, India",Lamivudine/Nevirapine/Zidovudine,9.81,N/A - From RDC,SO-42642,FPQ-9432,03-01-12,ARV,151-NG-T30,02-Aug-12,Air Charter,Adult,60,0.16,SCMS from RDC,N/A - From RDC,23096
86340,DN-2018,Generic,Zambia,12-Oct-10,12-Oct-10,600mg,Tablet,No,See DN-2018 (ID#:82352),From RDC,"Efavirenz 600mg, tablets, 30 Tabs",78.67,8200,36490.0,PMO - US,"Aurobindo Unit III, India",Efavirenz,4.45,N/A - From RDC,SO-36841,FPQ-5702,5/20/10,ARV,110-ZM-T30,04-Nov-10,Truck,Adult,30,0.15,SCMS from RDC,N/A - From RDC,See DN-2018 (ID#:82352)
41992,ASN-32757,Determine,Nigeria,06-Jul-15,08-Jul-15,MIssing,Test kit,Yes,Invoiced Separately,Direct Drop,"HIV 1/2, Determine Complete HIV Kit, 100 Tests",492.02,4697,418033.0,PMO - US,"Alere Medical Co., Ltd.","HIV 1/2, Determine Complete HIV Kit",89.0,3/13/15,SCMS-270771,FPQ-15504,12-08-14,HRDT,133-NG-T30,30-Jun-15,Air,HIV test,100,0.89,"Orgenics, Ltd",EXW,Weight Captured Separately
83951,DN-1452,Generic,Nigeria,20-Oct-09,20-Oct-09,150/200/30mg,Tablet - FDC,No,See DN-1452 (ID#:82272),From RDC,"Lamivudine/Nevirapine/Stavudine 150/200/30mg, tablets, 60 Tabs",0.86,63,441.0,PMO - US,"Strides, Bangalore, India.",Lamivudine/Nevirapine/Stavudine,7.0,N/A - From RDC,SO-32260,FPQ-3815,5/26/09,ARV,154-NG-T30,30-Oct-09,Air Charter,Adult,60,0.12,SCMS from RDC,N/A - From RDC,See DN-1452 (ID#:82272)
10993,DN-952,Generic,Zambia,20-Oct-08,20-Oct-08,10mg/ml,Oral solution,Yes,8185.2,From RDC,"Zidovudine 10mg/ml, oral solution, Bottle, 240 ml",13.17,3200,6720.0,PMO - US,"Aurobindo Unit III, India",Zidovudine,2.1,N/A - From RDC,SO-15280,Pre-PQ Process,Pre-PQ Process,ARV,110-ZM-T01,20-Oct-08,Air,Pediatric,240,0.01,SCMS from RDC,N/A - From RDC,1120
39156,ASN-6341,Generic,Vietnam,01-Apr-10,01-Apr-10,300mg,Tablet,No,See ASN-6341 (ID#:29298),Direct Drop,"Zidovudine 300mg, tablets, 60 Tabs",2.72,168,1260.0,PMO - US,Mylan (formerly Matrix) Nashik,Zidovudine,7.5,01-12-10,SCMS-62470,FPQ-4720,01-04-09,ARV,108-VN-T30,01-Apr-10,Air,Adult,60,0.12,MYLAN LABORATORIES LTD (FORMERLY MATRIX LABORATORIES),EXW,See ASN-6341 (ID#:29298)
12080,DN-265,Kaletra,CÃte dIvoire,17-Aug-07,17-Aug-07,80/20mg/ml,Oral solution,No,See DN-265 (ID#:10580),From RDC,"Lopinavir/Ritonavir 80/20mg/ml [Kaletra], oral solution, cool, Bottle 5 x 60 ml",3.68,56,2301.6,PMO - US,ABBVIE (Abbott) Logis. UK,Lopinavir/Ritonavir,41.1,N/A - From RDC,SO-816,Pre-PQ Process,Pre-PQ Process,ARV,104-CI-T01,17-Aug-07,Air,Pediatric,300,0.14,SCMS from RDC,N/A - From RDC,See DN-265 (ID#:10580)
9657,ASN-1665,Zerit,South Africa,24-Apr-08,24-Apr-08,30mg,Capsule,No,Freight Included in Commodity Cost,Direct Drop,"Stavudine 30mg [Zerit], capsules, 60 Caps",7.82,1000,4890.0,PMO - US,"BMS Meymac, France",Stavudine,4.89,2/20/08,SCMS-19800,Pre-PQ Process,Pre-PQ Process,ARV,116-ZA-T01,24-Apr-08,Truck,Adult,60,0.08,S. BUYS WHOLESALER,DDP,Weight Captured Separately
85748,DN-2147,Generic,CÃte dIvoire,29-Apr-11,29-Apr-11,10mg/ml,Oral solution,Yes,9447.08,From RDC,"Zidovudine 10mg/ml, oral solution w/syringe, Bottle, 240 ml",22.64,5000,10500.0,PMO - US,"Aurobindo Unit III, India",Zidovudine,2.1,N/A - From RDC,SO-38770,FPQ-6495,10-04-10,ARV,104-CI-T30,31-Mar-11,Air,Pediatric,240,0.01,SCMS from RDC,N/A - From RDC,1841
86617,DN-3378,Generic,Uganda,20-Nov-13,07-Dec-13,200mg,Tablet,Yes,6976.78,From RDC,"Nevirapine 200mg, tablets, 60 Tabs",127.27,45525,102886.5,PMO - US,Hetero Unit III Hyderabad IN,Nevirapine,2.26,N/A - From RDC,SO-45550,FPQ-12253,05-08-13,ARV,114-UG-T30,29-Nov-13,Truck,Adult,60,0.04,SCMS from RDC,N/A - From RDC,2818
11043,DN-1227,Aluvia,Uganda,01-Jun-09,01-Jun-09,200/50mg,Tablet,Yes,1152.63,From RDC,"Lopinavir/Ritonavir 200/50mg [Aluvia], tablets, 120 Tabs",8.06,100,4110.0,PMO - US,ABBVIE Ludwigshafen Germany,Lopinavir/Ritonavir,41.1,N/A - From RDC,SO-30060,Pre-PQ Process,Pre-PQ Process,ARV,114-UG-T01,01-Jun-09,Air,Adult,120,0.34,SCMS from RDC,N/A - From RDC,23
51397,ASN-19166,Generic,South Africa,16-Apr-13,16-Apr-13,150/300mg,Tablet - FDC,No,Freight Included in Commodity Cost,Direct Drop,"Lamivudine/Zidovudine 150/300mg, tablets, 60 Tabs",116.5,6658,94179.41,South Africa Field Office,"Cipla, Goa, India",Lamivudine/Zidovudine,14.15,Date Not Captured,SCMS-183950,FPQ-11828,3/18/13,ARV,116-ZA-T30,16-Apr-13,Truck,Adult,60,0.24,S. BUYS WHOLESALER,DDP,Weight Captured Separately
7695,ASN-3628,Generic,Haiti,02-Apr-09,02-Apr-09,200mg,Chewable/dispersible tablet,No,See ASN-3628 (ID#:2399),Direct Drop,"Didanosine 200mg, chewable/dispersible tablets, 60 Tabs",1.22,40,620.0,PMO - US,"Aurobindo Unit III, India",Didanosine,15.5,03-06-09,SCMS-39970,Pre-PQ Process,Pre-PQ Process,ARV,106-HT-T01,02-Apr-09,Air,Pediatric,60,0.26,Aurobindo Pharma Limited,EXW,See ASN-3628 (ID#:2399)
82601,DN-3300,Generic,Tanzania,01-Oct-13,09-Oct-13,600/200/300mg,Tablet - FDC,Yes,5474,From RDC,"Efavirenz/Emtricitabine/Tenofovir Disoproxil Fumarate 600/200/300mg, tablets, 30 Tabs",191.21,12567,154574.1,PMO - US,"Aurobindo Unit VII, IN",Efavirenz/Emtricitabine/Tenofovir Disoproxil Fumarate,12.3,N/A - From RDC,SO-44993,FPQ-12015,04-02-13,ARV,109-TZ-T30,25-Oct-13,Truck,Adult,30,0.41,SCMS from RDC,N/A - From RDC,1482
83118,DN-3045,Generic,Zambia,22-Mar-13,22-Mar-13,600/200/300mg,Tablet - FDC,Yes,11520.85,From RDC,"Efavirenz/Emtricitabine/Tenofovir Disoproxil Fumarate 600/200/300mg, tablets, 30 Tabs",1919.34,100000,1369000.0,PMO - US,"Cipla, Goa, India",Efavirenz/Emtricitabine/Tenofovir Disoproxil Fumarate,13.69,N/A - From RDC,SO-43452,FPQ-10728,10-05-12,ARV,110-ZM-T30,15-Mar-13,Truck,Adult,30,0.46,SCMS from RDC,N/A - From RDC,10442
86078,DN-3658,Generic,Rwanda,06-Jun-14,20-Jun-14,300/300mg,Tablet - FDC,Yes,5445.73,From RDC,"Lamivudine/Tenofovir Disoproxil Fumarate 300/300mg, tablets, 30 Tabs",560.3,97619,452952.16,PMO - US,"Cipla, Kurkumbh, India",Lamivudine/Tenofovir Disoproxil Fumarate,4.64,N/A - From RDC,SO-46500,FPQ-12766,08-02-13,ARV,107-RW-T30,05-May-14,Truck,Adult,30,0.15,SCMS from RDC,N/A - From RDC,9905
83446,DN-1952,Generic,Ethiopia,14-Jul-10,14-Jul-10,150/200/30mg,Tablet - FDC,No,See DN-1952 (ID#:82907),From RDC,"Lamivudine/Nevirapine/Stavudine 150/200/30mg, tablets, 60 Tabs",42.48,3439,19705.47,PMO - US,"Strides, Bangalore, India.",Lamivudine/Nevirapine/Stavudine,5.73,N/A - From RDC,SO-37102,FPQ-5967,6/28/10,ARV,117-ET-T30,21-Sep-10,Air,Adult,60,0.1,SCMS from RDC,N/A - From RDC,See DN-1952 (ID#:82907)
65458,ASN-28036,Generic,South Africa,29-Aug-14,29-Aug-14,20mg/ml,Oral solution,No,Freight Included in Commodity Cost,Direct Drop,"Abacavir 20mg/ml, oral solution w/syringe, Bottle, 240 ml",5.72,171,4623.54,PMO - US,"Aurobindo Unit III, India",Abacavir,27.04,8/29/14,SCMS-199289,FPQ-12522,07-11-13,ARV,116-ZA-T30,29-Aug-14,Truck,Pediatric,240,0.11,S. BUYS WHOLESALER,DDP,Weight Captured Separately
84707,DN-2527,Generic,"Congo, DRC",22-Mar-12,22-Mar-12,150mg,Tablet,Yes,522.42,From RDC,"Lamivudine 150mg, tablets, 60 Tabs",0.08,24,55.92,PMO - US,Hetero Unit III Hyderabad IN,Lamivudine,2.33,N/A - From RDC,SO-41386,FPQ-8840,11/21/11,ARV,101-CD-T30,22-Mar-12,Air,Adult,60,0.04,SCMS from RDC,N/A - From RDC,2
66123,ASN-10109,Generic,South Africa,05-May-11,05-May-11,200mg,Tablet,Yes,Freight Included in Commodity Cost,Direct Drop,"Nevirapine 200mg, tablets, 60 Tabs",291.41,48446,135164.34,PMO - US,"Cipla, Goa, India",Nevirapine,2.79,9/21/10,SCMS-84210,FPQ-6262,8/31/10,ARV,161-ZA-T30,05-Apr-11,Ocean,Adult,60,0.05,CIPLA LIMITED,DDP,Weight Captured Separately
46574,ASN-15232,Generic,Rwanda,15-Jun-12,15-Jun-12,60/12mg,Chewable/dispersible tablet - FDC,Yes,221.96,Direct Drop,"Lamivudine/Stavudine 60/12mg, dispersible tablets, 60 Tabs",3.46,672,2466.24,PMO - US,"Cipla, Goa, India",Lamivudine/Stavudine,3.67,03-09-12,SCMS-129530,FPQ-8741,11/30/11,ARV,107-RW-T30,15-Jun-12,Air,Pediatric,60,0.06,CIPLA LIMITED,CIP,49
85689,DN-1931,Generic,Nigeria,28-Jun-10,28-Jun-10,600/200/300mg,Tablet - FDC,Yes,Freight Included in Commodity Cost,From RDC,"Efavirenz/Emtricitabine/Tenofovir Disoproxil Fumarate 600/200/300mg, tablets, 30 Tabs",1503.16,35000,697200.0,PMO - US,Mylan (formerly Matrix) Nashik,Efavirenz/Emtricitabine/Tenofovir Disoproxil Fumarate,19.92,N/A - From RDC,SO-36421,FPQ-5023,02-10-10,ARV,151-NG-T30,15-Jul-10,Air,Adult,30,0.66,SCMS from RDC,N/A - From RDC,3869
84026,DN-1951,Generic,Ethiopia,19-Jul-10,19-Jul-10,150/200/30mg,Tablet - FDC,Yes,13215.67,From RDC,"Lamivudine/Nevirapine/Stavudine 150/200/30mg, tablets, 60 Tabs",362.15,29315,167974.95,PMO - US,"Cipla, Goa, India",Lamivudine/Nevirapine/Stavudine,5.73,N/A - From RDC,SO-37100,FPQ-5967,6/28/10,ARV,117-ET-T30,21-Sep-10,Air,Adult,60,0.1,SCMS from RDC,N/A - From RDC,3931
86379,DN-2185,Generic,Mozambique,25-May-11,25-May-11,600mg,Tablet,Yes,3936.86,From RDC,"Efavirenz 600mg, tablets, 30 Tabs",167.15,23450,101304.0,PMO - US,"Aurobindo Unit III, India",Efavirenz,4.32,N/A - From RDC,SO-39300,FPQ-7053,1/24/11,ARV,111-MZ-T30,31-May-11,Truck,Adult,30,0.14,SCMS from RDC,N/A - From RDC,2068
11408,DN-277,Determine,Rwanda,06-Aug-07,06-Aug-07,MIssing,Test kit,Yes,4613.67,From RDC,"HIV 1/2, Determine Complete HIV Kit, 100 Tests",108.8,850,68000.0,PMO - US,ABBVIE GmbH & Co.KG Wiesbaden,"HIV 1/2, Determine Complete HIV Kit",80.0,N/A - From RDC,SO-827,Pre-PQ Process,Pre-PQ Process,HRDT,107-RW-T01,06-Aug-07,Air,HIV test,100,0.8,SCMS from RDC,N/A - From RDC,195
69908,ASN-9943,Generic,South Africa,12-Apr-11,12-Apr-11,600mg,Tablet,Yes,11203.81,Direct Drop,"Efavirenz 600mg, tablets, 30 Tabs",1254.7,128467,581955.51,PMO - US,"Aurobindo Unit III, India",Efavirenz,4.53,9/24/10,SCMS-83730,FPQ-6262,8/31/10,ARV,161-ZA-T30,26-Apr-11,Ocean,Adult,30,0.15,Aurobindo Pharma Limited,DDP,11033
3880,ASN-4487,Videx,Vietnam,23-Jul-09,23-Jul-09,25mg,Chewable/dispersible tablet,Yes,Freight Included in Commodity Cost,Direct Drop,"Didanosine 25mg [Videx], chewable tablets, 60 Tabs",1.65,120,840.0,PMO - US,"BMS Meymac, France",Didanosine,7.0,5/27/09,SCMS-46540,Pre-PQ Process,Pre-PQ Process,ARV,108-VN-T01,23-Jul-09,Air,Pediatric,60,0.12,BRISTOL-MYERS SQUIBB,CIP,Weight Captured Separately
47975,ASN-12713,Aluvia,Vietnam,17-Nov-11,17-Nov-11,200/50mg,Tablet,Yes,5528.41,Direct Drop,"Lopinavir/Ritonavir 200/50mg [Aluvia], tablets, 120 Tabs",213.62,1575,129465.0,PMO - US,ABBVIE Ludwigshafen Germany,Lopinavir/Ritonavir,82.2,07-08-11,SCMS-113690,FPQ-7898,6/27/11,ARV,108-VN-T30,17-Nov-11,Air,Adult,120,0.68,ABBVIE LOGISTICS (FORMERLY ABBOTT LOGISTICS BV),FCA,382
51888,ASN-29257,Generic,South Africa,05-Nov-14,05-Nov-14,300mg,Tablet,No,Freight Included in Commodity Cost,Direct Drop,"Zidovudine 300mg, tablets, 60 Tabs",0.26,10,249.54,PMO - US,"Aurobindo Unit III, India",Zidovudine,24.95,11-04-14,SCMS-238555,FPQ-13973,4/30/14,ARV,116-ZA-T30,05-Nov-14,Truck,Adult,60,0.42,PHARMACY DIRECT,DDP,Weight Captured Separately
11320,DN-1233,Generic,Mozambique,16-Jun-09,16-Jun-09,150/300/200mg,Tablet - FDC,Yes,Invoiced Separately,From RDC,"Lamivudine/Nevirapine/Zidovudine 150/200/300mg, tablets, 60 Tabs",162.91,7044,83119.2,PMO - US,Mylan (formerly Matrix) Nashik,Lamivudine/Nevirapine/Zidovudine,11.8,N/A - From RDC,SO-30140,Pre-PQ Process,Pre-PQ Process,ARV,111-MZ-T01,16-Jun-09,Air,Adult,60,0.2,SCMS from RDC,N/A - From RDC,Weight Captured Separately
85749,DN-2153,Generic,CÃte dIvoire,10-Jun-11,10-Jun-11,300mg,Tablet,No,See DN-2153 (ID#:82374),From RDC,"Abacavir 300mg, tablets, 60 Tabs",91.15,3564,55242.0,PMO - US,Mylan (formerly Matrix) Nashik,Abacavir,15.5,N/A - From RDC,SO-38540,FPQ-6891,12/21/10,ARV,104-CI-T30,20-Apr-11,Air,Adult,60,0.26,SCMS from RDC,N/A - From RDC,See DN-2153 (ID#:82374)
55304,ASN-33143,Generic,Vietnam,07-Sep-15,07-Sep-15,600/300/300mg,Tablet - FDC,No,See ASN-33143 (ID#:42190),Direct Drop,"Efavirenz/Lamivudine/Tenofovir Disoproxil Fumarate 600/300/300mg, tablets, 30 Tabs",170.9,15284,145198.0,PMO - US,Hetero Unit III Hyderabad IN,Efavirenz/Lamivudine/Tenofovir Disoproxil Fumarate,9.5,5/13/15,SCMS-285490,FPQ-16194,4/14/15,ARV,108-VN-T30,07-Sep-15,Air,Adult,30,0.32,HETERO LABS LIMITED,EXW,See ASN-33143 (ID#:42190)
26576,ASN-30376,Reyataz,South Africa,26-Jan-15,26-Jan-15,150mg,Capsule,No,Freight Included in Commodity Cost,Direct Drop,"Atazanavir 150mg [Reyataz], capsules, 60 Caps",0.1,6,95.4,PMO - US,"BMS Evansville, US",Atazanavir,15.9,1/26/15,SCMS-259072,FPQ-14942,09-11-14,ARV,116-ZA-T30,26-Jan-15,Truck,Pediatric,60,0.26,PHARMACY DIRECT,DDP,Weight Captured Separately
2305,ASN-3497,Atripla,Nigeria,08-Apr-09,08-Apr-09,600/200/300mg,Tablet - FDC,Yes,7933.38,Direct Drop,"Efavirenz/Emtricitabine/Tenofovir Disoproxil Fumarate 600/200/300mg [Atripla], tablets, 30 Tabs",2469.6,25000,1260000.0,PMO - US,"MSD, Haarlem, NL",Efavirenz/Emtricitabine/Tenofovir Disoproxil Fumarate,50.4,02-03-09,SCMS-37370,Pre-PQ Process,Pre-PQ Process,ARV,131-NG-T01,08-Apr-09,Air,Adult,30,1.68,MERCK SHARP & DOHME IDEA GMBH (FORMALLY MERCK SHARP & DOHME B.V.),CIP,2067
24905,ASN-22982,Generic,Uganda,10-Dec-13,10-Dec-13,10mg/ml,Oral suspension,Yes,10898.13,Direct Drop,"Nevirapine 10mg/ml, oral suspension w/syringe, Bottle, 100 ml",16.67,10368,13478.4,PMO - US,"Aurobindo Unit III, India",Nevirapine,1.3,08-09-13,SCMS-202560,FPQ-12777,08-05-13,ARV,114-UG-T30,10-Dec-13,Air,Pediatric,100,0.01,Aurobindo Pharma Limited,EXW,2127
83596,DN-2713,Generic,CÃte dIvoire,18-Jun-12,18-Jun-12,300mg,Tablet,Yes,2333.91,From RDC,"Tenofovir Disoproxil Fumarate 300mg, tablets, 30 Tabs",30.84,4000,22000.0,PMO - US,"Aurobindo Unit III, India",Tenofovir Disoproxil Fumarate,5.5,N/A - From RDC,SO-41350,FPQ-9063,12/21/11,ARV,104-CI-T30,16-Jul-12,Truck,Adult,30,0.18,SCMS from RDC,N/A - From RDC,372
85744,DN-2128,Generic,Zimbabwe,18-Mar-11,18-Mar-11,600mg,Tablet,No,See DN-2128 (ID#:84624),From RDC,"Efavirenz 600mg, tablets, 30 Tabs",59.81,6392,27741.28,PMO - US,Mylan (formerly Matrix) Nashik,Efavirenz,4.34,N/A - From RDC,SO-38830,FPQ-6470,10/13/10,ARV,113-ZW-T30,31-Mar-11,Truck,Adult,30,0.14,SCMS from RDC,N/A - From RDC,See DN-2128 (ID#:84624)
47253,ASN-11362,Generic,Vietnam,26-Jul-11,26-Jul-11,150/200/30mg,Tablet - FDC,Yes,15089.11,Direct Drop,"Lamivudine/Nevirapine/Stavudine 150/200/30mg, tablets, 60 Tabs",97.1,11000,58850.0,PMO - US,"Strides, Bangalore, India.",Lamivudine/Nevirapine/Stavudine,5.35,05-02-11,SCMS-107630,FPQ-7565,4/21/11,ARV,108-VN-T30,26-Jul-11,Air,Adult,60,0.09,STRIDES ARCOLAB LIMITED,EXW,3828
73326,ASN-12625,Generic,South Africa,25-Nov-11,25-Nov-11,10mg/ml,Oral solution,Yes,22647.81,Direct Drop,"Lamivudine 10mg/ml, oral solution, Bottle, 240 ml",169.95,50000,103000.0,PMO - US,"Cipla, Goa, India",Lamivudine,2.06,3/28/11,SCMS-103800,FPQ-7175,03-10-11,ARV,161-ZA-T30,25-Nov-11,Ocean,Pediatric,240,0.01,CIPLA LIMITED,DDP,18462
85412,DN-3371,Generic,CÃte dIvoire,22-Oct-13,19-Nov-13,10mg/ml,Oral solution,No,See DN-3371 (ID#:83174),From RDC,"Zidovudine 10mg/ml, oral solution w/syringe, Bottle, 240 ml",5.2,2000,4200.0,PMO - US,"Aurobindo Unit III, India",Zidovudine,2.1,N/A - From RDC,SO-44210,FPQ-11253,12/14/12,ARV,104-CI-T30,31-Oct-13,Truck,Pediatric,240,0.01,SCMS from RDC,N/A - From RDC,See DN-3371 (ID#:83174)
40790,ASN-27976,Aluvia,South Africa,27-Aug-14,27-Aug-14,200/50mg,Tablet,No,Freight Included in Commodity Cost,Direct Drop,"Lopinavir/Ritonavir 200/50mg [Aluvia], tablets, 120 Tabs",1.98,62,1597.1,PMO - US,ABBVIE Ludwigshafen Germany,Lopinavir/Ritonavir,25.76,8/27/14,SCMS-199283,FPQ-12522,07-11-13,ARV,116-ZA-T30,27-Aug-14,Truck,Adult,120,0.21,S. BUYS WHOLESALER,DDP,Weight Captured Separately
1927,ASN-2488,Stocrin/Sustiva,South Africa,08-Jul-08,08-Jul-08,50mg,Capsule,No,Freight Included in Commodity Cost,Direct Drop,"Efavirenz 50mg [Stocrin/Sustiva], capsule, 30 Caps",1.14,250,715.0,PMO - US,"MSD Midrand, Jburg, SA",Efavirenz,2.86,Date Not Captured,SCMS-26820,Pre-PQ Process,Pre-PQ Process,ARV,116-ZA-T01,10-Jul-08,Truck,Pediatric,30,0.1,S. BUYS WHOLESALER,DDP,Weight Captured Separately
11962,DN-1171,Generic,CÃte dIvoire,12-May-09,12-May-09,20mg/ml,Oral solution,Yes,1328.03,From RDC,"Abacavir 20mg/ml, oral solution, Bottle, 240 ml",10.35,352,5280.0,PMO - US,"Aurobindo Unit III, India",Abacavir,15.0,N/A - From RDC,SO-21882,Pre-PQ Process,Pre-PQ Process,ARV,104-CI-T01,12-May-09,Air,Pediatric,240,0.06,SCMS from RDC,N/A - From RDC,125
83384,DN-1561,Generic,Nigeria,18-Dec-09,18-Dec-09,150/300mg,Tablet - FDC,Yes,11637.64,From RDC,"Lamivudine/Zidovudine 150/300mg, tablets, 60 Tabs",606.09,35300,309228.0,PMO - US,"Aurobindo Unit III, India",Lamivudine/Zidovudine,8.76,N/A - From RDC,SO-32972,FPQ-4014,7/27/09,ARV,123-NG-T30,18-Dec-09,Air Charter,Adult,60,0.15,SCMS from RDC,N/A - From RDC,3190
86751,DN-4015,Generic,CÃte dIvoire,02-Dec-14,08-Dec-14,150/300mg,Tablet - FDC,Yes,19497.24,From RDC,"Lamivudine/Zidovudine 150/300mg, tablets, 60 Tabs",375.31,55995,365087.4,PMO - US,"Aurobindo Unit III, India",Lamivudine/Zidovudine,6.52,N/A - From RDC,SO-49081,FPQ-14370,5/23/14,ARV,104-CI-T30,28-Nov-14,Truck,Adult,60,0.11,SCMS from RDC,N/A - From RDC,4899
52286,ASN-11362,Generic,Vietnam,26-Jul-11,26-Jul-11,600mg,Tablet,No,See ASN-11362 (ID#:47253),Direct Drop,"Efavirenz 600mg, tablets, 30 Tabs",223.24,33000,135300.0,PMO - US,"Strides, Bangalore, India.",Efavirenz,4.1,05-02-11,SCMS-107630,FPQ-7565,4/21/11,ARV,108-VN-T30,26-Jul-11,Air,Adult,30,0.14,STRIDES ARCOLAB LIMITED,EXW,See ASN-11362 (ID#:47253)
84939,DN-3757,Generic,Mozambique,06-Oct-14,13-Oct-14,600mg,Tablet,Yes,9384,From RDC,"Efavirenz 600mg, tablets, 30 Tabs",67.12,20340,65291.4,PMO - US,"Strides, Bangalore, India.",Efavirenz,3.21,N/A - From RDC,SO-47087,FPQ-13123,10/21/13,ARV,111-MZ-T30,31-Jul-14,Truck,Adult,30,0.11,SCMS from RDC,N/A - From RDC,1242
52837,ASN-32758,Determine,Nigeria,26-Jun-15,02-Jul-15,MIssing,Test kit,Yes,21672.24,Direct Drop,"HIV 1/2, Determine Complete HIV Kit, 100 Tests",487.83,4657,414473.0,PMO - US,"Alere Medical Co., Ltd.","HIV 1/2, Determine Complete HIV Kit",89.0,3/13/15,SCMS-270771,FPQ-15504,12-08-14,HRDT,133-NG-T30,30-Jun-15,Air,HIV test,100,0.89,"Orgenics, Ltd",EXW,2307
40209,ASN-11637,Aluvia,CÃte dIvoire,18-Aug-11,18-Aug-11,200/50mg,Tablet,Yes,30130.82,Direct Drop,"Lopinavir/Ritonavir 200/50mg [Aluvia], tablets, 120 Tabs",928.33,16695,562621.5,PMO - US,ABBVIE Ludwigshafen Germany,Lopinavir/Ritonavir,33.7,04-01-11,SCMS-101001,FPQ-6897,01-05-11,ARV,104-CI-T30,18-Aug-11,Air,Adult,120,0.28,ABBVIE LOGISTICS (FORMERLY ABBOTT LOGISTICS BV),FCA,4113
46355,ASN-27005,Generic,Haiti,25-Aug-14,28-Aug-14,300mg,Tablet,Yes,1274.35,Direct Drop,"Tenofovir Disoproxil Fumarate 300mg, tablets, 30 Tabs",0.24,58,232.0,PMO - US,Mylan (formerly Matrix) Nashik,Tenofovir Disoproxil Fumarate,4.0,06-02-14,SCMS-240200,FPQ-14083,05-11-14,ARV,106-HT-T30,25-Aug-14,Air,Adult,30,0.13,MYLAN LABORATORIES LTD (FORMERLY MATRIX LABORATORIES),EXW,19
51233,ASN-30940,Generic,Vietnam,31-Mar-15,31-Mar-15,150mg,Tablet,Yes,1593.67,Direct Drop,"Lamivudine 150mg, tablets, 60 Tabs",19.91,9400,16920.0,PMO - US,Hetero Unit III Hyderabad IN,Lamivudine,1.8,10/30/14,SCMS-261460,FPQ-15087,10/24/14,ARV,108-VN-T30,31-Mar-15,Air,Adult,60,0.03,HETERO LABS LIMITED,EXW,1030
6837,ASN-990,Viread,Rwanda,28-Jan-08,28-Jan-08,300mg,Tablet,No,See ASN-990 (ID#:1502),Direct Drop,"Tenofovir Disoproxil Fumarate 300mg [Viread], tablets, 30 Tabs",0,84,0.84,PMO - US,"Aspen-OSD, Port Elizabeth, SA",Tenofovir Disoproxil Fumarate,0.01,11-12-07,SCMS-13900,Pre-PQ Process,Pre-PQ Process,ARV,107-RW-T01,28-Jan-08,Air,Adult,30,0.0,ASPEN PHARMACARE,EXW,See ASN-990 (ID#:1502)
54973,ASN-13658,Aluvia,CÃte dIvoire,23-Mar-12,23-Mar-12,200/50mg,Tablet,Yes,Invoiced Separately,Direct Drop,"Lopinavir/Ritonavir 200/50mg [Aluvia], tablets, 120 Tabs",733.3,14420,444424.4,PMO - US,ABBVIE Ludwigshafen Germany,Lopinavir/Ritonavir,30.82,11/18/11,SCMS-124790,FPQ-8327,09-08-11,ARV,104-CI-T30,23-Mar-12,Ocean,Adult,120,0.26,ABBVIE LOGISTICS (FORMERLY ABBOTT LOGISTICS BV),FCA,Weight Captured Separately
12735,DN-425,Generic,Zimbabwe,16-Nov-07,16-Nov-07,150/200/30mg,Tablet - FDC,No,See DN-425 (ID#:11810),From RDC,"Lamivudine/Nevirapine/Stavudine 150/200/30mg, tablets, 60 Tabs",0.26,22,162.8,PMO - US,"Cipla, Goa, India",Lamivudine/Nevirapine/Stavudine,7.4,N/A - From RDC,SO-1150,Pre-PQ Process,Pre-PQ Process,ARV,100-ZW-T01,16-Nov-07,Air,Adult,60,0.12,SCMS from RDC,N/A - From RDC,See DN-425 (ID#:11810)
82366,DN-2090,Generic,Nigeria,16-Feb-11,16-Feb-11,150/300/200mg,Tablet - FDC,Yes,43548,From RDC,"Lamivudine/Nevirapine/Zidovudine 150/200/300mg, tablets, 60 Tabs",3429.32,141764,1590592.08,PMO - US,"Aurobindo Unit III, India",Lamivudine/Nevirapine/Zidovudine,11.22,N/A - From RDC,SO-38320,FPQ-6243,8/25/10,ARV,151-NG-T30,22-Feb-11,Air Charter,Adult,60,0.19,SCMS from RDC,N/A - From RDC,70109
21147,ASN-7561,Uni-Gold,Nigeria,22-Jul-10,22-Jul-10,MIssing,Test kit,Yes,29878.21,Direct Drop,"HIV 1/2, Uni-Gold HIV Kit, 20 Tests",482.94,7000,224000.0,PMO - US,"Trinity Biotech, Plc","HIV 1/2, Uni-Gold HIV Kit",32.0,6/28/10,SCMS-77240,FPQ-5815,06-07-10,HRDT,133-NG-T30,22-Jul-10,Air,HIV test,20,1.6,"Trinity Biotech, Plc",EXW,2373
66500,ASN-29764,Generic,South Africa,10-Dec-14,10-Dec-14,30mg,Capsule,No,Freight Included in Commodity Cost,Direct Drop,"Stavudine 30mg, capsules, 60 Caps",1.37,329,1159.91,PMO - US,"Aurobindo Unit III, India",Stavudine,3.53,12-10-14,SCMS-267020,FPQ-15269,10/29/14,ARV,116-ZA-T30,10-Dec-14,Truck,Adult,60,0.06,S. BUYS WHOLESALER,DDP,Weight Captured Separately
17003,ASN-24545,Norvir,Mozambique,07-Mar-14,15-Mar-14,100mg,Tablet,Yes,828.76,Direct Drop,"Ritonavir 100mg [Norvir], film coated tablets, 60 Tabs",0.85,120,822.0,PMO - US,ABBVIE Ludwigshafen Germany,Ritonavir,6.85,11/26/13,SCMS-215580,FPQ-13134,11-12-13,ARV,111-MZ-T30,07-Mar-14,Air,Adult,60,0.11,ABBVIE LOGISTICS (FORMERLY ABBOTT LOGISTICS BV),FCA,22
66663,ASN-22350,Determine,Nigeria,07-Nov-13,17-Nov-13,MIssing,Test kit,Yes,21084.84,Direct Drop,"HIV 1/2, Determine Complete HIV Kit, 100 Tests",334.13,3035,270115.0,PMO - US,"Alere Medical Co., Ltd.","HIV 1/2, Determine Complete HIV Kit",89.0,07-10-13,SCMS-196561,FPQ-12456,06-10-13,HRDT,133-NG-T30,07-Nov-13,Air,HIV test,100,0.89,"Orgenics, Ltd",EXW,1233
11055,DN-1287,Generic,Uganda,22-Jun-09,22-Jun-09,150/300/200mg,Tablet - FDC,Yes,13293.41,From RDC,"Lamivudine/Nevirapine/Zidovudine 150/200/300mg, tablets, 60 Tabs",249.51,11216,127301.6,PMO - US,"Aurobindo Unit III, India",Lamivudine/Nevirapine/Zidovudine,11.35,N/A - From RDC,SO-31360,Pre-PQ Process,Pre-PQ Process,ARV,114-UG-T01,22-Jun-09,Air,Adult,60,0.19,SCMS from RDC,N/A - From RDC,1894
85780,DN-2313,Generic,Uganda,26-Aug-11,26-Aug-11,150mg,Tablet,Yes,2070.68,From RDC,"Lamivudine 150mg, tablets, 60 Tabs",7.48,1946,4534.18,PMO - US,Hetero Unit III Hyderabad IN,Lamivudine,2.33,N/A - From RDC,SO-40220,FPQ-8048,7/13/11,ARV,114-UG-T30,22-Sep-11,Truck,Adult,60,0.04,SCMS from RDC,N/A - From RDC,195
86049,DN-3556,Generic,CÃte dIvoire,01-Mar-14,03-Apr-14,600/300mg,Tablet - FDC,Yes,1335.15,From RDC,"Abacavir/Lamivudine 600/300mg, scored tablets, 30 Tabs",10.22,611,8260.72,PMO - US,Mylan (formerly Matrix) Nashik,Abacavir/Lamivudine,13.52,N/A - From RDC,SO-45650,FPQ-12144,4/22/13,ARV,104-CI-T30,28-Feb-14,Truck,Adult,30,0.45,SCMS from RDC,N/A - From RDC,55
82284,DN-1605,Generic,Haiti,08-Jan-10,08-Jan-10,10mg/ml,Oral solution,Yes,26830.44,From RDC,"Zidovudine 10mg/ml, oral solution, Bottle, 240 ml",15.89,3648,7368.96,PMO - US,"Aurobindo Unit III, India",Zidovudine,2.02,N/A - From RDC,SO-35170,FPQ-4469,9/23/09,ARV,106-HT-T30,11-Jan-10,Air,Pediatric,240,0.01,SCMS from RDC,N/A - From RDC,2571
47722,ASN-33851,Generic,South Africa,24-Aug-15,24-Aug-15,200/300mg,Tablet - FDC,No,Freight Included in Commodity Cost,Direct Drop,"Emtricitabine/Tenofovir Disoproxil Fumarate 200/300mg, tablets, 30 Tabs",0.24,10,234.38,PMO - US,"Aurobindo Unit III, India",Emtricitabine/Tenofovir Disoproxil Fumarate,23.44,10-09-14,SCMS-259079,FPQ-14942,09-11-14,ARV,116-ZA-T30,24-Aug-15,Truck,Adult,30,0.78,PHARMACY DIRECT,DDP,Weight Captured Separately
83639,DN-2942,Generic,Zimbabwe,11-Dec-12,11-Dec-12,30/50/60mg,Chewable/dispersible tablet - FDC,No,See DN-2942 (ID#:82530),From RDC,"Lamivudine/Nevirapine/Zidovudine 30/50/60mg, dispersible tablets, 60 Tabs",790.9,135933,564121.95,PMO - US,Mylan (formerly Matrix) Nashik,Lamivudine/Nevirapine/Zidovudine,4.15,N/A - From RDC,SO-42220,FPQ-9907,5/15/12,ARV,103-ZW-T30,14-Dec-12,Truck,Pediatric,60,0.07,SCMS from RDC,N/A - From RDC,See DN-2942 (ID#:82530)
39393,ASN-12468,Determine,Kenya,04-Nov-11,04-Nov-11,MIssing,Test kit,Yes,11208.38,Direct Drop,"HIV 1/2, Determine Complete HIV Kit, 100 Tests",896.52,6105,543345.0,PMO - US,"Alere Medical Co., Ltd.","HIV 1/2, Determine Complete HIV Kit",89.0,8/28/11,SCMS-119190,FPQ-8155,08-05-11,HRDT,127-KE-T30,04-Nov-11,Air,HIV test,100,0.89,"Orgenics, Ltd",EXW,1051
82271,DN-1417,Generic,Uganda,08-Oct-09,08-Oct-09,150/300mg,Tablet - FDC,Yes,1764.84,From RDC,"Lamivudine/Zidovudine 150/300mg, tablets, 60 Tabs",6.87,400,3504.0,PMO - US,"Aurobindo Unit III, India",Lamivudine/Zidovudine,8.76,N/A - From RDC,SO-33010,FPQ-4065,08-06-09,ARV,114-UG-T30,08-Oct-09,Air,Adult,60,0.15,SCMS from RDC,N/A - From RDC,70
86363,DN-2101,Generic,Nigeria,16-Feb-11,16-Feb-11,600mg,Tablet,No,See DN-2101 (ID#:85735),From RDC,"Efavirenz 600mg, tablets, 30 Tabs",191.05,20418,88614.12,PMO - US,Mylan (formerly Matrix) Nashik,Efavirenz,4.34,N/A - From RDC,SO-38390,FPQ-6243,8/25/10,ARV,151-NG-T30,17-Feb-11,Air Charter,Adult,30,0.14,SCMS from RDC,N/A - From RDC,See DN-2101 (ID#:85735)
82923,DN-2042,Generic,Nigeria,10-Nov-10,10-Nov-10,600/200/300mg,Tablet - FDC,Yes,20264.93,From RDC,"Efavirenz/Emtricitabine/Tenofovir Disoproxil Fumarate 600/200/300mg, tablets, 30 Tabs",858.95,20000,398400.0,PMO - US,Mylan (formerly Matrix) Nashik,Efavirenz/Emtricitabine/Tenofovir Disoproxil Fumarate,19.92,N/A - From RDC,SO-36921,FPQ-5688,5/27/10,ARV,151-NG-T30,18-Nov-10,Air Charter,Adult,30,0.66,SCMS from RDC,N/A - From RDC,2181
83954,DN-1493,Generic,Nigeria,20-Nov-09,20-Nov-09,300mg,Tablet,No,See DN-1493 (ID#:83374),From RDC,"Zidovudine 300mg, tablets, 60 Tabs",123.72,8383,63123.99,PMO - US,"Aurobindo Unit III, India",Zidovudine,7.53,N/A - From RDC,SO-32971,FPQ-4395,7/27/09,ARV,123-NG-T30,18-Dec-09,Air Charter,Adult,60,0.13,SCMS from RDC,N/A - From RDC,See DN-1493 (ID#:83374)
10477,ASN-4412,Determine,Namibia,29-Jul-09,29-Jul-09,MIssing,Test kit,Yes,2681.23,Direct Drop,"HIV 1/2, Determine Complete HIV Kit, 100 Tests",21.17,150,10800.0,PMO - US,Inverness Japan,"HIV 1/2, Determine Complete HIV Kit",72.0,06-01-09,SCMS-46810,Pre-PQ Process,Pre-PQ Process,HRDT,119-NA-T01,29-Jul-09,Air,HIV test,100,0.72,"Orgenics, Ltd",EXW,47
86118,DN-3843,Generic,"Congo, DRC",24-Sep-14,06-Nov-14,600mg,Tablet,No,See DN-3843 (ID#:82707),From RDC,"Efavirenz 600mg, tablets, 30 Tabs",9.75,2955,9485.55,PMO - US,"Strides, Bangalore, India.",Efavirenz,3.21,N/A - From RDC,SO-48850,FPQ-14252,05-07-14,ARV,101-CD-T30,13-Aug-14,Air,Adult,30,0.11,SCMS from RDC,N/A - From RDC,See DN-3843 (ID#:82707)
9353,ASN-644,OraQuick,Botswana,31-Aug-07,31-Aug-07,MIssing,Test kit,Yes,1091.64,Direct Drop,"HIV 1/2, OraQuick Advance HIV Rapid Antibody Kit, 100 Tests",5.6,10,3500.0,PMO - US,"Pacific Biotech, Thailand","HIV 1/2, OraQuick Advance HIV Rapid Antibody Kit",350.0,7/31/07,SCMS-10390,Pre-PQ Process,Pre-PQ Process,HRDT,102-BW-T01,31-Aug-07,Air,HIV test,100,3.5,Orasure Technologies Inc.,EXW,24
84603,DN-2054,Generic,Zambia,25-Nov-10,25-Nov-10,150/200/30mg,Tablet - FDC,No,See DN-2054 (ID#:83465),From RDC,"Lamivudine/Nevirapine/Stavudine 150/200/30mg, tablets, 60 Tabs",42.77,3653,19835.79,PMO - US,"Cipla, Goa, India",Lamivudine/Nevirapine/Stavudine,5.43,N/A - From RDC,SO-37320,FPQ-6221,8/20/10,ARV,110-ZM-T30,31-Dec-10,Truck,Adult,60,0.09,SCMS from RDC,N/A - From RDC,See DN-2054 (ID#:83465)
69219,ASN-24439,Colloidal Gold,Rwanda,27-Mar-14,27-Mar-14,MIssing,Test kit,Yes,27313,Direct Drop,"HIV 1/2, SKB Colloidal Gold, Diagnostic Kit, Antibody, 50 Tests",90.56,2988,73206.0,PMO - US,"KHB Test Kit Facility, Shanghai China","HIV 1/2, Colloidal Gold, Diagnostic Kit, Antibody",24.5,08-12-13,SCMS-198222,FPQ-12518,6/21/13,HRDT,107-RW-T30,27-Mar-14,Air,HIV test,1,24.5,"SHANGHAI KEHUA BIOENGINEERING CO.,LTD.  (KHB)",EXW,1992
37960,ASN-17258,Kaletra,Zimbabwe,13-Dec-12,13-Dec-12,80/20mg/ml,Oral solution,Yes,21730.49,Direct Drop,"Lopinavir/Ritonavir 80/20mg/ml [Kaletra], oral solution, cool, Bottle 5 x 60 ml",64.81,1500,46230.0,PMO - US,ABBVIE (Abbott) Logis. UK,Lopinavir/Ritonavir,30.82,7/18/12,SCMS-148300,FPQ-9905,5/29/12,ARV,103-ZW-T30,13-Dec-12,Air,Pediatric,300,0.1,ABBVIE LOGISTICS (FORMERLY ABBOTT LOGISTICS BV),FCA,1374
9939,ASN-2513,Determine,Namibia,25-Sep-08,25-Sep-08,MIssing,Test kit,No,See ASN-2513 (ID#:3360),Direct Drop,"HIV 1/2, Determine HIV Kit, without Lancets, 100 Tests",0.22,2,140.0,PMO - US,Inverness Japan,"HIV 1/2, Determine HIV Kit, without Lancets",70.0,8/26/08,SCMS-28850,Pre-PQ Process,Pre-PQ Process,HRDT,119-NA-T01,25-Sep-08,Air,HIV test,100,0.7,"Orgenics, Ltd",EXW,See ASN-2513 (ID#:3360)
84898,DN-3553,Generic,Mozambique,03-Jun-14,11-Jun-14,150/300mg,Tablet - FDC,No,See DN-3553 (ID#:82653),From RDC,"Lamivudine/Zidovudine 150/300mg, tablets, 60 Tabs",208.13,25000,168250.0,PMO - US,"Aurobindo Unit III, India",Lamivudine/Zidovudine,6.73,N/A - From RDC,SO-45890,FPQ-12416,6/28/13,ARV,111-MZ-T30,03-Jun-14,Truck,Adult,60,0.11,SCMS from RDC,N/A - From RDC,See DN-3553 (ID#:82653)
10924,DN-488,Generic,Zimbabwe,14-Jan-08,14-Jan-08,600mg,Tablet,No,See DN-488 (ID#:10652),From RDC,"Efavirenz 600mg, tablets, 30 Tabs",12.46,627,7787.34,PMO - US,"Cipla, Goa, India",Efavirenz,12.42,N/A - From RDC,SO-710,Pre-PQ Process,Pre-PQ Process,ARV,100-ZW-T01,14-Jan-08,Air,Adult,30,0.41,SCMS from RDC,N/A - From RDC,See DN-488 (ID#:10652)
48214,ASN-31070,Generic,South Africa,09-Mar-15,09-Mar-15,200mg,Tablet,No,Freight Included in Commodity Cost,Direct Drop,"Nevirapine 200mg, tablets, 60 Tabs",0.25,19,243.66,PMO - US,"Aurobindo Unit III, India",Nevirapine,12.82,03-09-15,SCMS-259074,FPQ-14942,09-11-14,ARV,116-ZA-T30,09-Mar-15,Truck,Adult,60,0.21,PHARMACY DIRECT,DDP,Weight Captured Separately
82670,DN-3657,Generic,Zambia,18-Apr-14,22-May-14,10mg/ml,Oral suspension,Yes,6380.09,From RDC,"Nevirapine 10mg/ml, oral suspension w/syringe, Bottle, 240 ml",2.24,1222,2175.16,PMO - US,"Aurobindo Unit III, India",Nevirapine,1.78,N/A - From RDC,SO-47791,FPQ-13574,1/16/14,ARV,110-ZM-T30,08-Apr-14,Air,Pediatric,240,0.01,SCMS from RDC,N/A - From RDC,825
72535,ASN-32854,Generic,Haiti,21-Jul-15,22-Jul-15,300/100mg,Tablet,Yes,6433.8,Direct Drop,"Atazanavir/Ritonavir 300/100mg, tablets, 30 Tabs",148.03,8000,144000.0,PMO - US,"Emcure Plot No.P-2, I.T-B.T. Park, Phase II, MIDC, Hinjwadi, Pune, India",Atazanavir/Ritonavir,18.0,11/14/14,SCMS-261012,FPQ-14895,9/24/14,ARV,106-HT-T30,21-Jul-15,Air,Adult,30,0.6,EMCURE PHARMACEUTICALS LTD,EXW,1023
32892,ASN-25453,Generic,Mozambique,02-May-14,07-May-14,150/300/200mg,Tablet - FDC,Yes,16537.11,Direct Drop,"Lamivudine/Nevirapine/Zidovudine 150/200/300mg, tablets, 60 Tabs",276.92,33216,269381.76,PMO - US,Hetero Unit III Hyderabad IN,Lamivudine/Nevirapine/Zidovudine,8.11,12/17/13,SCMS-219220,FPQ-13395,12-11-13,ARV,111-MZ-T30,02-May-14,Air,Adult,60,0.14,HETERO LABS LIMITED,EXW,4516
83172,DN-3361,Generic,Zambia,29-Nov-13,12-Dec-13,200mg,Tablet,Yes,34400.04,From RDC,"Nevirapine 200mg, tablets, 60 Tabs",505.71,180892,408815.92,PMO - US,Hetero Unit III Hyderabad IN,Nevirapine,2.26,N/A - From RDC,SO-45091,FPQ-12066,4/19/13,ARV,110-ZM-T30,29-Nov-13,Truck,Adult,60,0.04,SCMS from RDC,N/A - From RDC,6502
80730,ASN-25888,Generic,Zimbabwe,14-Jun-14,16-Jun-14,200mg,Tablet,Yes,11814.57,Direct Drop,"Nevirapine 200mg, tablets, 60 Tabs",15.83,7000,15400.0,PMO - US,"Strides, Bangalore, India.",Nevirapine,2.2,04-11-14,SCMS-234760,FPQ-13939,04-01-14,ARV,113-ZW-T30,14-Jun-14,Air Charter,Adult,60,0.04,STRIDES ARCOLAB LIMITED,EXW,437
6563,ASN-4837,Generic,South Africa,03-Aug-09,03-Aug-09,200mg,Capsule,No,Freight Included in Commodity Cost,Direct Drop,"Efavirenz 200mg, capsule, 90 Caps",6.94,140,3540.6,PMO - US,"Aurobindo Unit III, India",Efavirenz,25.29,06-05-09,SCMS-47051,Pre-PQ Process,Pre-PQ Process,ARV,116-ZA-T01,12-Oct-09,Truck,Pediatric,90,0.28,S. BUYS WHOLESALER,DDP,Weight Captured Separately
2439,ASN-3732,Generic,South Africa,21-Jan-09,21-Jan-09,30mg,Capsule,Yes,Freight Included in Commodity Cost,Direct Drop,"Stavudine 30mg, capsules, 60 Caps",5.72,1000,2920.0,PMO - US,"Aurobindo Unit III, India",Stavudine,2.92,Date Not Captured,SCMS-41190,Pre-PQ Process,Pre-PQ Process,ARV,116-ZA-T01,30-Mar-09,Air,Adult,60,0.05,S. BUYS WHOLESALER,DDP,Weight Captured Separately
33760,ASN-14064,Generic,Vietnam,29-Mar-12,29-Mar-12,600mg,Tablet,Yes,5977.2,Direct Drop,"Efavirenz 600mg, tablets, 30 Tabs",127.55,18854,77301.4,PMO - US,"Strides, Bangalore, India.",Efavirenz,4.1,07-08-11,SCMS-113611,FPQ-7898,6/27/11,ARV,108-VN-T30,29-Mar-12,Air,Adult,30,0.14,STRIDES ARCOLAB LIMITED,EXW,1146
11883,DN-664,Generic,Tanzania,23-Apr-08,23-Apr-08,100mg,Chewable/dispersible tablet,Yes,8381.22,From RDC,"Didanosine 100mg, chewable/dispersible tablets, 60 Tabs",144.34,11640,90210.0,PMO - US,"Aurobindo Unit III, India",Didanosine,7.75,N/A - From RDC,SO-1943,Pre-PQ Process,Pre-PQ Process,ARV,109-TZ-T01,23-Apr-08,Air,Pediatric,60,0.13,SCMS from RDC,N/A - From RDC,2427
69314,ASN-28449,Isentress,Mozambique,21-Oct-14,12-Nov-14,400mg,Tablet,Yes,Freight Included in Commodity Cost,Direct Drop,"Raltegravir 400mg [Isentress], tablets, 60 Tabs",5.71,100,5550.0,PMO - US,"MSD, Haarlem, NL",Raltegravir,55.5,3/14/14,SCMS-226030,FPQ-13241,11/18/13,ARV,111-MZ-T30,21-Oct-14,Air,Adult,60,0.92,MERCK SHARP & DOHME IDEA GMBH (FORMALLY MERCK SHARP & DOHME B.V.),CIP,Weight Captured Separately
85149,DN-2012,Generic,CÃte dIvoire,25-Sep-10,25-Sep-10,150/300/200mg,Tablet - FDC,No,See DN-2012 (ID#:84040),From RDC,"Lamivudine/Nevirapine/Zidovudine 150/200/300mg, tablets, 60 Tabs",2858.57,118170,1325867.4,PMO - US,Mylan (formerly Matrix) Nashik,Lamivudine/Nevirapine/Zidovudine,11.22,N/A - From RDC,SO-36881,FPQ-5623,05-07-10,ARV,104-CI-T30,19-Oct-10,Truck,Adult,60,0.19,SCMS from RDC,N/A - From RDC,See DN-2012 (ID#:84040)
85169,DN-2082,Generic,Uganda,14-Jan-11,14-Jan-11,150/300/200mg,Tablet - FDC,Yes,6120.6,From RDC,"Lamivudine/Nevirapine/Zidovudine 150/200/300mg, tablets, 60 Tabs",223.88,9255,103841.1,PMO - US,"Aurobindo Unit III, India",Lamivudine/Nevirapine/Zidovudine,11.22,N/A - From RDC,SO-37930,FPQ-6202,08-06-10,ARV,102-UG-T30,14-Jan-11,Truck,Adult,60,0.19,SCMS from RDC,N/A - From RDC,1243
10841,DN-256,Determine,Angola,15-Oct-07,15-Oct-07,MIssing,Test kit,Yes,1012.59,From RDC,"HIV 1/2, Determine Complete HIV Kit, 100 Tests",19.2,150,12000.0,PMO - US,ABBVIE GmbH & Co.KG Wiesbaden,"HIV 1/2, Determine Complete HIV Kit",80.0,N/A - From RDC,SO-780,Pre-PQ Process,Pre-PQ Process,HRDT,120-AO-T01,15-Oct-07,Truck,HIV test,100,0.8,SCMS from RDC,N/A - From RDC,49
83273,DN-3906,Generic,Namibia,02-Sep-14,05-Sep-14,300/300mg,Tablet - FDC,Yes,32063.3,From RDC,"Lamivudine/Tenofovir Disoproxil Fumarate 300/300mg, tablets, 30 Tabs",214.18,45000,208350.0,PMO - US,Hetero Unit III Hyderabad IN,Lamivudine/Tenofovir Disoproxil Fumarate,4.63,N/A - From RDC,SO-49510,FPQ-14723,7/30/14,ARV,901-NA-T30,30-Sep-14,Air,Adult,30,0.15,SCMS from RDC,N/A - From RDC,4688
86385,DN-2225,Generic,Nigeria,06-Jul-11,06-Jul-11,150/300/200mg,Tablet - FDC,No,See DN-2225 (ID#:84650),From RDC,"Lamivudine/Nevirapine/Zidovudine 150/200/300mg, tablets, 60 Tabs",1617.24,87357,980145.54,PMO - US,Mylan (formerly Matrix) Nashik,Lamivudine/Nevirapine/Zidovudine,11.22,N/A - From RDC,SO-39610,FPQ-7217,2/21/11,ARV,151-NG-T30,15-Jun-11,Air Charter,Adult,60,0.19,SCMS from RDC,N/A - From RDC,See DN-2225 (ID#:84650)
5066,ASN-3780,OraQuick,Botswana,17-Apr-09,17-Apr-09,MIssing,Test kit,Yes,1119.99,Direct Drop,"HIV 1/2, OraQuick Advance HIV Rapid Antibody Kit, 100 Tests",13.72,20,7000.0,PMO - US,"Pacific Biotech, Thailand","HIV 1/2, OraQuick Advance HIV Rapid Antibody Kit",350.0,3/25/09,SCMS-41890,Pre-PQ Process,Pre-PQ Process,HRDT,144-BW-T01,17-Apr-09,Air,HIV test,100,3.5,Orasure Technologies Inc.,EXW,48
83162,DN-3329,Generic,CÃte dIvoire,20-Sep-13,20-Sep-13,150/300mg,Tablet - FDC,No,See DN-3329 (ID#:82602),From RDC,"Lamivudine/Zidovudine 150/300mg, tablets, 60 Tabs",35.27,3922,28512.94,PMO - US,Hetero Unit III Hyderabad IN,Lamivudine/Zidovudine,7.27,N/A - From RDC,SO-44201,FPQ-11253,12/14/12,ARV,104-CI-T30,30-Sep-13,Truck,Adult,60,0.12,SCMS from RDC,N/A - From RDC,See DN-3329 (ID#:82602)
21414,ASN-22494,Generic,Uganda,16-Nov-13,21-Nov-13,150/300/200mg,Tablet - FDC,Yes,30764.18,Direct Drop,"Lamivudine/Nevirapine/Zidovudine 150/200/300mg, tablets, 60 Tabs",610.49,60929,493524.9,PMO - US,"Cipla, Goa, India",Lamivudine/Nevirapine/Zidovudine,8.1,09-10-13,SCMS-198541,FPQ-12477,07-08-13,ARV,114-UG-T30,16-Nov-13,Air,Adult,60,0.13,CIPLA LIMITED,EXW,8638
30508,ASN-10852,Uni-Gold,Rwanda,28-Jun-11,28-Jun-11,MIssing,Test kit,Yes,1215.46,Direct Drop,"HIV 1/2, Uni-Gold HIV Kit, 20 Tests",12.67,240,7680.0,PMO - US,"Trinity Biotech, Plc","HIV 1/2, Uni-Gold HIV Kit",32.0,4/28/11,SCMS-106800,FPQ-7520,04-03-11,HRDT,107-RW-T30,28-Jun-11,Air,HIV test,20,1.6,"Trinity Biotech, Plc",EXW,83
33861,ASN-30792,Generic,South Africa,19-Feb-15,19-Feb-15,400mg,Delayed-release capsules,No,Freight Included in Commodity Cost,Direct Drop,"Didanosine 400mg, delayed-release capsules, 30 Caps",0.06,3,59.03,PMO - US,"Aurobindo Unit III, India",Didanosine,19.68,05-08-14,SCMS-238550,FPQ-13973,4/30/14,ARV,116-ZA-T30,19-Feb-15,Truck,Adult,30,0.66,PHARMACY DIRECT,DDP,Weight Captured Separately
64757,ASN-24412,Generic,Haiti,09-May-14,12-May-14,600/300/300mg,Tablet - FDC,Yes,2549.52,Direct Drop,"Efavirenz/Lamivudine/Tenofovir Disoproxil Fumarate 600/300/300mg, tablets, 30 Tabs",514.34,39600,415800.0,PMO - US,Hetero Unit III Hyderabad IN,Efavirenz/Lamivudine/Tenofovir Disoproxil Fumarate,10.5,10/25/13,SCMS-210510,FPQ-12590,8/21/13,ARV,106-HT-T30,09-May-14,Ocean,Adult,30,0.35,HETERO LABS LIMITED,EXW,5986
82276,DN-1519,Generic,Nigeria,18-Dec-09,18-Dec-09,300mg,Tablet,Yes,33279.39,From RDC,"Zidovudine 300mg, tablets, 60 Tabs",25.05,1697,12778.41,PMO - US,"Aurobindo Unit III, India",Zidovudine,7.53,N/A - From RDC,SO-32971,FPQ-4395,7/27/09,ARV,123-NG-T30,18-Dec-09,Air Charter,Adult,60,0.13,SCMS from RDC,N/A - From RDC,6725
66840,ASN-6356,Uni-Gold,Tanzania,24-May-10,24-May-10,MIssing,Test kit,Yes,3174.13,Direct Drop,"HIV 1/2, Uni-Gold HIV Kit, 20 Tests",49.8,794,25408.0,PMO - US,"Trinity Biotech, Plc","HIV 1/2, Uni-Gold HIV Kit",32.0,09-03-09,SCMS-52772,FPQ-4157,8/27/09,HRDT,109-TZ-T30,24-May-10,Air,HIV test,20,1.6,"Trinity Biotech, Plc",EXW,277
12900,DN-1363,Generic,Zambia,29-Sep-09,29-Sep-09,600mg,Tablet,Yes,6759.28,From RDC,"Efavirenz 600mg, tablets, 30 Tabs",602.41,27941,307351.0,PMO - US,"Emcure Plot No.P-2, I.T-B.T. Park, Phase II, MIDC, Hinjwadi, Pune, India",Efavirenz,11.0,N/A - From RDC,SO-30310,Pre-PQ Process,Date Not Captured,ARV,110-ZM-T01,29-Sep-09,Truck,Adult,30,0.37,SCMS from RDC,N/A - From RDC,1970
66349,ASN-13396,Uni-Gold,South Sudan,09-Feb-12,09-Feb-12,MIssing,Test kit,Yes,1504.59,Direct Drop,"HIV 1/2, Uni-Gold HIV Kit, 20 Tests",10.77,240,7680.0,PMO - US,"Trinity Biotech, Plc","HIV 1/2, Uni-Gold HIV Kit",32.0,11/16/11,SCMS-127500,FPQ-8611,11-04-11,HRDT,900-SS-T30,09-Feb-12,Air,HIV test,20,1.6,"Trinity Biotech, Plc",EXW,82
6845,ASN-1251,Zerit,South Africa,29-Jan-08,29-Jan-08,20mg,Capsule,No,Freight Included in Commodity Cost,Direct Drop,"Stavudine 20mg [Zerit], capsules, 60 Caps",0.29,30,179.7,PMO - US,"BMS Meymac, France",Stavudine,5.99,11-12-07,SCMS-14050,Pre-PQ Process,Pre-PQ Process,ARV,116-ZA-T01,29-Jan-08,MIssing,Adult,60,0.1,"JSI R&T INSTITUTE, INC.",DDP,Weight Captured Separately
85675,DN-1842,Generic,Haiti,09-Jun-10,09-Jun-10,200mg,Capsule,No,See DN-1842 (ID#:84007),From RDC,"Efavirenz 200mg, capsule, 90 Caps",3.52,168,1631.28,PMO - US,"Aurobindo Unit III, India",Efavirenz,9.71,N/A - From RDC,SO-34640,FPQ-4384,10/23/09,ARV,106-HT-T30,02-Jun-10,Air,Pediatric,90,0.11,SCMS from RDC,N/A - From RDC,See DN-1842 (ID#:84007)
86286,DN-1744,Generic,Nigeria,31-Mar-10,31-Mar-10,300mg,Tablet,Yes,Invoiced Separately,From RDC,"Zidovudine 300mg, tablets, 60 Tabs",16.17,1000,7500.0,PMO - US,Mylan (formerly Matrix) Nashik,Zidovudine,7.5,N/A - From RDC,SO-35093,FPQ-4537,11-06-09,ARV,151-NG-T30,19-Apr-10,Air Charter,Adult,60,0.12,SCMS from RDC,N/A - From RDC,Weight Captured Separately
8005,ASN-281,Stat-Pak,Guyana,27-Mar-07,27-Mar-07,MIssing,Test kit,Yes,378.6,Direct Drop,"HIV 1/2, Stat-Pak HIV, Kit, 20 Tests",MIssing,50,1350.0,PMO - US,Chembio Diagnostics Sys. Inc.,"HIV 1/2, Stat-Pak HIV, Kit",27.0,03-01-07,SCMS-433,Pre-PQ Process,Pre-PQ Process,HRDT,102-GY-T01,27-Mar-07,Air,HIV test,20,1.35,"CHEMBIO DIAGNOSTIC SYSTEMS, INC.",EXW,18
11015,DN-1058,Truvada,Nigeria,19-Jan-09,19-Jan-09,300/200mg,Tablet - FDC,Yes,21895.01,From RDC,"Emtricitabine/Tenofovir Disoproxil Fumarate 200/300mg [Truvada], tablets, 30 Tabs",633.04,12304,322980.0,PMO - US,"Aspen-OSD, Port Elizabeth, SA",Emtricitabine/Tenofovir Disoproxil Fumarate,26.25,N/A - From RDC,SO-19060,Pre-PQ Process,Pre-PQ Process,ARV,123-NG-T01,19-Jan-09,Air,Adult,30,0.88,SCMS from RDC,N/A - From RDC,5197
41222,ASN-13150,Determine,Kenya,17-Jan-12,17-Jan-12,MIssing,Test kit,Yes,40917.19,Direct Drop,"HIV 1/2, Determine Complete HIV Kit, 100 Tests",895.78,6100,542900.0,PMO - US,"Alere Medical Co., Ltd.","HIV 1/2, Determine Complete HIV Kit",89.0,10/26/11,SCMS-124900,FPQ-8446,10-05-11,HRDT,102-KE-T30,17-Jan-12,Air,HIV test,100,0.89,"Orgenics, Ltd",EXW,3497
83714,DN-3305,Generic,Uganda,16-Oct-13,23-Oct-13,30/6mg,Chewable/dispersible tablet - FDC,Yes,747.76,From RDC,"Lamivudine/Stavudine 30/6mg, dispersible tablets, 60 Tabs",1.5,638,1212.2,PMO - US,"Cipla, Goa, India",Lamivudine/Stavudine,1.9,N/A - From RDC,SO-45490,FPQ-12253,05-08-13,ARV,114-UG-T30,29-Nov-13,Air,Pediatric,60,0.03,SCMS from RDC,N/A - From RDC,45
11195,DN-605,Generic,Zambia,21-Feb-08,21-Feb-08,200mg,Tablet,No,See DN-605 (ID#:10636),From RDC,"Nevirapine 200mg, tablets, 60 Tabs",54.09,9943,33806.2,PMO - US,"Aurobindo Unit III, India",Nevirapine,3.4,N/A - From RDC,SO-1317,Pre-PQ Process,Pre-PQ Process,ARV,110-ZM-T01,21-Feb-08,Truck,Adult,60,0.06,SCMS from RDC,N/A - From RDC,See DN-605 (ID#:10636)
3870,ASN-4144,OraQuick,Botswana,12-Jun-09,12-Jun-09,MIssing,Test kit,Yes,597.43,Direct Drop,"HIV 1/2, OraQuick Advance HIV Rapid Antibody Kit, 100 Tests",0.69,1,350.0,PMO - US,"Pacific Biotech, Thailand","HIV 1/2, OraQuick Advance HIV Rapid Antibody Kit",350.0,5/27/09,SCMS-46070,Pre-PQ Process,Pre-PQ Process,HRDT,102-BW-T01,12-Jun-09,Air,HIV test,100,3.5,Orasure Technologies Inc.,EXW,3
58039,ASN-14517,Generic,Vietnam,16-May-12,16-May-12,30/50/60mg,Chewable/dispersible tablet - FDC,No,See ASN-14517 (ID#:44737),Direct Drop,"Lamivudine/Nevirapine/Zidovudine 30/50/60mg, dispersible tablets, 60 Tabs",6.53,1123,4660.45,PMO - US,Mylan (formerly Matrix) Nashik,Lamivudine/Nevirapine/Zidovudine,4.15,1/16/12,SCMS-131690,FPQ-9001,12/15/11,ARV,108-VN-T30,16-May-12,Air,Pediatric,60,0.07,MYLAN LABORATORIES LTD (FORMERLY MATRIX LABORATORIES),EXW,See ASN-14517 (ID#:44737)
67925,ASN-33865,Generic,South Africa,24-Aug-15,24-Aug-15,200mg,Tablet,No,Freight Included in Commodity Cost,Direct Drop,"Nevirapine 200mg, tablets, 60 Tabs",0.25,18,247.28,PMO - US,"Aurobindo Unit III, India",Nevirapine,13.74,8/24/15,SCMS-295800,FPQ-14942,09-11-14,ARV,116-ZA-T30,24-Aug-15,Truck,Adult,60,0.23,PHARMACY DIRECT,DDP,Weight Captured Separately
14988,ASN-14984,Determine,South Sudan,15-Jun-12,15-Jun-12,MIssing,Test kit,Yes,4978.09,Direct Drop,"HIV 1/2, Determine Complete HIV Kit, 100 Tests",42.05,337,29993.0,PMO - US,"Alere Medical Co., Ltd.","HIV 1/2, Determine Complete HIV Kit",89.0,04-05-12,SCMS-137200,FPQ-9038,1/17/12,HRDT,102-SS-T30,15-Jun-12,Air,HIV test,100,0.89,"Orgenics, Ltd",EXW,181
43998,ASN-11587,Generic,South Africa,14-Sep-11,14-Sep-11,50mg,Capsule,Yes,5301.65,Direct Drop,"Efavirenz 50mg, capsule, 30 Caps",182.1,45232,110366.08,PMO - US,"Aurobindo Unit III, India",Efavirenz,2.44,3/24/11,SCMS-103410,FPQ-7175,03-10-11,ARV,161-ZA-T30,14-Sep-11,Ocean,Pediatric,30,0.08,Aurobindo Pharma Limited,DDP,2674
12625,DN-1,Stat-Pak,Nigeria,13-Jul-06,13-Jul-06,MIssing,Test kit,Yes,Freight Included in Commodity Cost,From RDC,"HIV 1/2, Stat-Pak HIV, Kit, 20 Tests",MIssing,50000,67500.0,PMO - US,Chembio Diagnostics Sys. Inc.,"HIV 1/2, Stat-Pak HIV, Kit",1.35,N/A - From RDC,SO-131,Pre-PQ Process,Pre-PQ Process,HRDT,102-NG-T01,20-Sep-06,MIssing,HIV test,20,0.07,SCMS from RDC,N/A - From RDC,712
82781,DN-4144,Generic,Burundi,28-Feb-15,05-Mar-15,300/300mg,Tablet - FDC,Yes,10363.49,From RDC,"Lamivudine/Tenofovir Disoproxil Fumarate 300/300mg, tablets, 30 Tabs",4.96,912,4213.44,PMO - US,"Cipla, Kurkumbh, India",Lamivudine/Tenofovir Disoproxil Fumarate,4.62,N/A - From RDC,SO-50270,FPQ-15406,11/19/14,ARV,102-BI-T30,27-Feb-15,Air,Adult,30,0.15,SCMS from RDC,N/A - From RDC,1744
59429,ASN-25080,Determine,Zimbabwe,04-Apr-14,08-Apr-14,MIssing,Test kit,Yes,52462.81,Direct Drop,"HIV 1/2, Determine Complete HIV Kit, 100 Tests",722.64,8787,702960.0,PMO - US,"Alere Medical Co., Ltd.","HIV 1/2, Determine Complete HIV Kit",80.0,02-11-14,SCMS-225850,FPQ-13670,02-03-14,HRDT,113-ZW-T30,04-Apr-14,Air,HIV test,100,0.8,"Orgenics, Ltd",EXW,3560
84184,DN-2802,Generic,Zimbabwe,04-Sep-12,04-Sep-12,150/30mg,Tablet - FDC,Yes,7423.38,From RDC,"Lamivudine/Stavudine 150/30mg, tablets, 60 Tabs",21.67,4451,13130.45,PMO - US,"Strides, Bangalore, India.",Lamivudine/Stavudine,2.95,N/A - From RDC,SO-40892,FPQ-8464,10-04-11,ARV,113-ZW-T30,16-Oct-12,Truck,Adult,60,0.05,SCMS from RDC,N/A - From RDC,228
10562,DN-182,Generic,Zambia,14-Jun-07,14-Jun-07,300mg,Tablet,Yes,13094.69,From RDC,"Abacavir 300mg, tablets, 60 Tabs",MIssing,8905,318799.0,PMO - US,"Aurobindo Unit III, India",Abacavir,35.8,N/A - From RDC,SO-498,Pre-PQ Process,Pre-PQ Process,ARV,110-ZM-T01,14-Jun-07,MIssing,Adult,60,0.6,SCMS from RDC,N/A - From RDC,3139
73675,ASN-21667,Generic,Vietnam,28-Sep-13,28-Sep-13,300mg,Tablet,No,See ASN-21667 (ID#:41892),Direct Drop,"Abacavir 300mg, tablets, 60 Tabs",6.5,429,5255.25,PMO - US,Hetero Unit III Hyderabad IN,Abacavir,12.25,5/15/13,SCMS-188710,FPQ-12051,05-03-13,ARV,108-VN-T30,28-Sep-13,Air,Adult,60,0.2,HETERO LABS LIMITED,EXW,See ASN-21667 (ID#:41892)
29116,ASN-31070,Generic,South Africa,09-Mar-15,09-Mar-15,150mg,Tablet,No,Freight Included in Commodity Cost,Direct Drop,"Lamivudine 150mg, tablets, 60 Tabs",0.99,146,964.58,PMO - US,"Aurobindo Unit III, India",Lamivudine,6.61,03-09-15,SCMS-259074,FPQ-14942,09-11-14,ARV,116-ZA-T30,09-Mar-15,Truck,Adult,60,0.11,PHARMACY DIRECT,DDP,Weight Captured Separately
12752,DN-475,Generic,Nigeria,03-Dec-07,03-Dec-07,150/200/30mg,Tablet - FDC,No,See DN-475 (ID#:10642),From RDC,"Lamivudine/Nevirapine/Stavudine 150/200/30mg, tablets, 60 Tabs",18.5,1542,11565.0,PMO - US,"Cipla, Goa, India",Lamivudine/Nevirapine/Stavudine,7.5,N/A - From RDC,SO-567,Pre-PQ Process,Pre-PQ Process,ARV,112-NG-T01,03-Dec-07,Air,Adult,60,0.12,SCMS from RDC,N/A - From RDC,See DN-475 (ID#:10642)
10612,DN-330,Generic,CÃte dIvoire,04-Sep-07,04-Sep-07,600mg,Tablet,Yes,6667,From RDC,"Efavirenz 600mg, tablets, 30 Tabs",631.28,24265,394548.9,PMO - US,"Strides, Bangalore, India.",Efavirenz,16.26,N/A - From RDC,SO-843,Pre-PQ Process,Pre-PQ Process,ARV,104-CI-T01,04-Sep-07,MIssing,Adult,30,0.54,SCMS from RDC,N/A - From RDC,2518
83235,DN-3628,Generic,Mozambique,24-Jun-14,14-Jul-14,600/300/300mg,Tablet - FDC,No,See DN-3628 (ID#:83234),From RDC,"Efavirenz/Lamivudine/Tenofovir Disoproxil Fumarate 600/300/300mg, tablets, 30 Tabs",3018.58,263351,2936363.65,PMO - US,Mylan (formerly Matrix) Nashik,Efavirenz/Lamivudine/Tenofovir Disoproxil Fumarate,11.15,N/A - From RDC,SO-47041,FPQ-13124,10/21/13,ARV,111-MZ-T30,14-Jun-14,Truck,Adult,30,0.37,SCMS from RDC,N/A - From RDC,See DN-3628 (ID#:83234)
48741,ASN-24994,Generic,CÃte dIvoire,07-Apr-14,08-Apr-14,50mg,Chewable/dispersible tablet,Yes,3740.01,Direct Drop,"Nevirapine 50mg, dispersible tablets, 60 Tabs",7.42,3900,7215.0,PMO - US,"Cipla, Patalganga, India",Nevirapine,1.85,12/13/13,SCMS-218500,FPQ-13297,11/28/13,ARV,104-CI-T30,07-Apr-14,Air,Pediatric,60,0.03,CIPLA LIMITED,EXW,321
84675,DN-2371,Generic,Swaziland,29-Sep-11,29-Sep-11,150/300/200mg,Tablet - FDC,Yes,3148.12,From RDC,"Lamivudine/Nevirapine/Zidovudine 150/200/300mg, tablets, 60 Tabs",353.6,19100,214302.0,PMO - US,"Aurobindo Unit VII, IN",Lamivudine/Nevirapine/Zidovudine,11.22,N/A - From RDC,SO-40591,FPQ-8360,09-02-11,ARV,901-SZ-T30,30-Sep-11,Air,Adult,60,0.19,SCMS from RDC,N/A - From RDC,2237
1361,ASN-631,Aluvia,Vietnam,27-Aug-07,27-Aug-07,200/50mg,Tablet,Yes,1767.38,Direct Drop,"Lopinavir/Ritonavir 200/50mg [Aluvia], tablets, 120 Tabs",65.75,500,41095.0,PMO - US,ABBVIE Ludwigshafen Germany,Lopinavir/Ritonavir,82.19,07-03-07,SCMS-757,Pre-PQ Process,Pre-PQ Process,ARV,108-VN-T01,27-Aug-07,Air,Adult,120,0.68,ABBVIE LOGISTICS (FORMERLY ABBOTT LOGISTICS BV),FCA,117
82954,DN-2237,Generic,Benin,09-Jun-11,09-Jun-11,600mg,Tablet,Yes,28541.79,From RDC,"Efavirenz 600mg, tablets, 30 Tabs",501.54,72029,303962.38,PMO - US,Mylan (formerly Matrix) Nashik,Efavirenz,4.22,N/A - From RDC,SO-39790,FPQ-7658,5/15/11,ARV,100-BJ-T30,13-Jun-11,Air,Adult,30,0.14,SCMS from RDC,N/A - From RDC,7682
49116,ASN-26767,Kaletra,Tanzania,26-Aug-14,04-Sep-14,80/20mg/ml,Oral solution,Yes,2569.33,Direct Drop,"Lopinavir/Ritonavir 80/20mg/ml [Kaletra], oral solution, cool, Bottle 5 x 60 ml",8.49,268,8259.76,PMO - US,ABBVIE (Abbott) Logis. UK,Lopinavir/Ritonavir,30.82,2/14/14,SCMS-225810,FPQ-13569,1/21/14,ARV,109-TZ-T30,26-Aug-14,Air,Pediatric,300,0.1,ABBVIE LOGISTICS (FORMERLY ABBOTT LOGISTICS BV),FCA,261
40484,ASN-9546,Determine,Kenya,10-Feb-11,10-Feb-11,MIssing,Test kit,Yes,15687.32,Direct Drop,"HIV 1/2, Determine Complete HIV Kit, 100 Tests",1643.1,8563,762107.0,PMO - US,Inverness Japan,"HIV 1/2, Determine Complete HIV Kit",89.0,11/22/10,SCMS-88211,FPQ-6406,9/27/10,HRDT,102-KE-T30,10-Feb-11,Air,HIV test,100,0.89,"Orgenics, Ltd",EXW,1474
6608,ASN-70,Determine,CÃte dIvoire,27-Oct-06,27-Oct-06,MIssing,Test kit,Yes,4110.88,Direct Drop,"HIV 1/2, Determine Complete HIV Kit, 100 Tests",MIssing,600,48000.0,PMO - US,ABBVIE GmbH & Co.KG Wiesbaden,"HIV 1/2, Determine Complete HIV Kit",80.0,Date Not Captured,SCMS-108,Pre-PQ Process,Pre-PQ Process,HRDT,104-CI-T01,27-Oct-06,Air,HIV test,100,0.8,Abbott GmbH & Co. KG,FCA,205503
49653,ASN-22706,Prezista,Uganda,20-Nov-13,21-Nov-13,300mg,Tablet,No,See ASN-22706 (ID#:46447),Direct Drop,"Darunavir 300mg [Prezista], tablets, 120 Tabs",23.64,287,19114.2,PMO - US,"Aspen-OSD, Port Elizabeth, SA",Darunavir,66.6,07-03-13,SCMS-192170,FPQ-12290,5/17/13,ARV,114-UG-T30,20-Nov-13,Air,Adult,120,0.55,ASPEN PHARMACARE,CIP,See ASN-22706 (ID#:46447)
85866,DN-2697,Generic,"Congo, DRC",11-Sep-12,11-Sep-12,150mg,Tablet,No,See DN-2697 (ID#:83045),From RDC,"Lamivudine 150mg, tablets, 60 Tabs",2.94,900,2097.0,PMO - US,Macleods Daman Plant INDIA,Lamivudine,2.33,N/A - From RDC,SO-41850,FPQ-9640,04-02-12,ARV,102-CD-T30,11-Sep-12,Air,Adult,60,0.04,SCMS from RDC,N/A - From RDC,See DN-2697 (ID#:83045)
52488,ASN-27469,Determine,Nigeria,09-Sep-14,29-Sep-14,MIssing,Test kit,Yes,19112.91,Direct Drop,"HIV 1/2, Determine Complete HIV Kit, 100 Tests",288.57,3154,280706.0,PMO - US,"Alere Medical Co., Ltd.","HIV 1/2, Determine Complete HIV Kit",89.0,06-02-14,SCMS-240830,FPQ-14305,5/16/14,HRDT,133-NG-T30,19-Aug-14,Air,HIV test,100,0.89,"Orgenics, Ltd",EXW,1279
74722,ASN-30792,Reyataz,South Africa,19-Feb-15,19-Feb-15,150mg,Capsule,No,Freight Included in Commodity Cost,Direct Drop,"Atazanavir 150mg [Reyataz], capsules, 60 Caps",0.06,3,58.13,PMO - US,"BMS Evansville, US",Atazanavir,19.38,05-08-14,SCMS-238550,FPQ-13973,4/30/14,ARV,116-ZA-T30,19-Feb-15,Truck,Pediatric,60,0.32,PHARMACY DIRECT,DDP,Weight Captured Separately
58731,ASN-28034,Generic,South Africa,29-Aug-14,29-Aug-14,50mg,Capsule,No,Freight Included in Commodity Cost,Direct Drop,"Efavirenz 50mg, capsule, 30 Caps",0.39,94,311.73,PMO - US,"Aurobindo Unit III, India",Efavirenz,3.32,8/29/14,SCMS-199289,FPQ-12522,07-11-13,ARV,116-ZA-T30,29-Aug-14,Truck,Pediatric,30,0.11,S. BUYS WHOLESALER,DDP,Weight Captured Separately
54501,ASN-25988,Determine,Tanzania,15-Jul-14,12-Aug-14,MIssing,Test kit,Yes,2631.39,Direct Drop,"HIV 1/2, Determine Complete HIV Kit, 100 Tests",28.78,350,28000.0,PMO - US,"Alere Medical Co., Ltd.","HIV 1/2, Determine Complete HIV Kit",80.0,03-05-14,SCMS-225870,FPQ-13675,02-03-14,HRDT,109-TZ-T30,15-Jul-14,Air,HIV test,100,0.8,"Orgenics, Ltd",EXW,144
86065,DN-3601,Generic,CÃte dIvoire,14-Apr-14,22-May-14,150mg,Tablet,No,See DN-3601 (ID#:85453),From RDC,"Lamivudine 150mg, tablets, 60 Tabs",1.38,519,1115.85,PMO - US,"Micro labs, Verna, Goa, India",Lamivudine,2.15,N/A - From RDC,SO-46380,FPQ-12800,08-09-13,ARV,104-CI-T30,31-Mar-14,Air,Adult,60,0.04,SCMS from RDC,N/A - From RDC,See DN-3601 (ID#:85453)
11740,DN-237,Capillus,Tanzania,19-Jul-07,19-Jul-07,MIssing,Test kit,Yes,2102,From RDC,"HIV 1/2, Capillus HIV Kit, 100 Tests",66.72,300,41700.0,PMO - US,"Trinity Biotech, Plc","HIV 1/2, Capillus HIV Kit",139.0,N/A - From RDC,SO-757,Pre-PQ Process,Pre-PQ Process,HRDT,109-TZ-T01,19-Jul-07,MIssing,HIV test,100,1.39,SCMS from RDC,N/A - From RDC,176
34593,ASN-13035,Determine,Zambia,16-Dec-11,16-Dec-11,MIssing,Test kit,Yes,11491.6,Direct Drop,"HIV 1/2, Determine Complete HIV Kit, 100 Tests",161.57,1224,97920.0,PMO - US,"Alere Medical Co., Ltd.","HIV 1/2, Determine Complete HIV Kit",80.0,9/22/11,SCMS-120570,FPQ-8315,8/31/11,HRDT,110-ZM-T30,20-Dec-11,Air,HIV test,100,0.8,"Orgenics, Ltd",EXW,588
11286,DN-857,Generic,Zimbabwe,26-Jul-08,26-Jul-08,600mg,Tablet,Yes,1648.64,From RDC,"Efavirenz 600mg, tablets, 30 Tabs",76.86,4000,48040.0,PMO - US,"Aurobindo Unit III, India",Efavirenz,12.01,N/A - From RDC,SO-11210,Pre-PQ Process,Pre-PQ Process,ARV,113-ZW-T01,26-Jul-08,Truck,Adult,30,0.4,SCMS from RDC,N/A - From RDC,342
85265,DN-2693,Generic,Zimbabwe,27-Jun-12,27-Jun-12,150/30mg,Tablet - FDC,No,See DN-2693 (ID#:82481),From RDC,"Lamivudine/Stavudine 150/30mg, tablets, 60 Tabs",34.8,7150,21092.5,PMO - US,"Strides, Bangalore, India.",Lamivudine/Stavudine,2.95,N/A - From RDC,SO-40883,FPQ-8464,10-04-11,ARV,113-ZW-T30,14-Aug-12,Truck,Adult,60,0.05,SCMS from RDC,N/A - From RDC,See DN-2693 (ID#:82481)
11305,DN-918,Generic,Nigeria,02-Oct-08,02-Oct-08,150/30mg,Tablet - FDC,Yes,1181.41,From RDC,"Lamivudine/Stavudine 150/30mg, tablets, 60 Tabs",6.05,969,3779.1,PMO - US,Mylan (formerly Matrix) Nashik,Lamivudine/Stavudine,3.9,N/A - From RDC,SO-10600,Pre-PQ Process,Pre-PQ Process,ARV,130-NG-T01,02-Oct-08,Air,Adult,60,0.06,SCMS from RDC,N/A - From RDC,71
83921,DN-4313,Generic,CÃte dIvoire,06-Aug-15,07-Aug-15,300/300mg,Tablet - FDC,Yes,14734.92,From RDC,"Lamivudine/Tenofovir Disoproxil Fumarate 300/300mg, tablets, 30 Tabs",36.7,6750,31185.0,PMO - US,"Hetero, Jadcherla, unit 5, IN",Lamivudine/Tenofovir Disoproxil Fumarate,4.62,N/A - From RDC,SO-50102,FPQ-15259,10/24/14,ARV,104-CI-T30,31-Jul-15,Truck,Adult,30,0.15,SCMS from RDC,N/A - From RDC,4426
28998,ASN-19490,Aluvia,Vietnam,03-Jun-13,03-Jun-13,200/50mg,Tablet,Yes,8303.48,Direct Drop,"Lopinavir/Ritonavir 200/50mg [Aluvia], tablets, 120 Tabs",292.29,3885,236285.7,PMO - US,ABBVIE Ludwigshafen Germany,Lopinavir/Ritonavir,60.82,02-11-13,SCMS-176140,FPQ-11418,1/29/13,ARV,108-VN-T30,03-Jun-13,Air,Adult,120,0.51,ABBVIE LOGISTICS (FORMERLY ABBOTT LOGISTICS BV),FCA,930
86254,DN-1604,Generic,Ethiopia,18-Dec-09,18-Dec-09,150mg,Tablet,Yes,2978.5,From RDC,"Lamivudine 150mg, tablets, 60 Tabs",42.09,8000,19520.0,PMO - US,Mylan (formerly Matrix) Nashik,Lamivudine,2.44,N/A - From RDC,SO-35240,FPQ-4668,11/26/09,ARV,117-ET-T30,04-Jan-10,Air,Adult,60,0.04,SCMS from RDC,N/A - From RDC,425
82960,DN-2268,Generic,Mozambique,01-Sep-11,01-Sep-11,150/300/200mg,Tablet - FDC,Yes,14716.83,From RDC,"Lamivudine/Nevirapine/Zidovudine 150/200/300mg, tablets, 60 Tabs",2317.86,125202,1404766.44,PMO - US,Mylan (formerly Matrix) Nashik,Lamivudine/Nevirapine/Zidovudine,11.22,N/A - From RDC,SO-40060,FPQ-7053,1/24/11,ARV,111-MZ-T30,31-Aug-11,Truck,Adult,60,0.19,SCMS from RDC,N/A - From RDC,34813
25293,ASN-5827,Generic,Rwanda,03-Feb-10,03-Feb-10,150/300mg,Tablet - FDC,Yes,29603.24,Direct Drop,"Lamivudine/Zidovudine 150/300mg, tablets, 60 Tabs",607.94,34464,310176.0,PMO - US,Mylan (formerly Matrix) Nashik,Lamivudine/Zidovudine,9.0,4/15/09,SCMS-43810,FPQ-4248,2/27/09,ARV,107-RW-T30,03-Feb-10,Air,Adult,60,0.15,MYLAN LABORATORIES LTD (FORMERLY MATRIX LABORATORIES),CIP,2768
1084,ASN-4196,Aluvia,South Africa,14-Apr-09,14-Apr-09,200/50mg,Tablet,Yes,Freight Included in Commodity Cost,Direct Drop,"Lopinavir/Ritonavir 200/50mg [Aluvia], tablets, 120 Tabs",263.4,3735,134385.3,PMO - US,ABBVIE Ludwigshafen Germany,Lopinavir/Ritonavir,35.98,3/27/09,SCMS-41581,Pre-PQ Process,Pre-PQ Process,ARV,116-ZA-T01,25-Jun-09,Air,Adult,120,0.3,S. BUYS WHOLESALER,DDP,Weight Captured Separately
84602,DN-2051,Generic,Mozambique,23-Dec-10,23-Dec-10,150/200/30mg,Tablet - FDC,No,See DN-2051 (ID#:82359),From RDC,"Lamivudine/Nevirapine/Stavudine 150/200/30mg, tablets, 60 Tabs",351.21,30000,162900.0,PMO - US,"Cipla, Goa, India",Lamivudine/Nevirapine/Stavudine,5.43,N/A - From RDC,SO-37590,FPQ-6426,9/23/10,ARV,111-MZ-T30,20-Dec-10,Truck,Adult,60,0.09,SCMS from RDC,N/A - From RDC,See DN-2051 (ID#:82359)
85107,DN-1794,Generic,Nigeria,18-May-10,18-May-10,150/300/200mg,Tablet - FDC,No,See DN-1794 (ID#:83421),From RDC,"Lamivudine/Nevirapine/Zidovudine 150/200/300mg, tablets, 60 Tabs",1088.56,45000,504900.0,PMO - US,"Aurobindo Unit III, India",Lamivudine/Nevirapine/Zidovudine,11.22,N/A - From RDC,SO-36008,FPQ-4537,11-06-09,ARV,151-NG-T30,31-May-10,Air Charter,Adult,60,0.19,SCMS from RDC,N/A - From RDC,See DN-1794 (ID#:83421)
84723,DN-2653,Generic,Rwanda,15-May-12,15-May-12,600mg,Tablet,Yes,15842.34,From RDC,"Efavirenz 600mg, tablets, 30 Tabs",132.25,24126,94332.66,PMO - US,"Strides, Bangalore, India.",Efavirenz,3.91,N/A - From RDC,SO-41820,FPQ-9637,3/28/12,ARV,107-RW-T30,29-Jun-12,Air,Adult,30,0.13,SCMS from RDC,N/A - From RDC,1444
62403,ASN-18768,Determine,"Congo, DRC",17-Jul-13,17-Jul-13,MIssing,Test kit - Ancillary,Yes,22892.07,Direct Drop,"Chase Buffer, Determine, 100 Tests, 2.5ml x 1 Vial",21.72,3511,17555.0,PMO - US,"Alere Medical Co., Ltd.","Chase Buffer, Determine, 100 Tests, 2.5ml x 1 Vial",5.0,12-06-12,SCMS-168020,FPQ-11043,11/16/12,HRDT,101-CD-T30,17-Jul-13,Air,HIV test - Ancillary,1,5.0,"Orgenics, Ltd",EXW,981
11070,DN-1443,Generic,Nigeria,20-Oct-09,20-Oct-09,200/300mg,Tablet - FDC,Yes,9341.49,From RDC,"Emtricitabine/Tenofovir Disoproxil Fumarate 200/300mg, tablets, 30 Tabs",10.16,441,5181.75,PMO - US,Mylan (formerly Matrix) Nashik,Emtricitabine/Tenofovir Disoproxil Fumarate,11.75,N/A - From RDC,SO-27824,Pre-PQ Process,Date Not Captured,ARV,151-NG-T01,20-Oct-09,Air Charter,Adult,30,0.39,SCMS from RDC,N/A - From RDC,36
12609,DN-1403,Generic,Zambia,22-Sep-09,22-Sep-09,600mg,Tablet,Yes,6759.28,From RDC,"Efavirenz 600mg, tablets, 30 Tabs",1897.28,88000,968000.0,PMO - US,"Aurobindo Unit III, India",Efavirenz,11.0,N/A - From RDC,SO-17660,Pre-PQ Process,Date Not Captured,ARV,110-ZM-T01,22-Sep-09,Truck,Adult,30,0.37,SCMS from RDC,N/A - From RDC,7579
85730,DN-2073,Generic,Haiti,05-Jan-11,05-Jan-11,10mg/ml,Oral solution,No,See DN-2073 (ID#:82362),From RDC,"Lamivudine 10mg/ml, oral solution w/syringe, Bottle, 240 ml",31.91,8000,14800.0,PMO - US,"Aurobindo Unit III, India",Lamivudine,1.85,N/A - From RDC,SO-37760,FPQ-6484,10/13/10,ARV,106-HT-T30,20-Dec-10,Air,Pediatric,240,0.01,SCMS from RDC,N/A - From RDC,See DN-2073 (ID#:82362)
30720,ASN-12660,Uni-Gold,Rwanda,13-Dec-11,13-Dec-11,MIssing,Test kit,Yes,6318.92,Direct Drop,"HIV 1/2, Uni-Gold HIV Kit, 20 Tests",46.09,873,27936.0,PMO - US,"Trinity Biotech, Plc","HIV 1/2, Uni-Gold HIV Kit",32.0,8/29/11,SCMS-119630,FPQ-8263,8/19/11,HRDT,107-RW-T30,13-Dec-11,Air,HIV test,20,1.6,"Trinity Biotech, Plc",EXW,296
82984,DN-2384,Generic,Zimbabwe,21-Oct-11,21-Oct-11,600mg,Tablet,Yes,320.43,From RDC,"Efavirenz 600mg, tablets, 30 Tabs",29.24,4200,17724.0,PMO - US,"Strides, Bangalore, India.",Efavirenz,4.22,N/A - From RDC,SO-40282,FPQ-7934,6/28/11,ARV,113-ZW-T30,25-Oct-11,Truck,Adult,30,0.14,SCMS from RDC,N/A - From RDC,257
83569,DN-2545,Generic,CÃte dIvoire,01-Mar-12,01-Mar-12,150mg,Tablet,Yes,20548.8,From RDC,"Lamivudine 150mg, tablets, 60 Tabs",33.81,10350,24115.5,PMO - US,"Aurobindo Unit III, India",Lamivudine,2.33,N/A - From RDC,SO-41171,FPQ-8787,11-11-11,ARV,104-CI-T30,21-May-12,Air,Adult,60,0.04,SCMS from RDC,N/A - From RDC,495
84420,DN-3969,Generic,Rwanda,12-Nov-14,13-Nov-14,200mg,Tablet,Yes,23340.84,From RDC,"Nevirapine 200mg, tablets, 60 Tabs",414.14,178258,402863.08,PMO - US,"Aurobindo Unit III, India",Nevirapine,2.26,N/A - From RDC,SO-48160,FPQ-13812,03-04-14,ARV,107-RW-T30,01-Oct-14,Truck,Adult,60,0.04,SCMS from RDC,N/A - From RDC,17140
10690,DN-769,Generic,Zambia,17-Jun-08,17-Jun-08,150/30mg,Tablet - FDC,Yes,4887.18,From RDC,"Lamivudine/Stavudine 150/30mg, tablets, 30 Tabs",136.86,42768,85536.0,PMO - US,"Cipla, Goa, India",Lamivudine/Stavudine,2.0,N/A - From RDC,SO-2546,Pre-PQ Process,Pre-PQ Process,ARV,110-ZM-T01,17-Jun-08,Truck,Adult,30,0.07,SCMS from RDC,N/A - From RDC,2493
83492,DN-2142,Generic,Zambia,05-Apr-11,05-Apr-11,150mg,Tablet,Yes,4471.07,From RDC,"Lamivudine 150mg, tablets, 60 Tabs",108.9,21678,50509.74,PMO - US,"Aurobindo Unit III, India",Lamivudine,2.33,N/A - From RDC,SO-38910,FPQ-6222,8/20/10,ARV,110-ZM-T30,31-Mar-11,Truck,Adult,60,0.04,SCMS from RDC,N/A - From RDC,1084
29224,ASN-14308,Uni-Gold,Swaziland,31-May-12,31-May-12,MIssing,Test kit,Yes,1099.39,Direct Drop,"HIV 1/2, Uni-Gold HIV Kit, 20 Tests",7.18,160,5120.0,PMO - US,"Trinity Biotech, Plc","HIV 1/2, Uni-Gold HIV Kit",32.0,02-06-12,SCMS-135090,FPQ-9212,1/19/12,HRDT,102-SZ-T30,31-May-12,Air,HIV test,20,1.6,"Trinity Biotech, Plc",EXW,59
84121,DN-2435,Generic,Uganda,01-Dec-11,01-Dec-11,600mg,Tablet,Yes,39130.38,From RDC,"Efavirenz 600mg, tablets, 30 Tabs",67.98,10000,41200.0,PMO - US,"Strides, Bangalore, India.",Efavirenz,4.12,N/A - From RDC,SO-40911,FPQ-8520,10-05-11,ARV,114-UG-T30,09-Jan-12,Truck,Adult,30,0.14,SCMS from RDC,N/A - From RDC,1051
84467,DN-4255,Generic,CÃte dIvoire,08-Jun-15,19-Jun-15,150/300/200mg,Tablet - FDC,No,See DN-4255 (ID#:83911),From RDC,"Lamivudine/Nevirapine/Zidovudine 150/200/300mg, tablets, 60 Tabs",17.84,1963,15154.36,PMO - US,Hetero Unit III Hyderabad IN,Lamivudine/Nevirapine/Zidovudine,7.72,N/A - From RDC,SO-50100,FPQ-15259,10/24/14,ARV,104-CI-T30,19-Jun-15,Truck,Adult,60,0.13,SCMS from RDC,N/A - From RDC,See DN-4255 (ID#:83911)
66333,ASN-7373,Retrovir,South Africa,31-May-10,31-May-10,10mg/ml,Oral solution,No,Freight Included in Commodity Cost,Direct Drop,"Zidovudine 10mg/ml [Retrovir], oral solution, Bottle, 200 ml",6.17,400,2864.03,PMO - US,GSK Mississauga (Canada),Zidovudine,7.16,4/21/10,SCMS-71370,FPQ-5535,4/19/10,ARV,116-ZA-T30,31-May-10,Truck,Pediatric,200,0.04,S. BUYS WHOLESALER,DDP,Weight Captured Separately
54348,ASN-17463,Determine,Tanzania,31-Dec-12,31-Dec-12,MIssing,Test kit,Yes,12950.74,Direct Drop,"HIV 1/2, Determine Complete HIV Kit, 100 Tests",175.87,1568,125440.0,PMO - US,"Alere Medical Co., Ltd.","HIV 1/2, Determine Complete HIV Kit",80.0,10-04-12,SCMS-161830,FPQ-10619,9/13/12,HRDT,109-TZ-T30,31-Dec-12,Air,HIV test,100,0.8,"Orgenics, Ltd",EXW,678
84468,DN-4257,Generic,Zambia,15-May-15,15-May-15,600/300/300mg,Tablet - FDC,Yes,80039.1,From RDC,"Efavirenz/Lamivudine/Tenofovir Disoproxil Fumarate 600/300/300mg, tablets, 30 Tabs",424.36,43000,412800.0,PMO - US,Hetero Unit III Hyderabad IN,Efavirenz/Lamivudine/Tenofovir Disoproxil Fumarate,9.6,N/A - From RDC,SO-49622,FPQ-14784,08-12-14,ARV,110-ZM-T30,29-May-15,Truck,Adult,30,0.32,SCMS from RDC,N/A - From RDC,68951
11635,DN-1209,Generic,Nigeria,08-May-09,08-May-09,150/300/200mg,Tablet - FDC,No,See DN-1209 (ID#:10763),From RDC,"Lamivudine/Nevirapine/Zidovudine 150/200/300mg, tablets, 60 Tabs",0.02,1,11.4,PMO - US,"Aurobindo Unit III, India",Lamivudine/Nevirapine/Zidovudine,11.4,N/A - From RDC,SO-22527,Pre-PQ Process,Pre-PQ Process,ARV,151-NG-T01,08-May-09,Air Charter,Adult,60,0.19,SCMS from RDC,N/A - From RDC,See DN-1209 (ID#:10763)
23050,ASN-15225,Norvir,CÃte dIvoire,03-Jul-12,03-Jul-12,100mg,Tablet,Yes,1462.71,Direct Drop,"Ritonavir 100mg [Norvir], film coated tablets, 60 Tabs",7.3,760,5206.0,PMO - US,ABBVIE Ludwigshafen Germany,Ritonavir,6.85,03-08-12,SCMS-138120,FPQ-9065,01-04-12,ARV,104-CI-T30,03-Jul-12,Air,Adult,60,0.11,ABBVIE LOGISTICS (FORMERLY ABBOTT LOGISTICS BV),FCA,99
83186,DN-3428,Generic,Mozambique,30-Jan-14,17-Feb-14,300mg,Tablet,Yes,5816.47,From RDC,"Abacavir 300mg, tablets, 60 Tabs",20.41,1440,16502.4,PMO - US,"Aurobindo Unit III, India",Abacavir,11.46,N/A - From RDC,SO-45893,FPQ-12416,6/28/13,ARV,111-MZ-T30,29-Nov-13,Truck,Adult,60,0.19,SCMS from RDC,N/A - From RDC,4395
27781,ASN-30377,Generic,South Africa,26-Jan-15,26-Jan-15,300mg,Tablet,No,Freight Included in Commodity Cost,Direct Drop,"Abacavir 300mg, tablets, 60 Tabs",2.72,53,2642.19,PMO - US,"Aurobindo Unit III, India",Abacavir,49.85,1/26/15,SCMS-259072,FPQ-14942,09-11-14,ARV,116-ZA-T30,26-Jan-15,Truck,Adult,60,0.83,PHARMACY DIRECT,DDP,Weight Captured Separately
85142,DN-1997,Generic,Uganda,27-Sep-10,27-Sep-10,150/300mg,Tablet - FDC,No,See DN-1997 (ID#:82914),From RDC,"Lamivudine/Zidovudine 150/300mg, tablets, 60 Tabs",81.09,4399,37611.45,PMO - US,Mylan (formerly Matrix) Nashik,Lamivudine/Zidovudine,8.55,N/A - From RDC,SO-37250,FPQ-6202,08-06-10,ARV,102-UG-T30,29-Oct-10,Air,Adult,60,0.14,SCMS from RDC,N/A - From RDC,See DN-1997 (ID#:82914)
12592,DN-1285,Generic,Zambia,02-Jul-09,02-Jul-09,300/300mg,Tablet - FDC,Yes,16702.26,From RDC,"Lamivudine/Tenofovir Disoproxil Fumarate 300/300mg, tablets, 30 Tabs",2073.68,92000,1058000.0,PMO - US,Mylan (formerly Matrix) Nashik,Lamivudine/Tenofovir Disoproxil Fumarate,11.5,N/A - From RDC,SO-29060,Pre-PQ Process,Date Not Captured,ARV,110-ZM-T01,02-Jul-09,Truck,Adult,30,0.38,SCMS from RDC,N/A - From RDC,7101
38613,ASN-27241,Uni-Gold,South Sudan,29-Sep-14,30-Sep-14,MIssing,Test kit,No,See ASN-27241 (ID#:23488),Direct Drop,"HIV 1/2, Uni-Gold HIV Kit, 20 Tests",1.15,35,1120.0,PMO - US,"Trinity Biotech, Plc","HIV 1/2, Uni-Gold HIV Kit",32.0,07-01-14,SCMS-245230,FPQ-14470,6/17/14,HRDT,105-SS-T30,29-Sep-14,Air,HIV test,20,1.6,"Trinity Biotech, Plc",EXW,See ASN-27241 (ID#:23488)
84015,DN-1899,Generic,Nigeria,28-Jun-10,28-Jun-10,600mg,Tablet,Yes,Freight Included in Commodity Cost,From RDC,"Efavirenz 600mg, tablets, 30 Tabs",282.65,28500,131100.0,PMO - US,"Aurobindo Unit III, India",Efavirenz,4.6,N/A - From RDC,SO-36441,FPQ-5023,02-10-10,ARV,151-NG-T30,15-Jul-10,Air,Adult,30,0.15,SCMS from RDC,N/A - From RDC,2442
42465,ASN-8740,Generic,South Africa,08-Dec-10,08-Dec-10,300mg,Tablet,Yes,3315.24,Direct Drop,"Zidovudine 300mg, tablets, 60 Tabs",144,8989,66788.27,PMO - US,"Aurobindo Unit III, India",Zidovudine,7.43,3/19/10,SCMS-69050,FPQ-5303,3/18/10,ARV,161-ZA-T30,15-Dec-10,Air,Adult,60,0.12,Aurobindo Pharma Limited,DDP,454
44463,ASN-28033,Generic,South Africa,29-Aug-14,29-Aug-14,150mg,Tablet,No,Freight Included in Commodity Cost,Direct Drop,"Lamivudine 150mg, tablets, 60 Tabs",7.34,608,5932.29,PMO - US,Hetero Unit III Hyderabad IN,Lamivudine,9.76,8/29/14,SCMS-199289,FPQ-12522,07-11-13,ARV,116-ZA-T30,29-Aug-14,Truck,Adult,60,0.16,S. BUYS WHOLESALER,DDP,Weight Captured Separately
10624,DN-373,Generic,Nigeria,20-Sep-07,20-Sep-07,150/200/30mg,Tablet - FDC,No,See DN-373 (ID#:10623),From RDC,"Lamivudine/Nevirapine/Stavudine 150/200/30mg, tablets, 60 Tabs",2.66,222,1665.0,PMO - US,"Cipla, Goa, India",Lamivudine/Nevirapine/Stavudine,7.5,N/A - From RDC,SO-565,Pre-PQ Process,Pre-PQ Process,ARV,112-NG-T01,20-Sep-07,Air,Adult,60,0.12,SCMS from RDC,N/A - From RDC,See DN-373 (ID#:10623)
82656,DN-3582,Generic,Tanzania,02-May-14,07-May-14,200/300mg,Tablet - FDC,Yes,6010.2,From RDC,"Emtricitabine/Tenofovir Disoproxil Fumarate 200/300mg, tablets, 30 Tabs",151.91,20921,122806.27,PMO - US,"Aurobindo Unit III, India",Emtricitabine/Tenofovir Disoproxil Fumarate,5.87,N/A - From RDC,SO-46002,FPQ-12587,07-04-13,ARV,109-TZ-T30,30-Apr-14,Truck,Adult,30,0.2,SCMS from RDC,N/A - From RDC,6692
41603,ASN-33865,Generic,South Africa,24-Aug-15,24-Aug-15,600mg,Tablet,No,Freight Included in Commodity Cost,Direct Drop,"Efavirenz 600mg, tablets, 30 Tabs",0.48,39,471.65,PMO - US,"Aurobindo Unit III, India",Efavirenz,12.09,8/24/15,SCMS-295800,FPQ-14942,09-11-14,ARV,116-ZA-T30,24-Aug-15,Truck,Adult,30,0.4,PHARMACY DIRECT,DDP,Weight Captured Separately
48516,ASN-30813,Generic,Haiti,30-Mar-15,31-Mar-15,100mg,Capsule,Yes,820.56,Direct Drop,"Zidovudine 100mg, capsules, 100 Caps",0.56,120,540.0,PMO - US,"Aurobindo Unit III, India",Zidovudine,4.5,12/24/14,SCMS-262950,FPQ-15038,10/22/14,ARV,106-HT-T30,30-Mar-15,Air,Pediatric,100,0.04,Aurobindo Pharma Limited,EXW,9
83815,DN-3900,Generic,CÃte dIvoire,08-Sep-14,19-Sep-14,10mg/ml,Oral solution,Yes,396.32,From RDC,"Zidovudine 10mg/ml, oral solution w/syringe, Bottle, 240 ml",0.34,156,327.6,PMO - US,"Aurobindo Unit III, India",Zidovudine,2.1,N/A - From RDC,SO-47156,FPQ-13142,10/22/13,ARV,104-CI-T30,30-Sep-14,Truck,Pediatric,240,0.01,SCMS from RDC,N/A - From RDC,100
84784,DN-2996,Generic,Nigeria,11-Feb-13,11-Feb-13,200mg,Tablet,Yes,29780.5,From RDC,"Nevirapine 200mg, tablets, 60 Tabs",159.65,49295,113871.45,PMO - US,"Aurobindo Unit III, India",Nevirapine,2.31,N/A - From RDC,SO-43044,FPQ-10477,08-09-12,ARV,151-NG-T30,11-Feb-13,Air Charter,Adult,60,0.04,SCMS from RDC,N/A - From RDC,12032
12250,DN-846,Generic,Nigeria,24-Jul-08,24-Jul-08,300mg,Tablet,No,See DN-846 (ID#:11939),From RDC,"Zidovudine 300mg, tablets, 60 Tabs",57.6,4500,36000.0,PMO - US,"Aurobindo Unit III, India",Zidovudine,8.0,N/A - From RDC,SO-10750,Pre-PQ Process,Pre-PQ Process,ARV,126-NG-T01,24-Jul-08,Air,Adult,60,0.13,SCMS from RDC,N/A - From RDC,See DN-846 (ID#:11939)
82846,DN-1541,Generic,Uganda,30-Nov-09,30-Nov-09,600mg,Tablet,Yes,3335.33,From RDC,"Efavirenz 600mg, tablets, 30 Tabs",53.25,4700,27166.0,PMO - US,"Aurobindo Unit III, India",Efavirenz,5.78,N/A - From RDC,SO-34270,FPQ-4454,9/25/09,ARV,114-UG-T30,07-Dec-09,Air,Adult,30,0.19,SCMS from RDC,N/A - From RDC,680
82666,DN-3633,Generic,CÃte dIvoire,22-Apr-14,11-Jun-14,300mg,Tablet,Yes,17647.73,From RDC,"Abacavir 300mg, tablets, 60 Tabs",77.92,6750,75802.5,PMO - US,"Aurobindo Unit III, India",Abacavir,11.23,N/A - From RDC,SO-47151,FPQ-13142,10/22/13,ARV,104-CI-T30,30-Apr-14,Truck,Adult,60,0.19,SCMS from RDC,N/A - From RDC,4919
55018,ASN-17430,Prezista,Uganda,14-Dec-12,14-Dec-12,300mg,Tablet,No,See ASN-17430 (ID#:24384),Direct Drop,"Darunavir 300mg [Prezista], tablets, 120 Tabs",25.7,312,20779.2,PMO - US,"Aspen-OSD, Port Elizabeth, SA",Darunavir,66.6,10/25/12,SCMS-162740,FPQ-10788,10-10-12,ARV,114-UG-T30,14-Dec-12,Air,Adult,120,0.55,ASPEN PHARMACARE,DAP,See ASN-17430 (ID#:24384)
69903,ASN-29006,Generic,Zimbabwe,28-Nov-14,16-Dec-14,200mg,Capsule,Yes,5697.64,Direct Drop,"Efavirenz 200mg, capsule, 90 Caps",24.04,5291,23386.22,PMO - US,"Micro labs, Verna, Goa, India",Efavirenz,4.42,5/16/14,SCMS-239210,FPQ-13969,04-08-14,ARV,103-ZW-T30,28-Nov-14,Air,Pediatric,90,0.05,MICRO LABS LIMITED,EXW,800
85704,DN-2003,Generic,Zambia,01-Sep-10,01-Sep-10,150/300mg,Tablet - FDC,No,See DN-2003 (ID#:85146),From RDC,"Lamivudine/Zidovudine 150/300mg, tablets, 60 Tabs",2068.77,112227,959540.85,PMO - US,Hetero Unit III Hyderabad IN,Lamivudine/Zidovudine,8.55,N/A - From RDC,SO-36844,FPQ-5702,5/20/10,ARV,110-ZM-T30,22-Sep-10,Air,Adult,60,0.14,SCMS from RDC,N/A - From RDC,See DN-2003 (ID#:85146)
11601,DN-949,Generic,CÃte dIvoire,01-Dec-08,01-Dec-08,150/30mg,Tablet - FDC,Yes,6381.87,From RDC,"Lamivudine/Stavudine 150/30mg, tablets, 60 Tabs",164.67,21542,84013.8,PMO - US,Mylan (formerly Matrix) Nashik,Lamivudine/Stavudine,3.9,N/A - From RDC,SO-11831,Pre-PQ Process,Pre-PQ Process,ARV,104-CI-T01,01-Dec-08,Air,Adult,60,0.06,SCMS from RDC,N/A - From RDC,1583
11834,DN-511,Generic,Rwanda,31-Jan-08,31-Jan-08,600mg,Tablet,Yes,36417.89,From RDC,"Efavirenz 600mg, tablets, 30 Tabs",740.39,37258,462744.36,PMO - US,"Aurobindo Unit III, India",Efavirenz,12.42,N/A - From RDC,SO-1516,Pre-PQ Process,Pre-PQ Process,ARV,107-RW-T01,31-Jan-08,Air,Adult,30,0.41,SCMS from RDC,N/A - From RDC,3195
83650,DN-2999,Generic,Uganda,28-Feb-13,28-Feb-13,150/300/200mg,Tablet - FDC,Yes,41595.5,From RDC,"Lamivudine/Nevirapine/Zidovudine 150/200/300mg, tablets, 60 Tabs",441.53,39792,356934.24,PMO - US,"Aurobindo Unit III, India",Lamivudine/Nevirapine/Zidovudine,8.97,N/A - From RDC,SO-43921,FPQ-11143,12/13/12,ARV,114-UG-T30,22-Feb-13,Air,Adult,60,0.15,SCMS from RDC,N/A - From RDC,4658
34058,ASN-31018,Uni-Gold,Tanzania,28-Apr-15,28-Apr-15,MIssing,Test kit,Yes,939.38,Direct Drop,"HIV 1/2, Uni-Gold HIV Kit, 20 Tests",2.76,84,2688.0,PMO - US,"Trinity Biotech, Plc","HIV 1/2, Uni-Gold HIV Kit",32.0,05-06-14,SCMS-235400,FPQ-13945,3/27/14,HRDT,109-TZ-T30,28-Apr-15,Air,HIV test,20,1.6,"Trinity Biotech, Plc",EXW,33
86110,DN-3787,Generic,Rwanda,13-Aug-14,14-Aug-14,200mg,Tablet,No,See DN-3787 (ID#:83818),From RDC,"Nevirapine 200mg, tablets, 60 Tabs",206.33,88809,200708.34,PMO - US,Hetero Unit III Hyderabad IN,Nevirapine,2.26,N/A - From RDC,SO-48161,FPQ-13812,03-04-14,ARV,107-RW-T30,19-Aug-14,Truck,Adult,60,0.04,SCMS from RDC,N/A - From RDC,See DN-3787 (ID#:83818)
45197,ASN-33851,Generic,South Africa,24-Aug-15,24-Aug-15,150/300mg,Tablet - FDC,No,Freight Included in Commodity Cost,Direct Drop,"Lamivudine/Zidovudine 150/300mg, tablets, 60 Tabs",0.64,27,620.91,PMO - US,"Aurobindo Unit III, India",Lamivudine/Zidovudine,23.0,10-09-14,SCMS-259079,FPQ-14942,09-11-14,ARV,116-ZA-T30,24-Aug-15,Truck,Adult,60,0.38,PHARMACY DIRECT,DDP,Weight Captured Separately
86603,DN-3324,Generic,Nigeria,12-Sep-13,12-Sep-13,150/300/200mg,Tablet - FDC,No,See DN-3324 (ID#:84854),From RDC,"Lamivudine/Nevirapine/Zidovudine 150/200/300mg, tablets, 60 Tabs",1698.15,160000,1372800.0,PMO - US,"Aurobindo Unit III, India",Lamivudine/Nevirapine/Zidovudine,8.58,N/A - From RDC,SO-44931,FPQ-11864,3/14/13,ARV,151-NG-T30,18-Sep-13,Air Charter,Adult,60,0.14,SCMS from RDC,N/A - From RDC,See DN-3324 (ID#:84854)
12220,DN-1083,Generic,Uganda,03-Mar-09,03-Mar-09,150/300/200mg,Tablet - FDC,No,See DN-1083 (ID#:12219),From RDC,"Lamivudine/Nevirapine/Zidovudine 150/200/300mg, tablets, 60 Tabs",7.22,312,3681.6,PMO - US,"Aurobindo Unit III, India",Lamivudine/Nevirapine/Zidovudine,11.8,N/A - From RDC,SO-17750,Pre-PQ Process,Pre-PQ Process,ARV,114-UG-T01,03-Mar-09,Air,Adult,60,0.2,SCMS from RDC,N/A - From RDC,See DN-1083 (ID#:12219)
12682,DN-290,Generic,Tanzania,10-Sep-07,10-Sep-07,600mg,Tablet,No,See DN-290 (ID#:10859),From RDC,"Efavirenz 600mg, tablets, 30 Tabs",208.13,8000,130080.0,PMO - US,"Aurobindo Unit III, India",Efavirenz,16.26,N/A - From RDC,SO-455,Pre-PQ Process,Pre-PQ Process,ARV,109-TZ-T01,10-Sep-07,MIssing,Adult,30,0.54,SCMS from RDC,N/A - From RDC,See DN-290 (ID#:10859)
39769,ASN-13538,Determine,Sudan,20-Feb-12,20-Feb-12,MIssing,Test kit - Ancillary,Yes,980.7,Direct Drop,"Capillary Tubes, for Determine, EDTA, 50uL,100 Pcs",0.03,2,16.0,PMO - US,"Alere Medical Co., Ltd.","HIV, Capillary Tubes, for Determine, EDTA, 50uL,100 Pcs",8.0,9/14/11,SCMS-121852,FPQ-8264,09-07-11,HRDT,102-SD-T30,20-Feb-12,Air,HIV test - Ancillary,100,0.08,"Orgenics, Ltd",EXW,2
85440,DN-3558,Generic,Mozambique,28-Mar-14,04-Apr-14,300/300mg,Tablet - FDC,No,See DN-3558 (ID#:83766),From RDC,"Lamivudine/Tenofovir Disoproxil Fumarate 300/300mg, tablets, 30 Tabs",7.91,1638,7698.6,PMO - US,"Cipla, Kurkumbh, India",Lamivudine/Tenofovir Disoproxil Fumarate,4.7,N/A - From RDC,SO-47081,FPQ-13123,10/21/13,ARV,111-MZ-T30,15-Apr-14,Truck,Adult,30,0.16,SCMS from RDC,N/A - From RDC,See DN-3558 (ID#:83766)
8218,ASN-1696,Videx,Tanzania,08-May-08,08-May-08,2g,Powder for oral solution,Yes,Freight Included in Commodity Cost,Direct Drop,"Didanosine 2g [Videx], powder for oral solution 10mg/ml, reconstitute to 200 ml",14.34,712,8964.08,PMO - US,"BMS Meymac, France",Didanosine,12.59,12-10-07,SCMS-15220,Pre-PQ Process,Pre-PQ Process,ARV,109-TZ-T01,08-May-08,Air,Pediatric,200,0.06,BRISTOL-MYERS SQUIBB,CIP,Weight Captured Separately
86387,DN-2228,Generic,Nigeria,05-Jul-11,05-Jul-11,200mg,Tablet,Yes,13398.06,From RDC,"Nevirapine 200mg, tablets, 60 Tabs",71.96,17376,43613.76,PMO - US,"Strides, Bangalore, India.",Nevirapine,2.51,N/A - From RDC,SO-39690,FPQ-6800,12-07-10,ARV,151-NG-T30,21-Jun-11,Air Charter,Adult,60,0.04,SCMS from RDC,N/A - From RDC,1237
73986,ASN-22353,Determine,Nigeria,11-Nov-13,17-Nov-13,MIssing,Test kit,Yes,21084.84,Direct Drop,"HIV 1/2, Determine Complete HIV Kit, 100 Tests",334.79,3041,270649.0,PMO - US,"Alere Medical Co., Ltd.","HIV 1/2, Determine Complete HIV Kit",89.0,07-10-13,SCMS-196561,FPQ-12456,06-10-13,HRDT,133-NG-T30,07-Nov-13,Air,HIV test,100,0.89,"Orgenics, Ltd",EXW,1235
40868,ASN-19157,Kaletra,South Africa,12-Apr-13,12-Apr-13,80/20mg/ml,Oral solution,Yes,Freight Included in Commodity Cost,Direct Drop,"Lopinavir/Ritonavir 80/20mg/ml [Kaletra], oral solution, cool, Bottle 5 x 60 ml",1.48,48,1199.64,South Africa Field Office,ABBVIE (Abbott) Logis. UK,Lopinavir/Ritonavir,24.99,Date Not Captured,SCMS-183970,FPQ-11828,3/18/13,ARV,116-ZA-T30,12-Apr-13,Truck,Pediatric,300,0.08,S. BUYS WHOLESALER,DDP,Weight Captured Separately
36785,ASN-33750,Generic,Nigeria,02-Sep-15,09-Sep-15,60/30mg,Chewable/dispersible tablet - FDC,Yes,Invoiced Separately,Direct Drop,"Abacavir/Lamivudine 60/30mg, dispersible tablets, 60 Tabs",37.81,6424,32120.0,PMO - US,"Cipla, Patalganga, India",Abacavir/Lamivudine,5.0,08-04-15,SCMS-296470,FPQ-16553,07-07-15,ARV,151-NG-T30,02-Sep-15,Air,Pediatric,60,0.08,CIPLA LIMITED,EXW,Weight Captured Separately
8951,ASN-3697,Uni-Gold,Rwanda,06-Apr-09,06-Apr-09,MIssing,Test kit,Yes,6269.97,Direct Drop,"HIV 1/2, Uni-Gold HIV Kit, 20 Tests",72.94,1163,37216.0,PMO - US,"Trinity Biotech, Plc","HIV 1/2, Uni-Gold HIV Kit",32.0,2/18/09,SCMS-38680,Pre-PQ Process,Pre-PQ Process,HRDT,107-RW-T01,06-Apr-09,Air,HIV test,20,1.6,"Trinity Biotech, Plc",EXW,385
11555,DN-813,Generic,Zimbabwe,26-Jul-08,26-Jul-08,600mg,Tablet,No,See DN-813 (ID#:10979),From RDC,"Efavirenz 600mg, tablets, 30 Tabs",76.86,4000,48040.0,PMO - US,"Aurobindo Unit III, India",Efavirenz,12.01,N/A - From RDC,SO-2502,Pre-PQ Process,Pre-PQ Process,ARV,113-ZW-T01,26-Jul-08,Truck,Adult,30,0.4,SCMS from RDC,N/A - From RDC,See DN-813 (ID#:10979)
16828,ASN-6355,Generic,Vietnam,29-Mar-10,29-Mar-10,300mg,Tablet,Yes,7784.92,Direct Drop,"Abacavir 300mg, tablets, 60 Tabs",3.77,100,1750.0,PMO - US,Mylan (formerly Matrix) Nashik,Abacavir,17.5,01-12-10,SCMS-62460,FPQ-4720,01-04-09,ARV,108-VN-T30,29-Mar-10,Air,Adult,60,0.29,MYLAN LABORATORIES LTD (FORMERLY MATRIX LABORATORIES),EXW,2128
82388,DN-2273,Generic,Zambia,05-Aug-11,05-Aug-11,10mg/ml,Oral suspension,Yes,3949.19,From RDC,"Nevirapine 10mg/ml, oral suspension, Bottle, 240 ml",59.4,20000,36000.0,PMO - US,"Aurobindo Unit III, India",Nevirapine,1.8,N/A - From RDC,SO-39040,FPQ-7233,03-01-11,ARV,110-ZM-T30,15-Aug-11,Truck,Pediatric,240,0.01,SCMS from RDC,N/A - From RDC,7469
21563,ASN-25567,Generic,Tanzania,27-May-14,12-Jun-14,30/50/60mg,Chewable/dispersible tablet - FDC,Yes,28270.78,Direct Drop,"Lamivudine/Nevirapine/Zidovudine 30/50/60mg, dispersible tablets, 60 Tabs",425.59,115000,414000.0,PMO - US,Mylan (formerly Matrix) Nashik,Lamivudine/Nevirapine/Zidovudine,3.6,3/31/14,SCMS-233190,FPQ-13927,3/21/14,ARV,109-TZ-T30,27-May-14,Ocean,Pediatric,60,0.06,MYLAN LABORATORIES LTD (FORMERLY MATRIX LABORATORIES),EXW,10504
56679,ASN-27751,Kaletra,South Africa,13-Aug-14,13-Aug-14,80/20mg/ml,Oral solution,Yes,Freight Included in Commodity Cost,Direct Drop,"Lopinavir/Ritonavir 80/20mg/ml [Kaletra], oral solution, cool, Bottle 5 x 60 ml",0.06,2,46.9,PMO - US,ABBVIE (Abbott) Logis. UK,Lopinavir/Ritonavir,23.45,8/13/14,SCMS-199287,FPQ-12522,07-11-13,ARV,116-ZA-T30,13-Aug-14,Truck,Pediatric,300,0.08,S. BUYS WHOLESALER,DDP,Weight Captured Separately
12574,DN-1218,Stocrin/Sustiva,Haiti,22-May-09,22-May-09,30mg/ml,Oral solution,Yes,988.24,From RDC,"Efavirenz 30mg/ml [Stocrin/Sustiva], oral solution, Bottle, 180 ml",3.26,98,1662.08,PMO - US,"MSD, Haarlem, NL",Efavirenz,16.96,N/A - From RDC,SO-24870,Pre-PQ Process,Pre-PQ Process,ARV,106-HT-T01,22-May-09,Air,Pediatric,180,0.09,SCMS from RDC,N/A - From RDC,28
85900,DN-2861,Generic,CÃte dIvoire,01-Oct-12,01-Oct-12,600mg,Tablet,No,See DN-2861 (ID#:82513),From RDC,"Efavirenz 600mg, tablets, 30 Tabs",233.81,43772,166771.32,PMO - US,"Aurobindo Unit III, India",Efavirenz,3.81,N/A - From RDC,SO-42380,FPQ-9749,4/19/12,ARV,104-CI-T30,29-Oct-12,Truck,Adult,30,0.13,SCMS from RDC,N/A - From RDC,See DN-2861 (ID#:82513)
86456,DN-2568,Generic,Nigeria,16-Feb-12,16-Feb-12,200mg,Tablet,No,See DN-2568 (ID#:82455),From RDC,"Nevirapine 200mg, tablets, 60 Tabs",356.81,98645,254504.1,PMO - US,"Aurobindo Unit III, India",Nevirapine,2.58,N/A - From RDC,SO-41266,FPQ-8952,12-08-11,ARV,151-NG-T30,20-Jun-12,Air Charter,Adult,60,0.04,SCMS from RDC,N/A - From RDC,See DN-2568 (ID#:82455)
83687,DN-3173,Generic,Nigeria,10-May-13,10-May-13,600mg,Tablet,Yes,20666.07,From RDC,"Efavirenz 600mg, tablets, 30 Tabs",149.9,36390,121178.7,PMO - US,"Aurobindo Unit III, India",Efavirenz,3.33,N/A - From RDC,SO-43852,FPQ-11022,11/15/12,ARV,151-NG-T30,04-Jun-13,Air Charter,Adult,30,0.11,SCMS from RDC,N/A - From RDC,17455
85567,DN-4149,Generic,Rwanda,24-Mar-15,24-Mar-15,300/300mg,Tablet - FDC,No,See DN-4149 (ID#:82782),From RDC,"Lamivudine/Tenofovir Disoproxil Fumarate 300/300mg, tablets, 30 Tabs",64.42,13653,62667.27,PMO - US,"Cipla, Kurkumbh, India",Lamivudine/Tenofovir Disoproxil Fumarate,4.59,N/A - From RDC,SO-48810,FPQ-14111,4/22/14,ARV,107-RW-T30,31-Mar-15,Truck,Adult,30,0.15,SCMS from RDC,N/A - From RDC,See DN-4149 (ID#:82782)
2463,ASN-3851,Generic,Rwanda,20-Apr-09,20-Apr-09,150/300mg,Tablet - FDC,Yes,853.88,Direct Drop,"Lamivudine/Zidovudine 150/300mg, tablets, 60 Tabs",139.83,7840,71344.0,PMO - US,"Cipla, Goa, India",Lamivudine/Zidovudine,9.1,10/21/08,SCMS-30312,Pre-PQ Process,Pre-PQ Process,ARV,107-RW-T01,20-Apr-09,Air,Adult,60,0.15,CIPLA LIMITED,CIP,719
10813,DN-89,Uni-Gold,Zambia,04-May-07,04-May-07,MIssing,Test kit,Yes,4965.24,From RDC,"HIV 1/2, Uni-Gold HIV Kit, 20 Tests",MIssing,1500,48000.0,PMO - US,"Trinity Biotech, Plc","HIV 1/2, Uni-Gold HIV Kit",32.0,N/A - From RDC,SO-232,Pre-PQ Process,Pre-PQ Process,HRDT,110-ZM-T01,04-May-07,MIssing,HIV test,20,1.6,SCMS from RDC,N/A - From RDC,580
5119,ASN-3985,Genie,CÃte dIvoire,09-Jun-09,09-Jun-09,MIssing,Test kit,Yes,9471.52,Direct Drop,"#108853** HIV, Genie II HIV-1/HIV-2 Kit, 40 Tests",102.63,476,52360.0,PMO - US,Bio-Rad Laboratories,"HIV, Genie II HIV-1/HIV-2 Kit",110.0,4/15/09,SCMS-44050,Pre-PQ Process,Pre-PQ Process,HRDT,104-CI-T01,10-Jun-09,Air,HIV test,40,2.75,BIO-RAD LABORATORIES (FRANCE),EXW,534
32963,ASN-24427,Generic,CÃte dIvoire,17-Mar-14,18-Mar-14,100/25mg,Tablet,Yes,7008.1,Direct Drop,"Lopinavir/Ritonavir 100/25mg [Aluvia], tablets, 60 Tabs",43.35,5900,35046.0,PMO - US,ABBVIE Ludwigshafen Germany,Lopinavir/Ritonavir,5.94,12-09-13,SCMS-206521,FPQ-12806,08-09-13,ARV,104-CI-T30,17-Mar-14,Air,Pediatric,60,0.1,ABBVIE LOGISTICS (FORMERLY ABBOTT LOGISTICS BV),FCA,701
53233,ASN-7373,Videx,South Africa,31-May-10,31-May-10,100mg,Chewable/dispersible tablet,No,Freight Included in Commodity Cost,Direct Drop,"Didanosine 100mg [Videx],chewable tablets, 60 Tabs",0.35,10,164.62,PMO - US,"BMS Meymac, France",Didanosine,16.46,4/21/10,SCMS-71370,FPQ-5535,4/19/10,ARV,116-ZA-T30,31-May-10,Truck,Pediatric,60,0.27,S. BUYS WHOLESALER,DDP,Weight Captured Separately
49386,ASN-10875,Generic,South Africa,14-Jul-11,14-Jul-11,300mg,Tablet,Yes,12796.59,Direct Drop,"Tenofovir Disoproxil Fumarate 300mg, tablets, 30 Tabs",576.56,54008,349431.76,PMO - US,"Cipla, Goa, India",Tenofovir Disoproxil Fumarate,6.47,3/28/11,SCMS-104020,FPQ-7175,03-10-11,ARV,161-ZA-T30,14-Jul-11,Ocean,Adult,30,0.22,CIPLA LIMITED,DDP,3658
4594,ASN-2473,Uni-Gold,Guyana,01-Oct-08,01-Oct-08,MIssing,Test kit,Yes,3976.33,Direct Drop,"HIV 1/2, Uni-Gold HIV Kit, 20 Tests",54.37,1062,33984.0,PMO - US,"Trinity Biotech, Plc","HIV 1/2, Uni-Gold HIV Kit",32.0,7/18/08,SCMS-27040,Pre-PQ Process,Pre-PQ Process,HRDT,102-GY-T01,01-Oct-08,Air,HIV test,20,1.6,"Trinity Biotech, Plc",EXW,1062
11607,DN-1084,Generic,Uganda,05-Mar-09,05-Mar-09,200mg,Tablet,No,See DN-1084 (ID#:11295),From RDC,"Nevirapine 200mg, tablets, 60 Tabs",9.56,1524,4876.8,PMO - US,"Aurobindo Unit III, India",Nevirapine,3.2,N/A - From RDC,SO-17753,Pre-PQ Process,Pre-PQ Process,ARV,114-UG-T01,05-Mar-09,Air,Adult,60,0.05,SCMS from RDC,N/A - From RDC,See DN-1084 (ID#:11295)
85383,DN-3259,Generic,South Sudan,26-Aug-13,26-Aug-13,150/300mg,Tablet - FDC,No,See DN-3259 (ID#:84838),From RDC,"Lamivudine/Zidovudine 150/300mg, tablets, 60 Tabs",2.16,240,1744.8,PMO - US,Hetero Unit III Hyderabad IN,Lamivudine/Zidovudine,7.27,N/A - From RDC,SO-44701,FPQ-11637,2/27/13,ARV,900-SS-T30,26-Aug-13,Truck,Adult,60,0.12,SCMS from RDC,N/A - From RDC,See DN-3259 (ID#:84838)
55322,ASN-8124,Generic,South Africa,27-Oct-10,27-Oct-10,600mg,Tablet,Yes,4263.07,Direct Drop,"Efavirenz 600mg, tablets, 30 Tabs",318.97,31680,147945.6,PMO - US,"Aurobindo Unit III, India",Efavirenz,4.67,3/19/10,SCMS-68940,FPQ-5303,3/18/10,ARV,161-ZA-T30,07-Sep-10,Air,Adult,30,0.16,Aurobindo Pharma Limited,DDP,2970
57977,ASN-18919,Generic,Haiti,07-Aug-13,07-Aug-13,20mg/ml,Oral solution,No,See ASN-18919 (ID#:14578),Direct Drop,"Abacavir 20mg/ml, oral solution w/syringe, Bottle, 240 ml",5.7,675,4610.25,PMO - US,"Aurobindo Unit III, India",Abacavir,6.83,03-11-13,SCMS-177180,FPQ-11442,1/30/13,ARV,106-HT-T30,07-Aug-13,Ocean,Pediatric,240,0.03,Aurobindo Pharma Limited,EXW,See ASN-18919 (ID#:14578)
8209,ASN-1139,OraQuick,Kazakhstan,23-Jan-08,23-Jan-08,MIssing,Test kit,Yes,Freight Included in Commodity Cost,Direct Drop,"HIV 1/2, OraQuick Advance HIV Rapid Antibody Kit, 100 Tests",28,50,17500.0,PMO - US,"Pacific Biotech, Thailand","HIV 1/2, OraQuick Advance HIV Rapid Antibody Kit",350.0,11/30/07,SCMS-14780,Pre-PQ Process,Pre-PQ Process,HRDT,100-KZ-T01,23-Jan-08,Air,HIV test,100,3.5,Orasure Technologies Inc.,DDP,Weight Captured Separately
11757,DN-314,Stocrin/Sustiva,CÃte dIvoire,24-Aug-07,24-Aug-07,50mg,Capsule,Yes,1786,From RDC,"Efavirenz 50mg [Stocrin/Sustiva], capsule, 30 Caps",2.69,485,1682.95,PMO - US,"MSD, Haarlem, NL",Efavirenz,3.47,N/A - From RDC,SO-589,Pre-PQ Process,Pre-PQ Process,ARV,104-CI-T01,24-Aug-07,MIssing,Pediatric,30,0.12,SCMS from RDC,N/A - From RDC,285
85726,DN-2065,Generic,Dominican Republic,08-Dec-10,08-Dec-10,30mg,Capsule,No,See DN-2065 (ID#:82360),From RDC,"Stavudine 30mg, capsules, 60 Caps",2.79,1207,1689.8,PMO - US,"Aurobindo Unit III, India",Stavudine,1.4,N/A - From RDC,SO-38020,FPQ-6616,10/25/10,ARV,200-DO-T30,31-Jan-11,Air,Adult,60,0.02,SCMS from RDC,N/A - From RDC,See DN-2065 (ID#:82360)
45320,ASN-27979,Generic,South Africa,27-Aug-14,27-Aug-14,200mg,Tablet,No,Freight Included in Commodity Cost,Direct Drop,"Nevirapine 200mg, tablets, 60 Tabs",0.8,33,650.7,PMO - US,"Aurobindo Unit III, India",Nevirapine,19.72,8/27/14,SCMS-199283,FPQ-12522,07-11-13,ARV,116-ZA-T30,27-Aug-14,Truck,Adult,60,0.33,S. BUYS WHOLESALER,DDP,Weight Captured Separately
82591,DN-3236,Generic,Tanzania,10-Sep-13,10-Sep-13,150/300/200mg,Tablet - FDC,Yes,8057.2,From RDC,"Lamivudine/Nevirapine/Zidovudine 150/200/300mg, tablets, 60 Tabs",625.35,58920,505533.6,PMO - US,"Strides, Bangalore, India.",Lamivudine/Nevirapine/Zidovudine,8.58,N/A - From RDC,SO-45720,FPQ-12278,5/16/13,ARV,109-TZ-T30,29-Aug-13,Truck,Adult,60,0.14,SCMS from RDC,N/A - From RDC,6560
83497,DN-2179,Generic,Zimbabwe,20-May-11,20-May-11,50mg,Capsule,No,See DN-2179 (ID#:82946),From RDC,"Efavirenz 50mg, capsule, 30 Caps",16.17,3348,7499.52,PMO - US,"Aurobindo Unit III, India",Efavirenz,2.24,N/A - From RDC,SO-39280,FPQ-6483,10/13/10,ARV,200-ZW-T30,04-Apr-11,Truck,Pediatric,30,0.07,SCMS from RDC,N/A - From RDC,See DN-2179 (ID#:82946)
68651,ASN-4927,Uni-Gold,Mozambique,24-Sep-09,24-Sep-09,MIssing,Test kit,Yes,18937.3,Direct Drop,"HIV 1/2, Uni-Gold HIV Kit, 20 Tests",232.06,3700,118400.0,PMO - US,"Trinity Biotech, Plc","HIV 1/2, Uni-Gold HIV Kit",32.0,08-11-09,SCMS-51380,FPQ-4080,08-04-09,HRDT,111-MZ-T30,24-Sep-09,Air,HIV test,20,1.6,"Trinity Biotech, Plc",EXW,1265
83751,DN-3479,Generic,Rwanda,23-Jan-14,31-Jan-14,600/300/300mg,Tablet - FDC,Yes,75824.42,From RDC,"Efavirenz/Lamivudine/Tenofovir Disoproxil Fumarate 600/300/300mg, tablets, 30 Tabs",1144.78,83000,925450.0,PMO - US,"Aurobindo Unit VII, IN",Efavirenz/Lamivudine/Tenofovir Disoproxil Fumarate,11.15,N/A - From RDC,SO-46482,FPQ-12766,08-02-13,ARV,107-RW-T30,31-Jan-14,Truck,Adult,30,0.37,SCMS from RDC,N/A - From RDC,10998
4321,ASN-1609,Generic,Botswana,23-Jun-08,23-Jun-08,MIssing,Test kit - Ancillary,Yes,Invoiced Separately,Direct Drop,"HIV, Lancet, Safety, for HIV Test kits, 100 Pcs",0,200,2.0,PMO - US,Inverness Japan,"HIV, Lancet, Safety, for HIV Test kits, 100 Pcs",0.01,03-11-08,SCMS-18730,Pre-PQ Process,Pre-PQ Process,HRDT,102-BW-T01,23-Jun-08,Air,HIV test - Ancillary,100,0.0,"Orgenics, Ltd",EXW,Weight Captured Separately
48438,ASN-9454,Isentress,Uganda,27-Jan-11,27-Jan-11,400mg,Tablet,Yes,761,Direct Drop,"Raltegravir 400mg [Isentress], tablets, 60 Tabs",33.67,223,20404.5,PMO - US,"MSD, Haarlem, NL",Raltegravir,91.5,11/18/10,SCMS-91710,FPQ-6504,10/31/10,ARV,114-UG-T30,27-Jan-11,Air,Adult,60,1.52,MERCK SHARP & DOHME IDEA GMBH (FORMALLY MERCK SHARP & DOHME B.V.),CIP,21
86205,DN-4275,Generic,Nigeria,15-May-15,22-May-15,150/300/200mg,Tablet - FDC,No,See DN-4275 (ID#:83337),From RDC,"Lamivudine/Nevirapine/Zidovudine 150/200/300mg, tablets, 60 Tabs",1415.25,178329,1376699.88,PMO - US,"Hetero, Jadcherla, unit 5, IN",Lamivudine/Nevirapine/Zidovudine,7.72,N/A - From RDC,SO-51423,FPQ-14989,9/19/14,ARV,151-NG-T30,30-Jun-15,Air Charter,Adult,60,0.13,SCMS from RDC,N/A - From RDC,See DN-4275 (ID#:83337)
83534,DN-2367,Generic,Zimbabwe,21-Oct-11,21-Oct-11,300/300mg,Tablet - FDC,Yes,6623.46,From RDC,"Lamivudine/Tenofovir Disoproxil Fumarate 300/300mg, tablets, 30 Tabs",604.38,42444,366291.72,PMO - US,Mylan (formerly Matrix) Nashik,Lamivudine/Tenofovir Disoproxil Fumarate,8.63,N/A - From RDC,SO-40281,FPQ-7934,6/28/11,ARV,113-ZW-T30,25-Oct-11,Truck,Adult,30,0.29,SCMS from RDC,N/A - From RDC,1423
2686,ASN-276,Generic,Vietnam,14-Mar-07,14-Mar-07,10mg/ml,Oral solution,Yes,25124.12,Direct Drop,"Zidovudine 10mg/ml, oral solution, Bottle, 240 ml",MIssing,1000,5050.0,PMO - US,"Aurobindo Unit III, India",Zidovudine,5.05,11/14/06,SCMS-168,Pre-PQ Process,Pre-PQ Process,ARV,108-VN-T01,14-Mar-07,Air,Pediatric,240,0.02,Aurobindo Pharma Limited,EXW,3822
34646,ASN-20770,Kaletra,"Congo, DRC",20-Nov-13,26-Nov-13,80/20mg/ml,Oral solution,Yes,1573.41,Direct Drop,"Lopinavir/Ritonavir 80/20mg/ml [Kaletra], oral solution, cool, Bottle 5 x 60 ml",1.14,30,924.6,PMO - US,ABBVIE (Abbott) Logis. UK,Lopinavir/Ritonavir,30.82,5/23/13,SCMS-189060,FPQ-12093,4/23/13,ARV,101-CD-T30,20-Nov-13,Air,Pediatric,300,0.1,ABBVIE LOGISTICS (FORMERLY ABBOTT LOGISTICS BV),FCA,56
65095,ASN-11321,Uni-Gold,Kenya,18-Aug-11,18-Aug-11,MIssing,Test kit,Yes,2039.73,Direct Drop,"HIV 1/2, Uni-Gold HIV Kit, 20 Tests",20.33,385,12320.0,PMO - US,"Trinity Biotech, Plc","HIV 1/2, Uni-Gold HIV Kit",32.0,5/18/11,SCMS-109240,FPQ-7684,05-05-11,HRDT,127-KE-T30,18-Aug-11,Air,HIV test,20,1.6,"Trinity Biotech, Plc",EXW,129
82559,DN-3056,Generic,Zimbabwe,14-Mar-13,14-Mar-13,600/300/300mg,Tablet - FDC,Yes,9405.81,From RDC,"Efavirenz/Lamivudine/Tenofovir Disoproxil Fumarate 600/300/300mg, tablets, 30 Tabs",302,20160,244137.6,PMO - US,Mylan (formerly Matrix) Nashik,Efavirenz/Lamivudine/Tenofovir Disoproxil Fumarate,12.11,N/A - From RDC,SO-43571,FPQ-10895,10/25/12,ARV,113-ZW-T30,31-Jul-13,Truck,Adult,30,0.4,SCMS from RDC,N/A - From RDC,2266
1594,ASN-2014,Stat-Pak,Nigeria,16-Jul-08,16-Jul-08,MIssing,Test kit,Yes,18864.37,Direct Drop,"HIV 1/2, Stat-Pak HIV, Kit, 20 Tests",443.66,10270,277290.0,PMO - US,Chembio Diagnostics Sys. Inc.,"HIV 1/2, Stat-Pak HIV, Kit",27.0,1/29/08,SCMS-16890,Pre-PQ Process,Pre-PQ Process,HRDT,102-NG-T01,19-Sep-08,Air,HIV test,20,1.35,"CHEMBIO DIAGNOSTIC SYSTEMS, INC.",EXW,2907
85716,DN-2033,Generic,CÃte dIvoire,23-Nov-10,23-Nov-10,300mg,Tablet,No,See DN-2033 (ID#:82922),From RDC,"Abacavir 300mg, tablets, 60 Tabs",173.69,5070,80562.3,PMO - US,Mylan (formerly Matrix) Nashik,Abacavir,15.89,N/A - From RDC,SO-37120,FPQ-5925,6/23/10,ARV,104-CI-T30,28-Oct-10,Truck,Adult,60,0.26,SCMS from RDC,N/A - From RDC,See DN-2033 (ID#:82922)
84856,DN-3334,Generic,Guyana,07-Oct-13,22-Oct-13,150mg,Tablet,Yes,1118.22,From RDC,"Lamivudine 150mg, tablets, 60 Tabs",0.34,140,278.6,PMO - US,Hetero Unit III Hyderabad IN,Lamivudine,1.99,N/A - From RDC,SO-46080,FPQ-12619,7/16/13,ARV,105-GY-T30,14-Oct-13,Air,Adult,60,0.03,SCMS from RDC,N/A - From RDC,9
12327,DN-1488,Generic,Lebanon,24-Nov-09,24-Nov-09,200mg,Tablet,No,See DN-1488 (ID#:11074),From RDC,"Nevirapine 200mg, tablets, 60 Tabs",0,200,2.0,PMO - US,Hetero Unit III Hyderabad IN,Nevirapine,0.01,N/A - From RDC,SO-33910,Pre-PQ Process,Date Not Captured,ARV,100-LB-T01,24-Nov-09,Air,Adult,60,0.0,SCMS from RDC,N/A - From RDC,See DN-1488 (ID#:11074)
1048,ASN-3750,Generic,Haiti,15-Apr-09,15-Apr-09,100/25mg,Tablet,Yes,893.22,Direct Drop,"Lopinavir/Ritonavir 100/25mg [Aluvia], tablets, 60 Tabs",0.93,46,472.88,PMO - US,ABBVIE Ludwigshafen Germany,Lopinavir/Ritonavir,10.28,03-06-09,SCMS-40030,Pre-PQ Process,Pre-PQ Process,ARV,106-HT-T01,15-Apr-09,Air,Pediatric,60,0.17,ABBVIE LOGISTICS (FORMERLY ABBOTT LOGISTICS BV),FCA,10
12008,DN-1415,Truvada,Uganda,14-Sep-09,14-Sep-09,300/200mg,Tablet - FDC,Yes,2590.35,From RDC,"Emtricitabine/Tenofovir Disoproxil Fumarate 200/300mg [Truvada], tablets, 30 Tabs",92.35,1795,47118.75,PMO - US,"Aspen-OSD, Port Elizabeth, SA",Emtricitabine/Tenofovir Disoproxil Fumarate,26.25,N/A - From RDC,SO-31470,Pre-PQ Process,Date Not Captured,ARV,114-UG-T01,14-Sep-09,Air,Adult,30,0.88,SCMS from RDC,N/A - From RDC,160
34961,ASN-5159,Retrovir,South Africa,07-Aug-09,07-Aug-09,100mg,Capsule,Yes,Freight Included in Commodity Cost,Direct Drop,"Zidovudine 100mg [Retrovir], capsules, 100 Caps",33.41,1056,17046.74,PMO - US,GSK Crawley,Zidovudine,16.14,7/21/09,SCMS-49641,FPQ-3560,05-07-09,ARV,116-ZA-T30,07-Aug-09,Truck,Pediatric,100,0.16,S. BUYS WHOLESALER,DDP,Weight Captured Separately
77480,ASN-28034,Generic,South Africa,29-Aug-14,29-Aug-14,200mg,Capsule,No,Freight Included in Commodity Cost,Direct Drop,"Efavirenz 200mg, capsule, 90 Caps",1.84,57,1483.72,PMO - US,"Aurobindo Unit III, India",Efavirenz,26.03,8/29/14,SCMS-199289,FPQ-12522,07-11-13,ARV,116-ZA-T30,29-Aug-14,Truck,Pediatric,90,0.29,S. BUYS WHOLESALER,DDP,Weight Captured Separately
77677,ASN-25337,Generic,Tanzania,24-Jun-14,24-Jun-14,200/300mg,Tablet - FDC,Yes,2865.22,Direct Drop,"Emtricitabine/Tenofovir Disoproxil Fumarate 200/300mg, tablets, 30 Tabs",29.5,5000,28700.0,PMO - US,Mylan (formerly Matrix) Nashik,Emtricitabine/Tenofovir Disoproxil Fumarate,5.74,03-07-14,SCMS-231060,FPQ-13803,2/28/14,ARV,109-TZ-T30,24-Jun-14,Air,Adult,30,0.19,MYLAN LABORATORIES LTD (FORMERLY MATRIX LABORATORIES),EXW,449
82430,DN-2483,Generic,Tanzania,05-Feb-12,05-Feb-12,600mg,Tablet,Yes,Freight Included in Commodity Cost,From RDC,"Efavirenz 600mg, tablets, 30 Tabs",1397.43,200693,846924.46,PMO - US,"Strides, Bangalore, India.",Efavirenz,4.22,N/A - From RDC,SO-40601,FPQ-8297,8/22/11,ARV,109-TZ-T30,29-Feb-12,Truck,Adult,30,0.14,SCMS from RDC,N/A - From RDC,17947
65191,ASN-4977,Uni-Gold,Tanzania,17-Nov-09,17-Nov-09,MIssing,Test kit,Yes,3163.87,Direct Drop,"HIV 1/2, Uni-Gold HIV Kit, 20 Tests",42.02,670,21440.0,PMO - US,"Trinity Biotech, Plc","HIV 1/2, Uni-Gold HIV Kit",32.0,09-03-09,SCMS-52773,FPQ-4157,8/27/09,HRDT,109-TZ-T30,17-Nov-09,Air,HIV test,20,1.6,"Trinity Biotech, Plc",EXW,234
12806,DN-699,Generic,Mozambique,21-Apr-08,21-Apr-08,200mg,Tablet,Yes,1074.95,From RDC,"Nevirapine 200mg, tablets, 60 Tabs",16.32,3000,10200.0,PMO - US,Hetero Unit III Hyderabad IN,Nevirapine,3.4,N/A - From RDC,SO-2217,Pre-PQ Process,Pre-PQ Process,ARV,111-MZ-T01,21-Apr-08,Air,Adult,60,0.06,SCMS from RDC,N/A - From RDC,168
75717,ASN-14227,Determine,Haiti,06-Mar-12,06-Mar-12,MIssing,Test kit,Yes,Freight Included in Commodity Cost,Direct Drop,"HIV 1/2, Determine Complete HIV Kit, 100 Tests",3.68,21,2625.0,PMO - US,Inverness Japan,"HIV 1/2, Determine Complete HIV Kit",125.0,1/19/12,SCMS-132020,FPQ-9005,12/14/11,HRDT,152-HT-T30,06-Mar-12,Air,HIV test,100,1.25,REINBOLD EXPORT IMPORT,DDU,Weight Captured Separately
59043,ASN-28279,Uni-Gold,"Congo, DRC",04-Nov-14,20-Nov-14,MIssing,Test kit,No,See ASN-28279 (ID#:13547),Direct Drop,"HIV 1/2, Uni-Gold HIV Kit, 20 Tests",0.49,15,480.0,PMO - US,"Trinity Biotech, Plc","HIV 1/2, Uni-Gold HIV Kit",32.0,8/27/14,SCMS-253260,FPQ-14654,08-11-14,HRDT,101-CD-T30,04-Nov-14,Air,HIV test,20,1.6,"Trinity Biotech, Plc",EXW,See ASN-28279 (ID#:13547)
62801,ASN-11437,Generic,South Africa,15-Sep-11,15-Sep-11,300mg,Tablet,Yes,10748.78,Direct Drop,"Tenofovir Disoproxil Fumarate 300mg, tablets, 30 Tabs",952.88,86843,577505.95,PMO - US,"Aurobindo Unit III, India",Tenofovir Disoproxil Fumarate,6.65,12/14/10,SCMS-93560,FPQ-6708,11/26/10,ARV,161-ZA-T30,15-Sep-11,Ocean,Adult,30,0.22,Aurobindo Pharma Limited,DDP,8106
6312,ASN-3458,First Response,Rwanda,11-Mar-09,11-Mar-09,MIssing,Test kit,Yes,15022.74,Direct Drop,"HIV 1/2/O, First Response HIV 1-2.0, v.3.0 Cards Kit, 30 Tests",172.52,3912,88020.0,PMO - US,Premier Med. Corp Ltd. India,"HIV 1/2/O, First Response HIV 1-2.0, v.3.0 Cards Kit",22.5,2/18/09,SCMS-38660,Pre-PQ Process,Pre-PQ Process,HRDT,107-RW-T01,28-Apr-09,Air,HIV test,30,0.75,Premier Medical Corporation Ltd.,EXW,1320
82713,DN-3828,Generic,Mozambique,05-Nov-14,07-Nov-14,600mg,Tablet,Yes,10217.02,From RDC,"Efavirenz 600mg, tablets, 30 Tabs",41.94,12710,40799.1,PMO - US,"Strides, Bangalore, India.",Efavirenz,3.21,N/A - From RDC,SO-47080,FPQ-13123,10/21/13,ARV,111-MZ-T30,29-Aug-14,Truck,Adult,30,0.11,SCMS from RDC,N/A - From RDC,9511
85144,DN-2000,Generic,CÃte dIvoire,06-Sep-10,06-Sep-10,150/300mg,Tablet - FDC,Yes,8815.65,From RDC,"Lamivudine/Zidovudine 150/300mg, tablets, 60 Tabs",1169.46,61920,542419.2,PMO - US,Hetero Unit III Hyderabad IN,Lamivudine/Zidovudine,8.76,N/A - From RDC,SO-36300,FPQ-5201,03-03-10,ARV,104-CI-T30,14-Sep-10,Air,Adult,60,0.15,SCMS from RDC,N/A - From RDC,5334
82895,DN-1887,Generic,CÃte dIvoire,05-Jul-10,05-Jul-10,10mg/ml,Oral solution,Yes,5121.68,From RDC,"Lamivudine 10mg/ml, oral solution, Bottle, 240 ml",17.78,4340,8246.0,PMO - US,"Cipla, Goa, India",Lamivudine,1.9,N/A - From RDC,SO-36342,FPQ-5201,03-03-10,ARV,104-CI-T30,12-Jul-10,Air,Pediatric,240,0.01,SCMS from RDC,N/A - From RDC,1632
22073,ASN-17021,Aluvia,Vietnam,21-Dec-12,21-Dec-12,200/50mg,Tablet,Yes,3622.58,Direct Drop,"Lopinavir/Ritonavir 200/50mg [Aluvia], tablets, 120 Tabs",442.38,5188,315534.16,PMO - US,ABBVIE Ludwigshafen Germany,Lopinavir/Ritonavir,60.82,8/14/12,SCMS-155710,FPQ-10287,7/25/12,ARV,108-VN-T30,21-Dec-12,Air,Adult,120,0.51,ABBVIE LOGISTICS (FORMERLY ABBOTT LOGISTICS BV),FCA,1138
82966,DN-2299,Generic,Zambia,15-Aug-11,15-Aug-11,300mg,Tablet,Yes,15973.89,From RDC,"Abacavir 300mg, tablets, 60 Tabs",971.85,38000,589000.0,PMO - US,Mylan (formerly Matrix) Nashik,Abacavir,15.5,N/A - From RDC,SO-38720,FPQ-7085,02-03-11,ARV,110-ZM-T30,01-Sep-11,Truck,Adult,60,0.26,SCMS from RDC,N/A - From RDC,10847
96,ASN-451,Stat-Pak,Nigeria,19-Jun-07,19-Jun-07,MIssing,Test kit,Yes,15893.71,Direct Drop,"HIV 1/2, Stat-Pak HIV, Kit, 20 Tests",MIssing,7500,202500.0,PMO - US,Chembio Diagnostics Sys. Inc.,"HIV 1/2, Stat-Pak HIV, Kit",27.0,5/17/07,SCMS-570,Pre-PQ Process,Pre-PQ Process,HRDT,102-NG-T01,19-Jun-07,Air,HIV test,20,1.35,"CHEMBIO DIAGNOSTIC SYSTEMS, INC.",EXW,2278
40584,ASN-11395,Generic,South Africa,15-Sep-11,15-Sep-11,300mg,Tablet,Yes,659.58,Direct Drop,"Zidovudine 300mg, tablets, 60 Tabs",90.92,7548,55100.4,PMO - US,"Aurobindo Unit III, India",Zidovudine,7.3,04-01-11,SCMS-104370,FPQ-7176,03-10-11,ARV,116-ZA-T30,15-Aug-11,Ocean,Adult,60,0.12,Aurobindo Pharma Limited,DDP,391
84134,DN-2498,Generic,"Congo, DRC",14-Feb-12,14-Feb-12,150/300/200mg,Tablet - FDC,No,See DN-2498 (ID#:83002),From RDC,"Lamivudine/Nevirapine/Zidovudine 150/200/300mg, tablets, 60 Tabs",0.46,30,330.0,PMO - US,Mylan (formerly Matrix) Nashik,Lamivudine/Nevirapine/Zidovudine,11.0,N/A - From RDC,SO-41136,FPQ-8840,11/21/11,ARV,101-CD-T30,16-Mar-12,Air,Adult,60,0.18,SCMS from RDC,N/A - From RDC,See DN-2498 (ID#:83002)
86158,DN-4039,Generic,CÃte dIvoire,11-Feb-15,16-Feb-15,30/60mg,Chewable/dispersible tablet - FDC,No,See DN-4039 (ID#:83869),From RDC,"Lamivudine/Zidovudine 30/60mg, dispersible tablets, 60 Tabs",4,1956,3892.44,PMO - US,"Cipla, Goa, India",Lamivudine/Zidovudine,1.99,N/A - From RDC,SO-47900,FPQ-13628,1/29/14,ARV,104-CI-T30,30-Jan-15,Truck,Pediatric,60,0.03,SCMS from RDC,N/A - From RDC,See DN-4039 (ID#:83869)
76197,ASN-22955,Uni-Gold,South Sudan,11-Feb-14,11-Feb-14,MIssing,Test kit,No,See ASN-22955 (ID#:19019),Direct Drop,"HIV 1/2, Uni-Gold HIV Kit, 20 Tests",17.81,450,14400.0,PMO - US,"Trinity Biotech, Plc","HIV 1/2, Uni-Gold HIV Kit",32.0,08-06-13,SCMS-200921,FPQ-12623,7/18/13,HRDT,105-SS-T30,11-Feb-14,Air,HIV test,20,1.6,"Trinity Biotech, Plc",EXW,See ASN-22955 (ID#:19019)
85348,DN-3099,Generic,Guyana,19-Apr-13,19-Apr-13,10mg/ml,Oral solution,No,See DN-3099 (ID#:82566),From RDC,"Zidovudine 10mg/ml, oral solution w/syringe, Bottle, 240 ml",1.03,397,833.7,PMO - US,"Aurobindo Unit III, India",Zidovudine,2.1,N/A - From RDC,SO-44500,FPQ-11546,1/28/13,ARV,105-GY-T30,18-Apr-13,Air,Pediatric,240,0.01,SCMS from RDC,N/A - From RDC,See DN-3099 (ID#:82566)
84662,DN-2306,Aluvia,Tanzania,16-Aug-11,16-Aug-11,200/50mg,Tablet,Yes,3175.7,From RDC,"Lopinavir/Ritonavir 200/50mg [Aluvia], tablets, 120 Tabs",244.34,4389,148084.86,PMO - US,ABBVIE Ludwigshafen Germany,Lopinavir/Ritonavir,33.74,N/A - From RDC,SO-40190,FPQ-8002,07-04-11,ARV,109-TZ-T30,05-Aug-11,Truck,Adult,120,0.28,SCMS from RDC,N/A - From RDC,880
23370,ASN-22850,Generic,Zimbabwe,21-Jan-14,22-Jan-14,600/300mg,Tablet - FDC,Yes,6773.13,Direct Drop,"Abacavir/Lamivudine 600/300mg, tablets, 30 Tabs",163.7,9810,132336.9,PMO - US,Mylan (formerly Matrix) Nashik,Abacavir/Lamivudine,13.49,10/16/13,SCMS-210650,FPQ-13030,10-04-13,ARV,102-ZW-T30,21-Jan-14,Air,Adult,30,0.45,MYLAN LABORATORIES LTD (FORMERLY MATRIX LABORATORIES),EXW,962
65408,ASN-20055,Uni-Gold,Zambia,24-Jul-13,24-Jul-13,MIssing,Test kit,Yes,27038.58,Direct Drop,"HIV 1/2, Uni-Gold HIV Kit, 20 Tests",273.13,6900,220800.0,PMO - US,"Trinity Biotech, Plc","HIV 1/2, Uni-Gold HIV Kit",32.0,5/22/13,SCMS-189250,FPQ-12252,05-02-13,HRDT,110-ZM-T30,24-Jul-13,Air,HIV test,20,1.6,"Trinity Biotech, Plc",EXW,2262
67753,ASN-11623,Generic,Tanzania,29-Sep-11,29-Sep-11,150mg,Capsule,Yes,1794.89,Direct Drop,"Atazanavir 150mg, capsules, 60 Caps",37.32,1028,22616.0,PMO - US,"Emcure Plot No.P-2, I.T-B.T. Park, Phase II, MIDC, Hinjwadi, Pune, India",Atazanavir,22.0,6/22/11,SCMS-111660,FPQ-7680,06-06-11,ARV,109-TZ-T30,29-Sep-11,Air,Pediatric,60,0.37,EMCURE PHARMACEUTICALS LTD,EXW,107
32402,ASN-29128,Generic,Ghana,24-Dec-14,02-Jan-15,10mg/ml,Oral solution,Yes,4304.34,Direct Drop,"Lamivudine 10mg/ml, oral solution, Bottle, 240 ml",2.8,1905,2724.15,PMO - US,"Aurobindo Unit III, India",Lamivudine,1.43,07-08-14,SCMS-245400,FPQ-14101,4/30/14,ARV,901-GH-T30,24-Dec-14,Air,Pediatric,240,0.01,Aurobindo Pharma Limited,EXW,786
86807,DN-4250,Generic,Zambia,15-May-15,15-May-15,150/30mg,Tablet - FDC,No,See DN-4250 (ID#:82799),From RDC,"Lamivudine/Stavudine 150/30mg, tablets, 60 Tabs",5.16,2016,5019.84,PMO - US,Hetero Unit III Hyderabad IN,Lamivudine/Stavudine,2.49,N/A - From RDC,SO-49601,FPQ-14784,08-12-14,ARV,110-ZM-T30,29-May-15,Truck,Adult,60,0.04,SCMS from RDC,N/A - From RDC,See DN-4250 (ID#:82799)
63568,ASN-22955,Uni-Gold,South Sudan,11-Feb-14,11-Feb-14,MIssing,Test kit,No,See ASN-22955 (ID#:19019),Direct Drop,"HIV 1/2, Uni-Gold HIV Kit, 20 Tests",0.71,18,576.0,PMO - US,"Trinity Biotech, Plc","HIV 1/2, Uni-Gold HIV Kit",32.0,08-06-13,SCMS-200921,FPQ-12623,7/18/13,HRDT,105-SS-T30,11-Feb-14,Air,HIV test,20,1.6,"Trinity Biotech, Plc",EXW,See ASN-22955 (ID#:19019)
85924,DN-2952,Generic,Uganda,02-Feb-13,02-Feb-13,150/300/200mg,Tablet - FDC,No,See DN-2952 (ID#:82537),From RDC,"Lamivudine/Nevirapine/Zidovudine 150/200/300mg, tablets, 60 Tabs",43.63,3235,31120.7,PMO - US,Hetero Unit III Hyderabad IN,Lamivudine/Nevirapine/Zidovudine,9.62,N/A - From RDC,SO-43160,FPQ-10556,8/30/12,ARV,114-UG-T30,02-Feb-13,Air,Adult,60,0.16,SCMS from RDC,N/A - From RDC,See DN-2952 (ID#:82537)
86561,DN-3110,Generic,Mozambique,20-Jun-13,20-Jun-13,150/300mg,Tablet - FDC,No,See DN-3110 (ID#:84809),From RDC,"Lamivudine/Zidovudine 150/300mg, tablets, 60 Tabs",5.94,660,4798.2,PMO - US,"Cipla, Goa, India",Lamivudine/Zidovudine,7.27,N/A - From RDC,SO-44830,FPQ-11882,3/19/13,ARV,111-MZ-T30,06-Jun-13,Truck,Adult,60,0.12,SCMS from RDC,N/A - From RDC,See DN-3110 (ID#:84809)
83880,DN-4102,Generic,Uganda,24-Feb-15,24-Feb-15,600/300/300mg,Tablet - FDC,Yes,4438,From RDC,"Efavirenz/Lamivudine/Tenofovir Disoproxil Fumarate 600/300/300mg, tablets, 30 Tabs",28.48,2361,24200.25,PMO - US,"Aurobindo Unit VII, IN",Efavirenz/Lamivudine/Tenofovir Disoproxil Fumarate,10.25,N/A - From RDC,SO-50090,FPQ-15294,11-03-14,ARV,114-UG-T30,27-Feb-15,Truck,Adult,30,0.34,SCMS from RDC,N/A - From RDC,1255
15825,ASN-33245,Uni-Gold,Tanzania,24-Aug-15,28-Aug-15,MIssing,Test kit,Yes,Invoiced Separately,Direct Drop,"HIV 1/2, Uni-Gold HIV Kit, 20 Tests",15.07,400,12800.0,PMO - US,"Trinity Biotech, Plc","HIV 1/2, Uni-Gold HIV Kit",32.0,6/25/15,SCMS-293540,FPQ-16453,06-08-15,HRDT,109-TZ-T30,24-Aug-15,Air,HIV test,20,1.6,"Trinity Biotech, Plc",EXW,Weight Captured Separately
86470,DN-2642,Generic,Libya,08-May-12,08-May-12,600mg,Tablet,Yes,3062.18,From RDC,"Efavirenz 600mg, tablets, 30 Tabs",36.55,6667,26067.97,PMO - US,"Strides, Bangalore, India.",Efavirenz,3.91,N/A - From RDC,SO-41910,FPQ-9665,04-04-12,ARV,102-LY-T30,23-May-12,Air,Adult,30,0.13,SCMS from RDC,N/A - From RDC,406
6431,ASN-4457,Kaletra,CÃte dIvoire,24-Aug-09,24-Aug-09,80/20mg/ml,Oral solution,Yes,1939.99,Direct Drop,"Lopinavir/Ritonavir 80/20mg/ml [Kaletra], oral solution, cool, Bottle 5 x 60 ml",4.03,50,2055.0,PMO - US,ABBVIE (Abbott) Logis. UK,Lopinavir/Ritonavir,41.1,3/30/09,SCMS-42240,Pre-PQ Process,Pre-PQ Process,ARV,104-CI-T01,24-Aug-09,Air,Pediatric,300,0.14,ABBVIE LOGISTICS (FORMERLY ABBOTT LOGISTICS BV),FCA,99
86673,DN-3631,Generic,CÃte dIvoire,23-Apr-14,11-Jun-14,200/50mg,Tablet,No,See DN-3631 (ID#:85458),From RDC,"Lopinavir/Ritonavir 200/50mg, tablets, 120 Tabs",706.9,28516,571460.64,PMO - US,"Aurobindo Unit III, India",Lopinavir/Ritonavir,20.04,N/A - From RDC,SO-45641,FPQ-12144,4/22/13,ARV,104-CI-T30,30-May-14,Truck,Adult,120,0.17,SCMS from RDC,N/A - From RDC,See DN-3631 (ID#:85458)
69148,ASN-7441,Generic,Tanzania,07-Aug-10,07-Aug-10,200mg,Tablet,Yes,18044.49,Direct Drop,"Nevirapine 200mg, tablets, 60 Tabs",38.87,6934,18028.4,PMO - US,"Aurobindo Unit III, India",Nevirapine,2.6,6/24/10,SCMS-76980,FPQ-5900,6/21/10,ARV,109-TZ-T30,07-Aug-10,Air,Adult,60,0.04,Aurobindo Pharma Limited,EXW,820
29479,ASN-29769,Generic,Vietnam,05-Feb-15,24-Feb-15,300mg,Tablet,Yes,2504.65,Direct Drop,"Abacavir 300mg, tablets, 60 Tabs",10.26,900,9981.0,PMO - US,Mylan (formerly Matrix) Nashik,Abacavir,11.09,11/24/14,SCMS-249041,FPQ-14516,07-09-14,ARV,108-VN-T30,05-Feb-15,Air,Adult,60,0.18,MYLAN LABORATORIES LTD (FORMERLY MATRIX LABORATORIES),EXW,100
54542,ASN-25786,Generic,Vietnam,06-Jun-14,07-Jun-14,200mg,Tablet,Yes,1192.25,Direct Drop,"Nevirapine 200mg, tablets, 60 Tabs",15.27,6600,14850.0,PMO - US,"Aurobindo Unit III, India",Nevirapine,2.25,03-10-14,SCMS-226200,FPQ-13524,02-06-14,ARV,108-VN-T30,06-Jun-14,Air,Adult,60,0.04,Aurobindo Pharma Limited,EXW,657
7990,ASN-207,Stat-Pak,Nigeria,05-Mar-07,05-Mar-07,MIssing,Test kit,Yes,4474.15,Direct Drop,"HIV 1/2, Stat-Pak HIV, Kit, 20 Tests",MIssing,2496,67392.0,PMO - US,Chembio Diagnostics Sys. Inc.,"HIV 1/2, Stat-Pak HIV, Kit",27.0,Date Not Captured,SCMS-344,Pre-PQ Process,Pre-PQ Process,HRDT,102-NG-T01,15-Mar-07,Air,HIV test,20,1.35,"CHEMBIO DIAGNOSTIC SYSTEMS, INC.",EXW,702
10861,DN-304,Norvir,Mozambique,21-Sep-07,21-Sep-07,100mg,Capsule,No,See DN-304 (ID#:10589),From RDC,"Ritonavir 100mg [Norvir], capsules, cool, 4 x 84 Caps",8.78,143,5485.48,PMO - US,ABBVIE (Abbott) Logis. UK,Ritonavir,38.36,N/A - From RDC,SO-298,Pre-PQ Process,Pre-PQ Process,ARV,111-MZ-T01,21-Sep-07,Air,Adult,336,0.11,SCMS from RDC,N/A - From RDC,See DN-304 (ID#:10589)
83872,DN-4081,Generic,Mozambique,03-Mar-15,09-Mar-15,300mg,Tablet,Yes,4834.6,From RDC,"Abacavir 300mg, tablets, 60 Tabs",25.38,2173,24685.28,PMO - US,Mylan (formerly Matrix) Nashik,Abacavir,11.36,N/A - From RDC,SO-47705,FPQ-13575,1/17/14,ARV,111-MZ-T30,27-Feb-15,Truck,Adult,60,0.19,SCMS from RDC,N/A - From RDC,4076
82757,DN-4032,Generic,Mozambique,02-Mar-15,09-Mar-15,150/30mg,Tablet - FDC,Yes,15645.33,From RDC,"Lamivudine/Stavudine 150/30mg, tablets, 60 Tabs",19.89,7442,19349.2,PMO - US,Hetero Unit III Hyderabad IN,Lamivudine/Stavudine,2.6,N/A - From RDC,SO-48880,FPQ-14226,05-02-14,ARV,111-MZ-T30,02-Mar-15,Truck,Adult,60,0.04,SCMS from RDC,N/A - From RDC,12408
49366,ASN-9479,Generic,South Africa,04-Mar-11,04-Mar-11,150mg,Tablet,Yes,Freight Included in Commodity Cost,Direct Drop,"Lamivudine 150mg, tablets, 60 Tabs",391.17,76554,181432.98,PMO - US,"Aurobindo Unit III, India",Lamivudine,2.37,9/24/10,SCMS-83790,FPQ-6262,8/31/10,ARV,161-ZA-T30,31-Jan-11,Ocean,Adult,60,0.04,Aurobindo Pharma Limited,DDP,Weight Captured Separately
11398,DN-160,Invirase,CÃte dIvoire,15-Jun-07,15-Jun-07,200mg,Capsule,No,See DN-160 (ID#:11397),From RDC,"Saquinavir 200mg [Invirase], capsules, 270 Caps",MIssing,638,50172.32,PMO - US,Roche Basel,Saquinavir,78.64,N/A - From RDC,SO-517,Pre-PQ Process,Pre-PQ Process,ARV,104-CI-T01,15-Jun-07,MIssing,Adult,270,0.29,SCMS from RDC,N/A - From RDC,See DN-160 (ID#:11397)
11208,DN-475,Generic,Nigeria,03-Dec-07,03-Dec-07,150/300mg,Tablet - FDC,No,See DN-475 (ID#:10642),From RDC,"Lamivudine/Zidovudine 150/300mg, tablets, 60 Tabs",3.67,215,2296.2,PMO - US,"Aurobindo Unit III, India",Lamivudine/Zidovudine,10.68,N/A - From RDC,SO-567,Pre-PQ Process,Pre-PQ Process,ARV,112-NG-T01,03-Dec-07,Air,Adult,60,0.18,SCMS from RDC,N/A - From RDC,See DN-475 (ID#:10642)
40680,ASN-24432,Generic,CÃte dIvoire,27-Feb-14,26-Mar-14,50mg,Chewable/dispersible tablet,Yes,5325.3,Direct Drop,"Nevirapine 50mg, dispersible tablets (tablets for oral suspension), 30 Tabs",10.82,7000,8750.0,PMO - US,"Aurobindo Unit III, India",Nevirapine,1.25,9/17/13,SCMS-206570,FPQ-12806,08-09-13,ARV,104-CI-T30,27-Feb-14,Air,Pediatric,30,0.04,Aurobindo Pharma Limited,EXW,480
83084,DN-2873,Generic,Uganda,22-Oct-12,22-Oct-12,150/300mg,Tablet - FDC,No,See DN-2873 (ID#:82515),From RDC,"Lamivudine/Zidovudine 150/300mg, tablets, 60 Tabs",38.31,3540,27328.8,PMO - US,Hetero Unit III Hyderabad IN,Lamivudine/Zidovudine,7.72,N/A - From RDC,SO-43090,FPQ-10503,8/15/12,ARV,114-UG-T30,25-Oct-12,Air,Adult,60,0.13,SCMS from RDC,N/A - From RDC,See DN-2873 (ID#:82515)
47,ASN-199,Aluvia,Zambia,30-Jan-07,30-Jan-07,200/50mg,Tablet,Yes,Freight Included in Commodity Cost,Direct Drop,"Lopinavir/Ritonavir 200/50mg [Aluvia], tablets, 120 Tabs",MIssing,2800,115080.0,PMO - US,ABBVIE (Abbott) St. Pburg USA,Lopinavir/Ritonavir,41.1,11/13/06,SCMS-165,Pre-PQ Process,Pre-PQ Process,ARV,110-ZM-T01,30-Jan-07,Air,Adult,120,0.34,ABBVIE LOGISTICS (FORMERLY ABBOTT LOGISTICS BV),CIP,643
85501,DN-3803,Generic,CÃte dIvoire,09-Jul-14,07-Aug-14,60/30mg,Tablet - FDC,No,See DN-3803 (ID#:83260),From RDC,"Abacavir/Lamivudine 60/30mg, tablets, 60 Tabs",12.04,2863,11709.67,PMO - US,Mylan (formerly Matrix) Nashik,Abacavir/Lamivudine,4.09,N/A - From RDC,SO-47880,FPQ-13628,1/29/14,ARV,104-CI-T30,28-Nov-14,Truck,Pediatric,60,0.07,SCMS from RDC,N/A - From RDC,See DN-3803 (ID#:83260)
12535,DN-862,Truvada,Nigeria,31-Jul-08,31-Jul-08,300/200mg,Tablet - FDC,Yes,10665.71,From RDC,"Emtricitabine/Tenofovir Disoproxil Fumarate 200/300mg [Truvada], tablets, 30 Tabs",840,20000,525000.0,PMO - US,"Aspen-OSD, Port Elizabeth, SA",Emtricitabine/Tenofovir Disoproxil Fumarate,26.25,N/A - From RDC,SO-11231,Pre-PQ Process,Pre-PQ Process,ARV,123-NG-T01,31-Jul-08,Air,Adult,30,0.88,SCMS from RDC,N/A - From RDC,1741
11967,DN-1198,Truvada,Nigeria,30-Apr-09,30-Apr-09,300/200mg,Tablet - FDC,Yes,2922.53,From RDC,"Emtricitabine/Tenofovir Disoproxil Fumarate 200/300mg [Truvada], tablets, 30 Tabs",106.35,2067,54258.75,PMO - US,"Aspen-OSD, Port Elizabeth, SA",Emtricitabine/Tenofovir Disoproxil Fumarate,26.25,N/A - From RDC,SO-22522,Pre-PQ Process,Pre-PQ Process,ARV,151-NG-T01,30-Apr-09,Air,Adult,30,0.88,SCMS from RDC,N/A - From RDC,235
12876,DN-1180,Generic,Tanzania,11-May-09,11-May-09,20mg/ml,Oral solution,No,See DN-1180 (ID#:11033),From RDC,"Abacavir 20mg/ml, oral solution, Bottle, 240 ml",62.58,1977,31928.55,PMO - US,"Aurobindo Unit III, India",Abacavir,16.15,N/A - From RDC,SO-18740,Pre-PQ Process,Pre-PQ Process,ARV,109-TZ-T01,11-May-09,Truck,Pediatric,240,0.07,SCMS from RDC,N/A - From RDC,See DN-1180 (ID#:11033)
85074,DN-1534,Generic,CÃte dIvoire,02-Dec-09,02-Dec-09,50mg,Capsule,Yes,1211.48,From RDC,"Efavirenz 50mg, capsule, 30 Caps",15.12,3444,7714.56,PMO - US,"Aurobindo Unit III, India",Efavirenz,2.24,N/A - From RDC,SO-33471,FPQ-4187,09-09-09,ARV,104-CI-T30,01-Dec-09,Air,Pediatric,30,0.07,SCMS from RDC,N/A - From RDC,200
85277,DN-2732,Generic,Nigeria,09-Jul-12,09-Jul-12,150mg,Tablet,Yes,21347.13,From RDC,"Lamivudine 150mg, tablets, 60 Tabs",2.39,732,1705.56,PMO - US,"Strides, Bangalore, India.",Lamivudine,2.33,N/A - From RDC,SO-42641,FPQ-8952,12-08-11,ARV,151-NG-T30,09-Jul-12,Air Charter,Adult,60,0.04,SCMS from RDC,N/A - From RDC,57
65978,ASN-10345,Generic,Vietnam,13-Apr-11,13-Apr-11,150/200/30mg,Tablet - FDC,Yes,8494.45,Direct Drop,"Lamivudine/Nevirapine/Stavudine 150/200/30mg, tablets, 60 Tabs",83.39,9377,50542.03,PMO - US,"Strides, Bangalore, India.",Lamivudine/Nevirapine/Stavudine,5.39,02-09-11,SCMS-97820,FPQ-6818,1/17/11,ARV,108-VN-T30,13-Apr-11,Air,Adult,60,0.09,STRIDES ARCOLAB LIMITED,EXW,692
67806,ASN-15442,Generic,Rwanda,20-Jul-12,20-Jul-12,600mg,Tablet,Yes,3840.85,Direct Drop,"Efavirenz 600mg, tablets, 30 Tabs",15.05,3007,10734.99,PMO - US,Hetero Unit III Hyderabad IN,Efavirenz,3.57,5/18/12,SCMS-137410,FPQ-8742,12-07-11,ARV,107-RW-T30,20-Jul-12,Air,Adult,30,0.12,HETERO LABS LIMITED,EXW,262
84418,DN-3957,Generic,Mozambique,01-Dec-14,01-Dec-14,300/300mg,Tablet - FDC,No,See DN-3957 (ID#:83283),From RDC,"Lamivudine/Tenofovir Disoproxil Fumarate 300/300mg, tablets, 30 Tabs",98.61,20673,95922.72,PMO - US,Hetero Unit III Hyderabad IN,Lamivudine/Tenofovir Disoproxil Fumarate,4.64,N/A - From RDC,SO-48885,FPQ-14226,05-02-14,ARV,111-MZ-T30,31-Dec-14,Truck,Adult,30,0.15,SCMS from RDC,N/A - From RDC,See DN-3957 (ID#:83283)
72445,ASN-20045,Genie,CÃte dIvoire,24-Jun-13,24-Jun-13,MIssing,Test kit,Yes,6879.32,Direct Drop,"HIV 1/2, Genie III Kit, 50 Tests",38.27,300,27300.0,PMO - US,Bio-Rad Laboratories,"HIV 1/2, Genie III Kit",91.0,4/17/13,SCMS-162872,FPQ-10764,10-10-12,HRDT,104-CI-T30,24-Jun-13,Air,HIV test,50,1.82,BIO-RAD LABORATORIES (FRANCE),EXW,728
85731,DN-2090,Generic,Nigeria,16-Feb-11,16-Feb-11,600/200/300mg,Tablet - FDC,No,See DN-2090 (ID#:82366),From RDC,"Efavirenz/Emtricitabine/Tenofovir Disoproxil Fumarate 600/200/300mg, tablets, 30 Tabs",1874.14,43638,869268.96,PMO - US,Mylan (formerly Matrix) Nashik,Efavirenz/Emtricitabine/Tenofovir Disoproxil Fumarate,19.92,N/A - From RDC,SO-38320,FPQ-6243,8/25/10,ARV,151-NG-T30,22-Feb-11,Air Charter,Adult,30,0.66,SCMS from RDC,N/A - From RDC,See DN-2090 (ID#:82366)
58852,ASN-6724,Ziagen,South Africa,01-Apr-10,01-Apr-10,300mg,Tablet - blister,No,Freight Included in Commodity Cost,Direct Drop,"Abacavir 300mg [Ziagen], tablets, Blister 6 x 10 Tabs",2.67,30,1237.01,PMO - US,GSK Ware (UK),Abacavir,41.23,3/25/10,SCMS-69590,FPQ-5381,3/23/10,ARV,116-ZA-T30,01-Apr-10,Truck,Adult,60,0.69,S. BUYS WHOLESALER,DDP,Weight Captured Separately
83102,DN-2981,Generic,"Congo, DRC",11-Sep-13,11-Sep-13,600mg,Tablet,No,See DN-2981 (ID#:82538),From RDC,"Efavirenz 600mg, tablets, 30 Tabs",2.5,568,2022.08,PMO - US,"Strides, Bangalore, India.",Efavirenz,3.56,N/A - From RDC,SO-43680,FPQ-11054,11/16/12,ARV,101-CD-T30,11-Sep-13,Air,Adult,30,0.12,SCMS from RDC,N/A - From RDC,See DN-2981 (ID#:82538)
74008,ASN-12078,Ziagen,South Africa,02-Dec-11,02-Dec-11,20mg/ml,Oral solution,Yes,8301.76,Direct Drop,"Abacavir 20mg/ml [Ziagen], oral solution, Bottle, 240 ml",306.24,20000,185600.0,PMO - US,GSK Mississauga (Canada),Abacavir,9.28,3/30/11,SCMS-104210,FPQ-7400,03-11-11,ARV,161-ZA-T30,02-Dec-11,Ocean,Pediatric,240,0.04,GLAXOSMITHKLINE EXPORT LIMITED,DDP,7664
35493,ASN-21073,Generic,Zambia,27-Aug-13,27-Aug-13,200/300mg,Tablet - FDC,Yes,40583.63,Direct Drop,"Emtricitabine/Tenofovir Disoproxil Fumarate 200/300mg, tablets, 30 Tabs",581.09,79620,469758.0,PMO - US,"Aurobindo Unit III, India",Emtricitabine/Tenofovir Disoproxil Fumarate,5.9,5/13/13,SCMS-188800,FPQ-11979,4/19/13,ARV,110-ZM-T30,27-Aug-13,Air,Adult,30,0.2,Aurobindo Pharma Limited,EXW,7133
85491,DN-3899,Generic,CÃte dIvoire,08-Sep-14,19-Sep-14,10mg/ml,Oral solution,Yes,9868.54,From RDC,"Zidovudine 10mg/ml, oral solution w/syringe, Bottle, 240 ml",15.11,7000,14700.0,PMO - US,"Cipla, Goa, India",Zidovudine,2.1,N/A - From RDC,SO-47920,FPQ-13691,02-07-14,ARV,104-CI-T30,30-Sep-14,Air,Pediatric,240,0.01,SCMS from RDC,N/A - From RDC,2625
83792,DN-3694,Aluvia,CÃte dIvoire,17-May-14,30-Jun-14,200/50mg,Tablet,Yes,28647.52,From RDC,"Lopinavir/Ritonavir 200/50mg [Aluvia], tablets, 120 Tabs",644.49,33171,626931.9,PMO - US,ABBVIE Ludwigshafen Germany,Lopinavir/Ritonavir,18.9,N/A - From RDC,SO-47153,FPQ-13142,10/22/13,ARV,104-CI-T30,30-May-14,Truck,Adult,120,0.16,SCMS from RDC,N/A - From RDC,7355
83818,DN-3787,Generic,Rwanda,13-Aug-14,14-Aug-14,200mg,Tablet,Yes,10640.81,From RDC,"Efavirenz 200mg, scored tablets, 90 Tabs",24.62,2900,23954.0,PMO - US,"Strides, Bangalore, India.",Efavirenz,8.26,N/A - From RDC,SO-48161,FPQ-13812,03-04-14,ARV,107-RW-T30,19-Aug-14,Truck,Pediatric,90,0.09,SCMS from RDC,N/A - From RDC,5621
32499,ASN-11200,Generic,South Africa,02-Sep-11,02-Sep-11,50mg,Capsule,Yes,6409.91,Direct Drop,"Efavirenz 50mg, capsule, 30 Caps",201.3,50000,122000.0,PMO - US,"Aurobindo Unit III, India",Efavirenz,2.44,3/24/11,SCMS-103470,FPQ-7175,03-10-11,ARV,161-ZA-T30,02-Sep-11,Ocean,Pediatric,30,0.08,Aurobindo Pharma Limited,DDP,2953
10712,DN-1035,Generic,Mozambique,21-Feb-09,21-Feb-09,150/200/30mg,Tablet - FDC,Yes,3671.92,From RDC,"Lamivudine/Nevirapine/Stavudine 150/200/30mg, tablets, 60 Tabs",1764,125000,900000.0,PMO - US,"Strides, Bangalore, India.",Lamivudine/Nevirapine/Stavudine,7.2,N/A - From RDC,SO-15081,Pre-PQ Process,Pre-PQ Process,ARV,111-MZ-T01,21-Feb-09,Air,Adult,60,0.12,SCMS from RDC,N/A - From RDC,9228
9043,ASN-3737,Epivir,South Africa,23-Jan-09,23-Jan-09,150mg,Tablet,No,Freight Included in Commodity Cost,Direct Drop,"Lamivudine 150mg [Epivir], tablets, 60 Tabs",11.78,1200,6012.0,PMO - US,GSK Cape Town Factory (South Africa),Lamivudine,5.01,Date Not Captured,SCMS-41210,Pre-PQ Process,Pre-PQ Process,ARV,116-ZA-T01,30-Mar-09,Air,Adult,60,0.08,S. BUYS WHOLESALER,DDP,Weight Captured Separately
10944,DN-597,Generic,Mozambique,29-Feb-08,29-Feb-08,MIssing,Test kit - Ancillary,No,See DN-597 (ID#:10671),From RDC,"HIV, Lancet, Safety, for HIV Test kits, 100 Pcs",0.07,4300,43.0,PMO - US,Inverness Japan,"HIV, Lancet, Safety, for HIV Test kits, 100 Pcs",0.01,N/A - From RDC,SO-1063,Pre-PQ Process,Pre-PQ Process,HRDT,111-MZ-T01,29-Feb-08,Air,HIV test - Ancillary,100,0.0,SCMS from RDC,N/A - From RDC,See DN-597 (ID#:10671)
6437,ASN-4332,Generic,South Africa,23-Apr-09,23-Apr-09,150mg,Tablet,No,See ASN-4332 (ID#:1115),Direct Drop,"Lamivudine 150mg, tablets, 60 Tabs",27.75,2000,14160.0,PMO - US,"Aurobindo Unit III, India",Lamivudine,7.08,04-02-09,SCMS-47500,Pre-PQ Process,Pre-PQ Process,ARV,116-ZA-T01,15-May-09,Truck,Adult,60,0.12,S. BUYS WHOLESALER,DDP,See ASN-4332 (ID#:1115)
11810,DN-425,Generic,Zimbabwe,16-Nov-07,16-Nov-07,150/200/30mg,Tablet - FDC,Yes,7364.52,From RDC,"Lamivudine/Nevirapine/Stavudine 150/200/30mg, tablets, 60 Tabs",263.32,22240,164576.0,PMO - US,"Cipla, Goa, India",Lamivudine/Nevirapine/Stavudine,7.4,N/A - From RDC,SO-1150,Pre-PQ Process,Pre-PQ Process,ARV,100-ZW-T01,16-Nov-07,Air,Adult,60,0.12,SCMS from RDC,N/A - From RDC,2262
12862,DN-960,Generic,Nigeria,30-Oct-08,30-Oct-08,200mg,Tablet,No,See DN-960 (ID#:11945),From RDC,"Nevirapine 200mg, tablets, 60 Tabs",40,6002,20406.8,PMO - US,"Aurobindo Unit III, India",Nevirapine,3.4,N/A - From RDC,SO-2554,Pre-PQ Process,Pre-PQ Process,ARV,123-NG-T01,30-Oct-08,Air,Adult,60,0.06,SCMS from RDC,N/A - From RDC,See DN-960 (ID#:11945)
86815,DN-4279,Generic,Nigeria,15-May-15,22-May-15,150/300mg,Tablet - FDC,Yes,3410,From RDC,"Lamivudine/Zidovudine 150/300mg, tablets, 60 Tabs",115.11,15000,97800.0,PMO - US,"Aurobindo Unit III, India",Lamivudine/Zidovudine,6.52,N/A - From RDC,SO-51420,FPQ-16313,05-04-15,ARV,151-NG-T30,02-Jun-15,Air Charter,Adult,60,0.11,SCMS from RDC,N/A - From RDC,1547
11862,DN-739,Truvada,Nigeria,14-May-08,14-May-08,300/200mg,Tablet - FDC,Yes,2204,From RDC,"Emtricitabine/Tenofovir Disoproxil Fumarate 200/300mg [Truvada], tablets, 30 Tabs",141.08,3359,88173.75,PMO - US,"Aspen-OSD, Port Elizabeth, SA",Emtricitabine/Tenofovir Disoproxil Fumarate,26.25,N/A - From RDC,SO-2578,Pre-PQ Process,Pre-PQ Process,ARV,131-NG-T01,14-May-08,Air,Adult,30,0.88,SCMS from RDC,N/A - From RDC,300
85025,DN-4196,Generic,"Congo, DRC",25-May-15,15-Jun-15,20mg/ml,Oral solution,Yes,973.2,From RDC,"Abacavir 20mg/ml, oral solution, Bottle, 240 ml",1.13,140,956.2,PMO - US,"Aurobindo Unit III, India",Abacavir,6.83,N/A - From RDC,SO-50900,FPQ-15787,1/26/15,ARV,101-CD-T30,16-Jun-15,Air,Pediatric,240,0.03,SCMS from RDC,N/A - From RDC,139
23340,ASN-13338,Generic,Nigeria,09-Jan-12,09-Jan-12,500/25mg,Tablet - FDC + blister,Yes,350.02,Direct Drop,"Sulfadoxine/Pyrimethamine 500/25mg, tablets, Blister 10 x 3 Tabs",0.67,300,477.0,PMO - US,"Micro Labs Ltd. (Brown & Burk), India",Sulfadoxine/Pyrimethamine,1.59,12-09-11,SCMS-129160,FPQ-8755,11-11-11,ANTM,123-NG-T30,09-Jan-12,Air,Malaria,30,0.05,IDA FOUNDATION,EXW,14
61090,ASN-6169,Aluvia,CÃte dIvoire,05-Mar-10,05-Mar-10,200/50mg,Tablet,Yes,5322.35,Direct Drop,"Lopinavir/Ritonavir 200/50mg [Aluvia], tablets, 120 Tabs",252.59,3240,117158.4,PMO - US,ABBVIE Ludwigshafen Germany,Lopinavir/Ritonavir,36.16,1/25/10,SCMS-63750,FPQ-4932,12-08-09,ARV,104-CI-T30,05-Mar-10,Air,Adult,120,0.3,ABBVIE LOGISTICS (FORMERLY ABBOTT LOGISTICS BV),FCA,800
12691,DN-354,Generic,Zimbabwe,18-Sep-07,18-Sep-07,150/30mg,Tablet - FDC,No,See DN-354 (ID#:10597),From RDC,"Lamivudine/Stavudine 150/30mg, tablets, 30 Tabs",5.12,1600,3200.0,PMO - US,"Cipla, Goa, India",Lamivudine/Stavudine,2.0,N/A - From RDC,SO-1074,Pre-PQ Process,Pre-PQ Process,ARV,100-ZW-T01,18-Sep-07,Truck,Adult,30,0.07,SCMS from RDC,N/A - From RDC,See DN-354 (ID#:10597)
27421,ASN-17469,Determine,Tanzania,31-Dec-12,31-Dec-12,MIssing,Test kit,Yes,7060.97,Direct Drop,"HIV 1/2, Determine Complete HIV Kit, 100 Tests",75.41,762,60960.0,PMO - US,"Alere Medical Co., Ltd.","HIV 1/2, Determine Complete HIV Kit",80.0,10/18/12,SCMS-162860,FPQ-10809,10-11-12,HRDT,109-TZ-T30,31-Dec-12,Air,HIV test,100,0.8,"Orgenics, Ltd",EXW,362
11593,DN-969,Truvada,Uganda,04-Nov-08,04-Nov-08,300/200mg,Tablet - FDC,Yes,4503,From RDC,"Emtricitabine/Tenofovir Disoproxil Fumarate 200/300mg [Truvada], tablets, 30 Tabs",3.45,67,1758.75,PMO - US,Gilead(Nycomed) Oranienburg DE,Emtricitabine/Tenofovir Disoproxil Fumarate,26.25,N/A - From RDC,SO-17440,Pre-PQ Process,Pre-PQ Process,ARV,114-UG-T01,04-Nov-08,Air,Adult,30,0.88,SCMS from RDC,N/A - From RDC,666
86655,DN-3551,Generic,Nigeria,10-Feb-14,19-Feb-14,150/300/200mg,Tablet - FDC,No,See DN-3551 (ID#:84895),From RDC,"Lamivudine/Nevirapine/Zidovudine 150/200/300mg, tablets, 60 Tabs",851.13,83300,688058.0,PMO - US,Hetero Unit III Hyderabad IN,Lamivudine/Nevirapine/Zidovudine,8.26,N/A - From RDC,SO-45665,FPQ-12248,05-06-13,ARV,151-NG-T30,28-Feb-14,Air Charter,Adult,60,0.14,SCMS from RDC,N/A - From RDC,See DN-3551 (ID#:84895)
83623,DN-2857,Generic,South Sudan,03-Oct-12,03-Oct-12,10mg/ml,Oral suspension,Yes,15446.4,From RDC,"Nevirapine 10mg/ml, oral suspension w/syringe, Bottle, 240 ml",11.81,4320,8424.0,PMO - US,"Aurobindo Unit III, India",Nevirapine,1.95,N/A - From RDC,SO-43050,FPQ-10514,8/17/12,ARV,900-SS-T30,18-Oct-12,Air,Pediatric,240,0.01,SCMS from RDC,N/A - From RDC,1624
6623,ASN-115,Kaletra,Zambia,05-Dec-06,05-Dec-06,80/20mg/ml,Oral solution,Yes,Freight Included in Commodity Cost,Direct Drop,"Lopinavir/Ritonavir 80/20mg/ml [Kaletra], oral solution, cool, Bottle 5 x 60 ml",MIssing,70,2877.0,PMO - US,ABBVIE (Abbott) Logis. UK,Lopinavir/Ritonavir,41.1,Date Not Captured,SCMS-162,Pre-PQ Process,Pre-PQ Process,ARV,110-ZM-T01,05-Dec-06,Air,Pediatric,300,0.14,INTERNATIONAL HEALTHCARE DISTRIBUTORS,CIP,57
82451,DN-2550,Generic,Tanzania,12-Mar-12,12-Mar-12,20mg/ml,Oral solution,Yes,1698.83,From RDC,"Abacavir 20mg/ml, oral solution w/syringe, Bottle, 240 ml",44.88,2176,27200.0,PMO - US,"Aurobindo Unit III, India",Abacavir,12.5,N/A - From RDC,SO-41390,FPQ-8303,8/22/11,ARV,109-TZ-T30,15-Mar-12,Truck,Pediatric,240,0.05,SCMS from RDC,N/A - From RDC,821
3749,ASN-3752,Viramune,South Africa,21-Nov-08,21-Nov-08,10mg/ml,Oral suspension,No,Freight Included in Commodity Cost,Direct Drop,"Nevirapine 10mg/ml [Viramune], oral suspension, Bottle, 240 ml",0.61,30,312.6,PMO - US,"BI, Ingelheim, Germany",Nevirapine,10.42,Date Not Captured,SCMS-41140,Pre-PQ Process,Pre-PQ Process,ARV,116-ZA-T01,31-Mar-09,Air,Pediatric,240,0.04,S. BUYS WHOLESALER,DDP,Weight Captured Separately
70471,ASN-11284,Ziagen,South Africa,12-Aug-11,12-Aug-11,20mg/ml,Oral solution,Yes,10277.92,Direct Drop,"Abacavir 20mg/ml [Ziagen], oral solution, Bottle, 240 ml",529.06,32000,320640.0,PMO - US,GSK Mississauga (Canada),Abacavir,10.02,12/14/10,SCMS-93430,FPQ-6708,11/26/10,ARV,161-ZA-T30,12-Aug-11,Air,Pediatric,240,0.04,GLAXOSMITHKLINE EXPORT LIMITED,DDP,12264
26619,ASN-31337,Determine,South Sudan,03-Jun-15,05-Jun-15,MIssing,Test kit - Ancillary,Yes,Invoiced Separately,Direct Drop,"Chase Buffer, Determine, 100 Tests, 2.5ml x 1 Vial",0.26,45,225.0,PMO - US,"Alere Medical Co., Ltd.","Chase Buffer, Determine, 100 Tests, 2.5ml x 1 Vial",5.0,2/20/15,SCMS-272160,FPQ-15569,12/29/14,HRDT,105-SS-T30,03-Jun-15,Air,HIV test - Ancillary,1,5.0,"Orgenics, Ltd",EXW,Weight Captured Separately
47311,ASN-13315,Aluvia,CÃte dIvoire,23-Mar-12,23-Mar-12,200/50mg,Tablet,Yes,40289,Direct Drop,"Lopinavir/Ritonavir 200/50mg [Aluvia], tablets, 120 Tabs",79.99,1573,48479.86,PMO - US,ABBVIE Ludwigshafen Germany,Lopinavir/Ritonavir,30.82,10-11-11,SCMS-124280,FPQ-8366,09-05-11,ARV,104-CI-T30,23-Mar-12,Ocean,Adult,120,0.26,ABBVIE LOGISTICS (FORMERLY ABBOTT LOGISTICS BV),FCA,393
8802,ASN-3699,Uni-Gold,Tanzania,17-May-09,17-May-09,MIssing,Test kit,Yes,3146.63,Direct Drop,"HIV 1/2, Uni-Gold HIV Kit, 20 Tests",52.62,839,26848.0,PMO - US,"Trinity Biotech, Plc","HIV 1/2, Uni-Gold HIV Kit",32.0,12-02-08,SCMS-34430,Pre-PQ Process,Pre-PQ Process,HRDT,109-TZ-T01,17-May-09,Air,HIV test,20,1.6,"Trinity Biotech, Plc",EXW,277
72767,ASN-29499,Prezista,Haiti,10-Dec-14,10-Dec-14,600mg,Tablet,Yes,926.3,Direct Drop,"Darunavir 600mg [Prezista], tablets, 60 Tabs",6.16,111,5994.0,PMO - US,"Janssen-Cilag, Latina, IT",Darunavir,54.0,11-04-14,SCMS-260980,FPQ-14895,9/24/14,ARV,106-HT-T30,10-Dec-14,Air,Adult,60,0.9,JANSSEN SCIENCES IRELAND UC (FORMERLY JANSSEN R&D IRELAND),FCA,42
84141,DN-2519,Generic,Zimbabwe,16-Feb-12,16-Feb-12,200mg,Tablet,Yes,4777.08,From RDC,"Nevirapine 200mg, tablets, 60 Tabs",37.58,9073,22773.23,PMO - US,"Aurobindo Unit VII, IN",Nevirapine,2.51,N/A - From RDC,SO-38520,FPQ-7052,1/19/11,ARV,113-ZW-T30,29-Feb-12,Truck,Adult,60,0.04,SCMS from RDC,N/A - From RDC,2721
69483,ASN-29597,Generic,South Africa,28-Nov-14,28-Nov-14,300mg,Tablet,No,Freight Included in Commodity Cost,Direct Drop,"Abacavir 300mg, tablets, 60 Tabs",2,39,1944.25,PMO - US,"Aurobindo Unit III, India",Abacavir,49.85,11/28/14,SCMS-259071,FPQ-14942,09-11-14,ARV,116-ZA-T30,28-Nov-14,Truck,Adult,60,0.83,PHARMACY DIRECT,DDP,Weight Captured Separately
73861,ASN-13475,Generic,Vietnam,01-Mar-12,01-Mar-12,600mg,Tablet,No,See ASN-13475 (ID#:15772),Direct Drop,"Efavirenz 600mg, tablets, 30 Tabs",330.46,49452,200280.6,PMO - US,"Aurobindo Unit III, India",Efavirenz,4.05,10-04-11,SCMS-123520,FPQ-8428,9/21/11,ARV,108-VN-T30,01-Mar-12,Air,Adult,30,0.13,Aurobindo Pharma Limited,EXW,See ASN-13475 (ID#:15772)
82358,DN-2036,Generic,CÃte dIvoire,26-Nov-10,26-Nov-10,20mg/ml,Oral solution,Yes,6406.54,From RDC,"Abacavir 20mg/ml, oral solution, Bottle, 240 ml",17.24,588,7996.8,PMO - US,"Aurobindo Unit III, India",Abacavir,13.6,N/A - From RDC,SO-37750,FPQ-5623,05-07-10,ARV,104-CI-T30,16-Nov-10,Air,Pediatric,240,0.06,SCMS from RDC,N/A - From RDC,215
74569,ASN-5498,Generic,South Africa,30-Oct-09,30-Oct-09,50mg,Capsule,No,Freight Included in Commodity Cost,Direct Drop,"Efavirenz 50mg, capsule, 30 Caps",9.92,1261,5063.76,PMO - US,"Aurobindo Unit III, India",Efavirenz,4.02,08-03-09,SCMS-50941,FPQ-3560,05-07-09,ARV,116-ZA-T30,30-Oct-09,Truck,Pediatric,30,0.13,S. BUYS WHOLESALER,DDP,Weight Captured Separately
80559,ASN-16895,Generic,Uganda,09-Nov-12,09-Nov-12,300/100mg,Tablet,Yes,1051.5,Direct Drop,"Atazanavir/Ritonavir 300/100mg, tablets, 30 Tabs",5.36,170,3825.0,PMO - US,Mylan (formerly Matrix) Nashik,Atazanavir/Ritonavir,22.5,9/26/12,SCMS-160440,FPQ-10558,8/24/12,ARV,114-UG-T30,09-Nov-12,Air,Adult,30,0.75,MYLAN LABORATORIES LTD (FORMERLY MATRIX LABORATORIES),EXW,22
84263,DN-3174,Generic,Nigeria,10-May-13,10-May-13,60/30mg,Tablet - FDC,Yes,20666.07,From RDC,"Abacavir/Lamivudine 60/30mg, tablets, 60 Tabs",4.34,763,3509.8,PMO - US,"Aurobindo Unit III, India",Abacavir/Lamivudine,4.6,N/A - From RDC,SO-44752,FPQ-11771,2/28/13,ARV,151-NG-T30,21-Aug-13,Air Charter,Pediatric,60,0.08,SCMS from RDC,N/A - From RDC,56
84124,DN-2445,Generic,Tanzania,22-Dec-11,22-Dec-11,600/200/300mg,Tablet - FDC,No,Freight Included in Commodity Cost,From RDC,"Efavirenz/Emtricitabine/Tenofovir Disoproxil Fumarate 600/200/300mg, tablets, 30 Tabs",2629.44,80000,1593600.0,PMO - US,Mylan (formerly Matrix) Nashik,Efavirenz/Emtricitabine/Tenofovir Disoproxil Fumarate,19.92,N/A - From RDC,SO-39750,FPQ-7675,5/18/11,ARV,109-TZ-T30,30-Jan-12,Air,Adult,30,0.66,SCMS from RDC,N/A - From RDC,Weight Captured Separately
84620,DN-2116,Generic,Zambia,15-Feb-11,15-Feb-11,200mg,Tablet,Yes,8045.77,From RDC,"Nevirapine 200mg, tablets, 60 Tabs",757.62,140000,351400.0,PMO - US,Hetero Unit III Hyderabad IN,Nevirapine,2.51,N/A - From RDC,SO-37330,FPQ-6221,8/20/10,ARV,110-ZM-T30,11-Feb-11,Truck,Adult,60,0.04,SCMS from RDC,N/A - From RDC,8783
12316,DN-1411,Generic,Zimbabwe,22-Sep-09,22-Sep-09,150/30mg,Tablet - FDC,No,See DN-1411 (ID#:11352),From RDC,"Lamivudine/Stavudine 150/30mg, tablets, 60 Tabs",31.36,4000,16000.0,PMO - US,"Cipla, Goa, India",Lamivudine/Stavudine,4.0,N/A - From RDC,SO-21020,Pre-PQ Process,Date Not Captured,ARV,113-ZW-T01,22-Sep-09,Truck,Adult,60,0.07,SCMS from RDC,N/A - From RDC,See DN-1411 (ID#:11352)
23224,ASN-11886,Generic,South Africa,10-Oct-11,10-Oct-11,600mg,Tablet,Yes,9951.38,Direct Drop,"Efavirenz 600mg, tablets, 30 Tabs",820.73,110291,497412.41,PMO - US,"Aurobindo Unit III, India",Efavirenz,4.51,3/24/11,SCMS-103510,FPQ-7175,03-10-11,ARV,161-ZA-T30,10-Oct-11,Ocean,Adult,30,0.15,Aurobindo Pharma Limited,DDP,9375
12885,DN-1244,Generic,Nigeria,16-Jun-09,16-Jun-09,600mg,Tablet,No,See DN-1244 (ID#:11048),From RDC,"Efavirenz 600mg, tablets, 30 Tabs",46.1,2178,23522.4,PMO - US,"Aurobindo Unit III, India",Efavirenz,10.8,N/A - From RDC,SO-21050,Pre-PQ Process,Pre-PQ Process,ARV,112-NG-T01,16-Jun-09,Air Charter,Adult,30,0.36,SCMS from RDC,N/A - From RDC,See DN-1244 (ID#:11048)
42882,ASN-24547,Generic,South Africa,17-Feb-14,17-Feb-14,600mg,Tablet,Yes,Freight Included in Commodity Cost,Direct Drop,"Efavirenz 600mg, tablets, 30 Tabs",46.6,2500,37672.35,PMO - US,Hetero Unit III Hyderabad IN,Efavirenz,15.07,9/19/13,SCMS-206100,FPQ-12932,09-07-13,ARV,101-ZA-T30,17-Feb-14,Truck,Adult,30,0.5,PHARMACY DIRECT,DDP,Weight Captured Separately
84705,DN-2525,Generic,"Congo, DRC",22-Mar-12,22-Mar-12,150mg,Tablet,Yes,91.42,From RDC,"Lamivudine 150mg, tablets, 60 Tabs",0.14,43,100.19,PMO - US,Hetero Unit III Hyderabad IN,Lamivudine,2.33,N/A - From RDC,SO-41384,FPQ-8840,11/21/11,ARV,101-CD-T30,22-Mar-12,Air,Adult,60,0.04,SCMS from RDC,N/A - From RDC,2
12175,DN-834,Generic,Nigeria,16-Jul-08,16-Jul-08,30mg,Capsule,No,See DN-834 (ID#:10686),From RDC,"Stavudine 30mg, capsules, 60 Caps",19.15,7876,11971.52,PMO - US,"Aurobindo Unit III, India",Stavudine,1.52,N/A - From RDC,SO-2552,Pre-PQ Process,Pre-PQ Process,ARV,123-NG-T01,16-Jul-08,Air,Adult,60,0.03,SCMS from RDC,N/A - From RDC,See DN-834 (ID#:10686)
81352,ASN-5049,Kaletra,South Africa,12-Aug-09,12-Aug-09,80/20mg/ml,Oral solution,Yes,Freight Included in Commodity Cost,Direct Drop,"Lopinavir/Ritonavir 80/20mg/ml [Kaletra], oral solution, cool, Bottle 5 x 60 ml",46.13,540,23535.6,PMO - US,ABBVIE (Abbott) Logis. UK,Lopinavir/Ritonavir,43.58,7/21/09,SCMS-49670,FPQ-3560,05-07-09,ARV,116-ZA-T30,12-Aug-09,Truck,Pediatric,300,0.15,S. BUYS WHOLESALER,DDP,Weight Captured Separately
85333,DN-3036,Generic,Zimbabwe,23-Mar-13,23-Mar-13,600/300mg,Tablet - FDC,Yes,1600,From RDC,"Abacavir/Lamivudine 600/300mg, scored tablets, 30 Tabs",15.85,810,11307.6,PMO - US,Mylan (formerly Matrix) Nashik,Abacavir/Lamivudine,13.96,N/A - From RDC,SO-43250,FPQ-10674,9/18/12,ARV,102-ZW-T30,29-Mar-13,Truck,Adult,30,0.47,SCMS from RDC,N/A - From RDC,52
69354,ASN-7103,Generic,South Africa,11-Jun-10,11-Jun-10,150mg,Tablet,Yes,4116.81,Direct Drop,"Lamivudine 150mg, tablets, 60 Tabs",363.61,66660,168649.8,PMO - US,"Aurobindo Unit III, India",Lamivudine,2.53,3/19/10,SCMS-68950,FPQ-5303,3/18/10,ARV,161-ZA-T30,11-Jun-10,Air,Adult,60,0.04,Aurobindo Pharma Limited,DDP,3211
79128,ASN-14835,Isentress,Uganda,21-May-12,21-May-12,400mg,Tablet,No,See ASN-14835 (ID#:77780),Direct Drop,"Raltegravir 400mg [Isentress], tablets, 60 Tabs",14.01,180,9990.0,PMO - US,"MSD, Haarlem, NL",Raltegravir,55.5,04-04-12,SCMS-142230,FPQ-9365,3/15/12,ARV,114-UG-T30,21-May-12,Air,Adult,60,0.92,MERCK SHARP & DOHME IDEA GMBH (FORMALLY MERCK SHARP & DOHME B.V.),CIP,See ASN-14835 (ID#:77780)
51504,ASN-14092,Determine,South Sudan,18-Apr-12,18-Apr-12,MIssing,Test kit,No,See ASN-14092 (ID#:39053),Direct Drop,"HIV 1/2, Determine Complete HIV Kit, 100 Tests",42.3,339,30171.0,PMO - US,"Alere Medical Co., Ltd.","HIV 1/2, Determine Complete HIV Kit",89.0,2/15/12,SCMS-137190,FPQ-9038,1/17/12,HRDT,102-SS-T30,18-Apr-12,Air,HIV test,100,0.89,"Orgenics, Ltd",EXW,See ASN-14092 (ID#:39053)
40490,ASN-27241,Uni-Gold,South Sudan,29-Sep-14,30-Sep-14,MIssing,Test kit,No,See ASN-27241 (ID#:23488),Direct Drop,"HIV 1/2, Uni-Gold HIV Kit, 20 Tests",14.8,450,14400.0,PMO - US,"Trinity Biotech, Plc","HIV 1/2, Uni-Gold HIV Kit",32.0,07-01-14,SCMS-245230,FPQ-14470,6/17/14,HRDT,105-SS-T30,29-Sep-14,Air,HIV test,20,1.6,"Trinity Biotech, Plc",EXW,See ASN-27241 (ID#:23488)
84711,DN-2571,Generic,Tanzania,11-Apr-12,11-Apr-12,600mg,Tablet,Yes,3279.25,From RDC,"Efavirenz 600mg, tablets, 30 Tabs",955.8,137269,579275.18,PMO - US,"Strides, Bangalore, India.",Efavirenz,4.22,N/A - From RDC,SO-40600,FPQ-8297,8/22/11,ARV,109-TZ-T30,11-Apr-12,Truck,Adult,30,0.14,SCMS from RDC,N/A - From RDC,8474
85090,DN-1659,Generic,Zimbabwe,12-Mar-10,12-Mar-10,600mg,Tablet,No,See DN-1659 (ID#:82859),From RDC,"Efavirenz 600mg, tablets, 30 Tabs",21.01,1900,9747.0,PMO - US,"Aurobindo Unit III, India",Efavirenz,5.13,N/A - From RDC,SO-35390,FPQ-4694,12-08-09,ARV,113-ZW-T30,31-Mar-10,Truck,Adult,30,0.17,SCMS from RDC,N/A - From RDC,See DN-1659 (ID#:82859)
69086,ASN-27587,Generic,Zimbabwe,17-Sep-14,19-Sep-14,300/300mg,Tablet - FDC,Yes,12091.91,Direct Drop,"Lamivudine/Tenofovir Disoproxil Fumarate 300/300mg, tablets, 30 Tabs",76.05,16013,73980.06,PMO - US,Hetero Unit III Hyderabad IN,Lamivudine/Tenofovir Disoproxil Fumarate,4.62,5/27/14,SCMS-240570,FPQ-13939,04-01-14,ARV,113-ZW-T30,17-Sep-14,Air Charter,Adult,30,0.15,HETERO LABS LIMITED,EXW,1468
84535,DN-1670,Generic,CÃte dIvoire,10-Mar-10,10-Mar-10,10mg/ml,Oral solution,No,See DN-1670 (ID#:82862),From RDC,"Lamivudine 10mg/ml, oral solution, Bottle, 240 ml",8.73,2345,4455.5,PMO - US,"Cipla, Goa, India",Lamivudine,1.9,N/A - From RDC,SO-34451,FPQ-4378,10/15/09,ARV,104-CI-T30,16-Mar-10,Air,Pediatric,240,0.01,SCMS from RDC,N/A - From RDC,See DN-1670 (ID#:82862)
83581,DN-2616,Generic,Mozambique,10-May-12,10-May-12,150/300/200mg,Tablet - FDC,No,See DN-2616 (ID#:83024),From RDC,"Lamivudine/Nevirapine/Zidovudine 150/200/300mg, tablets, 60 Tabs",1851.3,100000,1122000.0,PMO - US,"Cipla, Goa, India",Lamivudine/Nevirapine/Zidovudine,11.22,N/A - From RDC,SO-40390,FPQ-8157,08-04-11,ARV,111-MZ-T30,07-May-12,Truck,Adult,60,0.19,SCMS from RDC,N/A - From RDC,See DN-2616 (ID#:83024)
42780,ASN-11201,Generic,South Africa,02-Sep-11,02-Sep-11,50mg,Capsule,Yes,14558.87,Direct Drop,"Efavirenz 50mg, capsule, 30 Caps",393.55,97753,238517.32,PMO - US,"Aurobindo Unit III, India",Efavirenz,2.44,3/24/11,SCMS-103360,FPQ-7175,03-10-11,ARV,161-ZA-T30,02-Sep-11,Ocean,Pediatric,30,0.08,Aurobindo Pharma Limited,DDP,5778
12279,DN-1219,Generic,Haiti,22-May-09,22-May-09,600mg,Tablet,Yes,7584.12,From RDC,"Efavirenz 600mg, tablets, 30 Tabs",139.51,7323,71179.56,PMO - US,"Aurobindo Unit III, India",Efavirenz,9.72,N/A - From RDC,SO-24841,Pre-PQ Process,Pre-PQ Process,ARV,106-HT-T01,22-May-09,Air,Adult,30,0.32,SCMS from RDC,N/A - From RDC,631
85778,DN-2304,Generic,CÃte dIvoire,12-Sep-11,12-Sep-11,200/300mg,Tablet - FDC,No,See DN-2304 (ID#:82395),From RDC,"Emtricitabine/Tenofovir Disoproxil Fumarate 200/300mg, tablets, 30 Tabs",74.24,4269,44995.26,PMO - US,Mylan (formerly Matrix) Nashik,Emtricitabine/Tenofovir Disoproxil Fumarate,10.54,N/A - From RDC,SO-40121,FPQ-7659,05-03-11,ARV,104-CI-T30,27-Sep-11,Air,Adult,30,0.35,SCMS from RDC,N/A - From RDC,See DN-2304 (ID#:82395)
84919,DN-3648,Generic,Zambia,19-May-14,12-Jun-14,300/300mg,Tablet - FDC,No,See DN-3648 (ID#:84360),From RDC,"Lamivudine/Tenofovir Disoproxil Fumarate 300/300mg, tablets, 30 Tabs",140.43,29440,136601.6,PMO - US,Ranbaxy per Shasun Pharma,Lamivudine/Tenofovir Disoproxil Fumarate,4.64,N/A - From RDC,SO-47201,FPQ-13221,10/31/13,ARV,110-ZM-T30,06-May-14,Truck,Adult,30,0.15,SCMS from RDC,N/A - From RDC,See DN-3648 (ID#:84360)
85832,DN-2559,Generic,Nigeria,16-Feb-12,16-Feb-12,200mg,Tablet,Yes,25231.96,From RDC,"Nevirapine 200mg, tablets, 60 Tabs",207.6,51355,125819.75,PMO - US,"Aurobindo Unit III, India",Nevirapine,2.45,N/A - From RDC,SO-40650,FPQ-8364,8/29/11,ARV,151-NG-T30,02-Mar-12,Air Charter,Adult,60,0.04,SCMS from RDC,N/A - From RDC,6436
72088,ASN-24433,Generic,South Africa,07-Feb-14,07-Feb-14,300mg,Tablet,No,Freight Included in Commodity Cost,Direct Drop,"Zidovudine 300mg, tablets, 60 Tabs",0.4,12,325.33,PMO - US,Mylan (formerly Matrix) Nashik,Zidovudine,27.11,8/13/13,SCMS-199280,FPQ-12522,07-11-13,ARV,116-ZA-T30,07-Feb-14,Truck,Adult,60,0.45,S. BUYS WHOLESALER,DDP,Weight Captured Separately
10700,DN-613,Generic,CÃte dIvoire,19-Feb-08,19-Feb-08,150/300mg,Tablet - FDC,Yes,3826.17,From RDC,"Lamivudine/Zidovudine 150/300mg, tablets, 60 Tabs",308.32,20284,192698.0,PMO - US,"Aurobindo Unit III, India",Lamivudine/Zidovudine,9.5,N/A - From RDC,SO-1685,Pre-PQ Process,Pre-PQ Process,ARV,104-CI-T01,19-Feb-08,Air,Adult,60,0.16,SCMS from RDC,N/A - From RDC,1897
86050,DN-3555,Generic,CÃte dIvoire,18-Feb-14,03-Apr-14,10mg/ml,Oral solution,Yes,5520.83,From RDC,"Zidovudine 10mg/ml, oral solution w/syringe, Bottle, 240 ml",6.28,2907,6104.7,PMO - US,"Aurobindo Unit III, India",Zidovudine,2.1,N/A - From RDC,SO-47560,FPQ-13509,12/24/13,ARV,104-CI-T30,27-Feb-14,Truck,Pediatric,240,0.01,SCMS from RDC,N/A - From RDC,1122
10731,DN-971,Generic,Uganda,04-Nov-08,04-Nov-08,150/200/30mg,Tablet - FDC,Yes,3477,From RDC,"Lamivudine/Nevirapine/Stavudine 150/200/30mg, tablets, 60 Tabs",39.77,2742,20290.8,PMO - US,"Strides, Bangalore, India.",Lamivudine/Nevirapine/Stavudine,7.4,N/A - From RDC,SO-17420,Pre-PQ Process,Pre-PQ Process,ARV,114-UG-T01,04-Nov-08,Air,Adult,60,0.12,SCMS from RDC,N/A - From RDC,204
83451,DN-1982,Generic,CÃte dIvoire,23-Aug-10,23-Aug-10,300mg,Tablet,No,See DN-1982 (ID#:82910),From RDC,"Abacavir 300mg, tablets, 60 Tabs",146.74,4140,68061.6,PMO - US,Mylan (formerly Matrix) Nashik,Abacavir,16.44,N/A - From RDC,SO-36311,FPQ-5201,03-03-10,ARV,104-CI-T30,23-Aug-10,Air,Adult,60,0.27,SCMS from RDC,N/A - From RDC,See DN-1982 (ID#:82910)
10894,DN-373,Generic,Nigeria,20-Sep-07,20-Sep-07,200mg,Tablet,No,See DN-373 (ID#:10623),From RDC,"Nevirapine 200mg, tablets, 60 Tabs",3.43,600,2142.0,PMO - US,"Aurobindo Unit III, India",Nevirapine,3.57,N/A - From RDC,SO-565,Pre-PQ Process,Pre-PQ Process,ARV,112-NG-T01,20-Sep-07,Air,Adult,60,0.06,SCMS from RDC,N/A - From RDC,See DN-373 (ID#:10623)
85283,DN-2762,Generic,Tanzania,22-Aug-12,22-Aug-12,30/60mg,Tablet - FDC,Yes,6900.62,From RDC,"Lamivudine/Zidovudine 30/60mg, tablets, 60 Tabs",148.38,38347,105837.72,PMO - US,Mylan (formerly Matrix) Nashik,Lamivudine/Zidovudine,2.76,N/A - From RDC,SO-41560,FPQ-9303,2/15/12,ARV,109-TZ-T30,04-Sep-12,Truck,Pediatric,60,0.05,SCMS from RDC,N/A - From RDC,1502
83975,DN-1636,Generic,Uganda,29-Jan-10,29-Jan-10,150/300mg,Tablet - FDC,Yes,1549.83,From RDC,"Lamivudine/Zidovudine 150/300mg, tablets, 60 Tabs",7.18,380,3328.8,PMO - US,Mylan (formerly Matrix) Nashik,Lamivudine/Zidovudine,8.76,N/A - From RDC,SO-34850,FPQ-4497,10/28/09,ARV,114-UG-T30,11-Feb-10,Truck,Adult,60,0.15,SCMS from RDC,N/A - From RDC,67
86324,DN-1972,Generic,Nigeria,17-Aug-10,17-Aug-10,200/300mg,Tablet - FDC,Yes,6147.18,From RDC,"Emtricitabine/Tenofovir Disoproxil Fumarate 200/300mg, tablets, 30 Tabs",63.33,2500,29375.0,PMO - US,Mylan (formerly Matrix) Nashik,Emtricitabine/Tenofovir Disoproxil Fumarate,11.75,N/A - From RDC,SO-36914,FPQ-5688,5/27/10,ARV,151-NG-T30,31-Aug-10,Air Charter,Adult,30,0.39,SCMS from RDC,N/A - From RDC,225
20185,ASN-29409,Determine,South Sudan,22-Dec-14,13-Jan-15,MIssing,Test kit - Ancillary,Yes,2084.52,Direct Drop,"Chase Buffer, Determine, 100 Tests, 2.5ml x 1 Vial",0.82,160,800.0,PMO - US,"Alere Medical Co., Ltd.","Chase Buffer, Determine, 100 Tests, 2.5ml x 1 Vial",5.0,6/30/14,SCMS-245260,FPQ-14470,6/17/14,HRDT,105-SS-T30,22-Dec-14,Air,HIV test - Ancillary,1,5.0,"Orgenics, Ltd",EXW,149
83466,DN-2055,Generic,Uganda,02-Dec-10,02-Dec-10,600mg,Tablet,Yes,29545.05,From RDC,"Efavirenz 600mg, tablets, 30 Tabs",968.7,99404,449306.08,PMO - US,"Emcure Plot No.P-2, I.T-B.T. Park, Phase II, MIDC, Hinjwadi, Pune, India",Efavirenz,4.52,N/A - From RDC,SO-37550,FPQ-6427,9/29/10,ARV,114-UG-T30,02-Dec-10,Truck,Adult,30,0.15,SCMS from RDC,N/A - From RDC,6960
27049,ASN-27344,Generic,Ghana,08-Sep-14,10-Sep-14,300/300mg,Tablet - FDC,Yes,10790.63,Direct Drop,"Lamivudine/Tenofovir Disoproxil Fumarate 300/300mg, tablets, 30 Tabs",82.86,17447,80605.14,PMO - US,Hetero Unit III Hyderabad IN,Lamivudine/Tenofovir Disoproxil Fumarate,4.62,4/14/14,SCMS-234100,FPQ-13809,03-07-14,ARV,105-GH-T30,08-Sep-14,Air,Adult,30,0.15,HETERO LABS LIMITED,EXW,1825
81361,ASN-5050,Kaletra,South Africa,14-Aug-09,14-Aug-09,80/20mg/ml,Oral solution,Yes,Freight Included in Commodity Cost,Direct Drop,"Lopinavir/Ritonavir 80/20mg/ml [Kaletra], oral solution, cool, Bottle 5 x 60 ml",60.65,710,30944.95,PMO - US,ABBVIE (Abbott) Logis. UK,Lopinavir/Ritonavir,43.58,7/21/09,SCMS-49670,FPQ-3560,05-07-09,ARV,116-ZA-T30,12-Aug-09,Truck,Pediatric,300,0.15,S. BUYS WHOLESALER,DDP,Weight Captured Separately
83804,DN-3739,Generic,Burundi,04-Jun-14,09-Jul-14,150/300mg,Tablet - FDC,Yes,29.21,From RDC,"Lamivudine/Zidovudine 150/300mg, tablets, 60 Tabs",6.37,790,5150.8,PMO - US,Hetero Unit III Hyderabad IN,Lamivudine/Zidovudine,6.52,N/A - From RDC,SO-46023,FPQ-12602,07-09-13,ARV,102-BI-T30,16-Jun-14,Air,Adult,60,0.11,SCMS from RDC,N/A - From RDC,186
85240,DN-2563,Generic,Nigeria,16-Feb-12,16-Feb-12,300mg,Tablet,Yes,25231.96,From RDC,"Tenofovir Disoproxil Fumarate 300mg, tablets, 30 Tabs",23.13,3000,16500.0,PMO - US,Mylan (formerly Matrix) Nashik,Tenofovir Disoproxil Fumarate,5.5,N/A - From RDC,SO-41262,FPQ-8952,12-08-11,ARV,151-NG-T30,20-Jun-12,Air Charter,Adult,30,0.18,SCMS from RDC,N/A - From RDC,188
82948,DN-2200,Generic,Ethiopia,18-May-11,18-May-11,400mg,Delayed-release capsules,No,See DN-2200 (ID#:82947),From RDC,"Didanosine 400mg, delayed-release capsules, 30 Caps",40.82,1237,24740.0,PMO - US,"Aurobindo Unit III, India",Didanosine,20.0,N/A - From RDC,SO-38410,FPQ-7000,01-07-11,ARV,117-ET-T30,10-May-11,Air,Adult,30,0.67,SCMS from RDC,N/A - From RDC,See DN-2200 (ID#:82947)
65609,ASN-17088,Determine,Mozambique,25-Dec-12,25-Dec-12,MIssing,Test kit - Ancillary,No,See ASN-17088 (ID#:18269),Direct Drop,"Chase Buffer, Determine, 100 Tests, 2.5ml x 1 Vial",0.57,81,405.0,PMO - US,"Alere Medical Co., Ltd.","Chase Buffer, Determine, 100 Tests, 2.5ml x 1 Vial",5.0,10-10-12,SCMS-162160,FPQ-10606,09-12-12,HRDT,111-MZ-T30,25-Dec-12,Air,HIV test - Ancillary,1,5.0,"Orgenics, Ltd",EXW,See ASN-17088 (ID#:18269)
11242,DN-676,Generic,Zambia,01-Apr-08,01-Apr-08,200mg,Tablet,Yes,13332,From RDC,"Nevirapine 200mg, tablets, 60 Tabs",176.03,32358,110017.2,PMO - US,"Ranbaxy, Paonta Shahib, India",Nevirapine,3.4,N/A - From RDC,SO-1891,Pre-PQ Process,Pre-PQ Process,ARV,110-ZM-T01,01-Apr-08,MIssing,Adult,60,0.06,SCMS from RDC,N/A - From RDC,3146
22752,ASN-28037,Generic,South Africa,29-Aug-14,29-Aug-14,300mg,Tablet,No,Freight Included in Commodity Cost,Direct Drop,"Tenofovir Disoproxil Fumarate 300mg, tablets, 30 Tabs",6.05,235,4891.53,PMO - US,Hetero Unit III Hyderabad IN,Tenofovir Disoproxil Fumarate,20.82,8/29/14,SCMS-199289,FPQ-12522,07-11-13,ARV,116-ZA-T30,29-Aug-14,Truck,Adult,30,0.69,S. BUYS WHOLESALER,DDP,Weight Captured Separately
52228,ASN-22289,Crixivan,Rwanda,19-Oct-13,22-Oct-13,400mg,Capsule,Yes,Freight Included in Commodity Cost,Direct Drop,"Indinavir 400mg [Crixivan], capsules, 180 Caps",2.23,36,1800.0,PMO - US,"MSD, Haarlem, NL",Indinavir,50.0,6/13/13,SCMS-193930,FPQ-12409,5/31/13,ARV,107-RW-T30,19-Oct-13,Air,Adult,180,0.28,MERCK SHARP & DOHME IDEA GMBH (FORMALLY MERCK SHARP & DOHME B.V.),CIP,Weight Captured Separately
82700,DN-3820,Generic,Zambia,25-Jul-14,31-Jul-14,600/300/300mg,Tablet - FDC,Yes,13627.76,From RDC,"Efavirenz/Lamivudine/Tenofovir Disoproxil Fumarate 600/300/300mg, tablets, 30 Tabs",1244.87,112334,1210960.52,PMO - US,"Aurobindo Unit VII, IN",Efavirenz/Lamivudine/Tenofovir Disoproxil Fumarate,10.78,N/A - From RDC,SO-48030,FPQ-13679,02-02-14,ARV,100-ZM-T30,31-Jul-14,Truck,Adult,30,0.36,SCMS from RDC,N/A - From RDC,14867
12531,DN-843,Truvada,Nigeria,28-Jul-08,28-Jul-08,300/200mg,Tablet - FDC,Yes,7463.74,From RDC,"Emtricitabine/Tenofovir Disoproxil Fumarate 200/300mg [Truvada], tablets, 30 Tabs",630,15000,393750.0,PMO - US,"Aspen-OSD, Port Elizabeth, SA",Emtricitabine/Tenofovir Disoproxil Fumarate,26.25,N/A - From RDC,SO-2681,Pre-PQ Process,Pre-PQ Process,ARV,132-NG-T01,28-Jul-08,Air,Adult,30,0.88,SCMS from RDC,N/A - From RDC,1309
63719,ASN-28591,Stat-Pak,Uganda,14-Oct-14,15-Oct-14,MIssing,Test kit,Yes,798.43,Direct Drop,"HIV 1/2, Stat-Pak Dipstick Assay Kit, 30 Tests",22.7,800,22080.0,PMO - US,Chembio Diagnostics Sys. Inc.,"HIV 1/2, Stat-Pak Dipstick Assay Kit",27.6,09-04-14,SCMS-253240,FPQ-14628,7/23/14,HRDT,200-UG-T30,14-Oct-14,Air,HIV test,30,0.92,"CHEMBIO DIAGNOSTIC SYSTEMS, INC.",EXW,86
50706,ASN-19166,Retrovir,South Africa,16-Apr-13,16-Apr-13,300mg,Tablet,No,Freight Included in Commodity Cost,Direct Drop,"Zidovudine 300mg [Retrovir], tablets, 60 Tabs",0.04,2,31.73,South Africa Field Office,GSK Aranda,Zidovudine,15.86,Date Not Captured,SCMS-183950,FPQ-11828,3/18/13,ARV,116-ZA-T30,16-Apr-13,Truck,Adult,60,0.26,S. BUYS WHOLESALER,DDP,Weight Captured Separately
83246,DN-3715,Generic,"Congo, DRC",15-Aug-14,05-Sep-14,300mg,Tablet,Yes,895.38,From RDC,"Zidovudine 300mg, tablets, 60 Tabs",2.18,380,2120.4,PMO - US,"Aurobindo Unit III, India",Zidovudine,5.58,N/A - From RDC,SO-47632,FPQ-13554,1/15/14,ARV,101-CD-T30,30-May-14,Air,Adult,60,0.09,SCMS from RDC,N/A - From RDC,21
84343,DN-3572,Generic,Zimbabwe,24-Mar-14,04-Apr-14,20mg/ml,Oral solution,Yes,7300,From RDC,"Abacavir 20mg/ml, oral solution w/syringe, Bottle, 240 ml",5.21,595,5063.45,PMO - US,"Aurobindo Unit III, India",Abacavir,8.51,N/A - From RDC,SO-46960,FPQ-13109,10/17/13,ARV,103-ZW-T30,31-Mar-14,Truck,Pediatric,240,0.04,SCMS from RDC,N/A - From RDC,236
11139,DN-247,Norvir,Tanzania,30-Jul-07,30-Jul-07,100mg,Capsule,Yes,2094,From RDC,"Ritonavir 100mg [Norvir], capsules, cool, 4 x 84 Caps",9.64,157,6022.52,PMO - US,ABBVIE (Abbott) Logis. UK,Ritonavir,38.36,N/A - From RDC,SO-496,Pre-PQ Process,Pre-PQ Process,ARV,109-TZ-T01,30-Jul-07,Air,Adult,336,0.11,SCMS from RDC,N/A - From RDC,547
8204,ASN-1154,OraQuick,Botswana,27-Dec-07,27-Dec-07,MIssing,Test kit,Yes,Freight Included in Commodity Cost,Direct Drop,"HIV 1/2, OraQuick Advance HIV Rapid Antibody Kit, 100 Tests",2.8,5,1750.0,PMO - US,"Pacific Biotech, Thailand","HIV 1/2, OraQuick Advance HIV Rapid Antibody Kit",350.0,11/27/07,SCMS-14600,Pre-PQ Process,Pre-PQ Process,HRDT,102-BW-T01,27-Dec-07,Air,HIV test,100,3.5,Orasure Technologies Inc.,CIF,Weight Captured Separately
40942,ASN-7322,Stocrin/Sustiva,Haiti,29-Jun-10,29-Jun-10,30mg/ml,Oral solution,Yes,Freight Included in Commodity Cost,Direct Drop,"Efavirenz 30mg/ml [Stocrin/Sustiva], oral solution, Bottle, 180 ml",6.58,180,3052.8,PMO - US,"MSD, Haarlem, NL",Efavirenz,16.96,11/24/09,SCMS-58040,FPQ-4389,11-03-09,ARV,106-HT-T30,29-Jun-10,Air,Pediatric,180,0.09,MERCK SHARP & DOHME IDEA GMBH (FORMALLY MERCK SHARP & DOHME B.V.),CIP,Weight Captured Separately
83295,DN-4051,Generic,Mozambique,23-Mar-15,23-Mar-15,150/200/30mg,Tablet - FDC,Yes,Freight Included in Commodity Cost,From RDC,"Lamivudine/Nevirapine/Stavudine 150/200/30mg, tablets, 60 Tabs",208.56,46962,202875.84,PMO - US,Hetero Unit III Hyderabad IN,Lamivudine/Nevirapine/Stavudine,4.32,N/A - From RDC,SO-48887,FPQ-14226,05-02-14,ARV,111-MZ-T30,23-Mar-15,Truck,Adult,60,0.07,SCMS from RDC,N/A - From RDC,5097
85578,DN-4197,Generic,"Congo, DRC",13-Jul-15,13-Jul-15,200mg,Tablet,Yes,4147.79,From RDC,"Efavirenz 200mg, scored tablets, 90 Tabs",3.28,300,2790.0,PMO - US,"Strides, Bangalore, India.",Efavirenz,9.3,N/A - From RDC,SO-50890,FPQ-15787,1/26/15,ARV,101-CD-T30,01-Jul-15,Air,Pediatric,90,0.1,SCMS from RDC,N/A - From RDC,266
83062,DN-2782,Generic,Uganda,30-Oct-12,30-Oct-12,200/50mg,Tablet,Yes,7070,From RDC,"Lopinavir/Ritonavir 200/50mg, tablets, 120 Tabs",208.06,5000,148400.0,PMO - US,"Aurobindo Unit III, India",Lopinavir/Ritonavir,29.68,N/A - From RDC,SO-42581,FPQ-10048,06-06-12,ARV,900-UG-T30,30-Oct-12,Air,Adult,120,0.25,SCMS from RDC,N/A - From RDC,1199
9080,ASN-4224,Videx EC,South Africa,15-May-09,15-May-09,400mg,Delayed-release capsules - blister,Yes,Freight Included in Commodity Cost,Direct Drop,"Didanosine EC 400mg [Videx EC], delayed-release capsules, Blister 3 x 10 Caps",2.94,80,1502.4,PMO - US,"BMS Meymac, France",Didanosine EC,18.78,04-02-09,SCMS-47320,Pre-PQ Process,Pre-PQ Process,ARV,116-ZA-T01,15-May-09,Truck,Adult,30,0.63,S. BUYS WHOLESALER,DDP,Weight Captured Separately
12523,DN-965,Determine,Kenya,23-Oct-08,23-Oct-08,MIssing,Test kit,No,See DN-965 (ID#:11563),From RDC,"HIV 1/2, Determine HIV Kit, without Lancets, 100 Tests",783.9,5000,399950.0,PMO - US,Inverness Japan,"HIV 1/2, Determine HIV Kit, without Lancets",79.99,N/A - From RDC,SO-11440,Pre-PQ Process,Pre-PQ Process,HRDT,102-KE-T01,23-Oct-08,Truck,HIV test,100,0.8,SCMS from RDC,N/A - From RDC,See DN-965 (ID#:11563)
38913,ASN-17523,Determine,Nigeria,09-Jan-13,09-Jan-13,MIssing,Test kit,Yes,8363.61,Direct Drop,"HIV 1/2, Determine Complete HIV Kit, 100 Tests",98.82,792,70488.0,PMO - US,"Alere Medical Co., Ltd.","HIV 1/2, Determine Complete HIV Kit",89.0,10/16/12,SCMS-162440,FPQ-10765,10-05-12,HRDT,133-NG-T30,09-Jan-13,Air,HIV test,100,0.89,"Orgenics, Ltd",EXW,350
55220,ASN-32122,Generic,South Africa,12-May-15,12-May-15,200mg,Tablet,No,Freight Included in Commodity Cost,Direct Drop,"Nevirapine 200mg, tablets, 60 Tabs",0.26,20,256.48,PMO - US,"Aurobindo Unit III, India",Nevirapine,12.82,05-11-15,SCMS-259075,FPQ-14942,09-11-14,ARV,116-ZA-T30,12-May-15,Truck,Adult,60,0.21,PHARMACY DIRECT,DDP,Weight Captured Separately
10800,DN-1492,Generic,CÃte dIvoire,27-Oct-09,27-Oct-09,10mg/ml,Oral solution,Yes,2298.61,From RDC,"Lamivudine 10mg/ml, oral solution, Bottle, 240 ml",14.48,3535,6716.5,PMO - US,"Aurobindo Unit III, India",Lamivudine,1.9,N/A - From RDC,SO-34070,Pre-PQ Process,Date Not Captured,ARV,104-CI-T01,27-Oct-09,Air,Pediatric,240,0.01,SCMS from RDC,N/A - From RDC,1224
85536,DN-3984,Generic,Zambia,19-Feb-15,20-Feb-15,200mg,Tablet,Yes,3427.33,From RDC,"Nevirapine 200mg, tablets, 60 Tabs",94.89,41768,92307.28,PMO - US,"Strides, Bangalore, India.",Nevirapine,2.21,N/A - From RDC,SO-48681,FPQ-14162,4/24/14,ARV,110-ZM-T30,30-Jan-15,Truck,Adult,60,0.04,SCMS from RDC,N/A - From RDC,2599
5678,ASN-1665,Truvada,South Africa,24-Apr-08,24-Apr-08,300/200mg,Tablet - FDC,No,Freight Included in Commodity Cost,Direct Drop,"Emtricitabine/Tenofovir Disoproxil Fumarate 200/300mg [Truvada], tablets, 30 Tabs",1.16,20,723.4,PMO - US,"Aspen-OSD, Port Elizabeth, SA",Emtricitabine/Tenofovir Disoproxil Fumarate,36.17,2/20/08,SCMS-19800,Pre-PQ Process,Pre-PQ Process,ARV,116-ZA-T01,24-Apr-08,Truck,Adult,30,1.21,S. BUYS WHOLESALER,DDP,Weight Captured Separately
11235,DN-826,Generic,Tanzania,29-Jul-08,29-Jul-08,150/300mg,Tablet - FDC,No,See DN-826 (ID#:10674),From RDC,"Lamivudine/Zidovudine 150/300mg, tablets, 60 Tabs",87.83,5809,54895.05,PMO - US,"Aurobindo Unit III, India",Lamivudine/Zidovudine,9.45,N/A - From RDC,SO-2560,Pre-PQ Process,Pre-PQ Process,ARV,109-TZ-T01,29-Jul-08,Air,Adult,60,0.16,SCMS from RDC,N/A - From RDC,See DN-826 (ID#:10674)
13696,ASN-12145,Bioline,Dominican Republic,27-Sep-11,27-Sep-11,MIssing,Test kit - Ancillary,Yes,844.36,Direct Drop,"HIV 1/2, Bioline 3.0 Diluent, 25 Tests, Bottle x 5 ml",0.67,448,403.2,PMO - US,"Standard Diagnostics, Korea","HIV 1/2, Bioline 3.0 Diluent, 25 Tests",0.9,08-03-11,SCMS-117380,FPQ-7858,6/21/11,HRDT,105-DO-T30,27-Sep-11,Air,HIV test - Ancillary,1,0.9,"Standard Diagnostics, Inc.",EXW,71
11693,DN-1487,Generic,Lebanon,18-Nov-09,18-Nov-09,100mg,Chewable/dispersible tablet,No,See DN-1487 (ID#:11073),From RDC,"Didanosine 100mg, chewable/dispersible tablets, 60 Tabs",0,120,1.2,PMO - US,"Aurobindo Unit III, India",Didanosine,0.01,N/A - From RDC,SO-33900,Pre-PQ Process,Date Not Captured,ARV,100-LB-T01,18-Nov-09,Air,Pediatric,60,0.0,SCMS from RDC,N/A - From RDC,See DN-1487 (ID#:11073)
83156,DN-3296,Generic,Uganda,16-Oct-13,29-Oct-13,300/300mg,Tablet - FDC,Yes,4234.12,From RDC,"Lamivudine/Tenofovir Disoproxil Fumarate 300/300mg, tablets, 30 Tabs",25.6,4403,20694.1,PMO - US,"Aurobindo Unit VII, IN",Lamivudine/Tenofovir Disoproxil Fumarate,4.7,N/A - From RDC,SO-45541,FPQ-12253,05-08-13,ARV,114-UG-T30,12-Sep-13,Truck,Adult,30,0.16,SCMS from RDC,N/A - From RDC,703
35968,ASN-32270,Generic,Vietnam,10-Jul-15,10-Jul-15,600mg,Tablet,Yes,2859.58,Direct Drop,"Efavirenz 600mg, tablets, 30 Tabs",57.67,14000,49000.0,PMO - US,Hetero Unit III Hyderabad IN,Efavirenz,3.5,2/17/15,SCMS-274390,FPQ-15692,1/28/15,ARV,108-VN-T30,10-Jul-15,Air,Adult,30,0.12,HETERO LABS LIMITED,EXW,1400
19335,ASN-13536,Determine,Sudan,20-Feb-12,20-Feb-12,MIssing,Test kit - Ancillary,Yes,1076.15,Direct Drop,"Capillary Tubes, for Determine, EDTA, 50uL,100 Pcs",0.04,3,24.0,PMO - US,"Alere Medical Co., Ltd.","HIV, Capillary Tubes, for Determine, EDTA, 50uL,100 Pcs",8.0,9/14/11,SCMS-121850,FPQ-8264,09-07-11,HRDT,102-SD-T30,20-Feb-12,Air,HIV test - Ancillary,100,0.08,"Orgenics, Ltd",EXW,2
86566,DN-3130,Generic,Nigeria,03-May-13,03-May-13,200/50mg,Tablet,No,See DN-3130 (ID#:84252),From RDC,"Lopinavir/Ritonavir 200/50mg, tablets, 120 Tabs",1347.09,50000,1089000.0,PMO - US,"Aurobindo Unit III, India",Lopinavir/Ritonavir,21.78,N/A - From RDC,SO-43843,FPQ-11022,11/15/12,ARV,151-NG-T30,21-May-13,Air Charter,Adult,120,0.18,SCMS from RDC,N/A - From RDC,See DN-3130 (ID#:84252)
37925,ASN-7468,Generic,South Africa,04-Aug-10,04-Aug-10,600mg,Tablet,Yes,5886.9,Direct Drop,"Efavirenz 600mg, tablets, 30 Tabs",253.63,25190,117637.3,PMO - US,"Aurobindo Unit III, India",Efavirenz,4.67,3/19/10,SCMS-68910,FPQ-5303,3/18/10,ARV,161-ZA-T30,24-Aug-10,Air,Adult,30,0.16,Aurobindo Pharma Limited,DDP,2131
6253,ASN-3490,Uni-Gold,Namibia,13-Mar-09,13-Mar-09,MIssing,Test kit,Yes,6862.01,Direct Drop,"HIV 1/2, Uni-Gold HIV Kit, 20 Tests",43.9,700,22400.0,PMO - US,"Trinity Biotech, Plc","HIV 1/2, Uni-Gold HIV Kit",32.0,1/14/09,SCMS-37070,Pre-PQ Process,Pre-PQ Process,HRDT,139-NA-T01,13-Mar-09,Air,HIV test,20,1.6,"Trinity Biotech, Plc",EXW,236
84607,DN-2059,Generic,Haiti,15-Dec-10,15-Dec-10,50mg,Capsule,No,See DN-2059 (ID#:84053),From RDC,"Efavirenz 50mg, capsule, 30 Caps",8.59,1778,3982.72,PMO - US,"Aurobindo Unit III, India",Efavirenz,2.24,N/A - From RDC,SO-36730,FPQ-5523,4/19/10,ARV,106-HT-T30,26-Nov-10,Air,Pediatric,30,0.07,SCMS from RDC,N/A - From RDC,See DN-2059 (ID#:84053)
85923,DN-2979,Generic,Zimbabwe,24-Jan-13,24-Jan-13,200/50mg,Tablet,Yes,2392,From RDC,"Lopinavir/Ritonavir 200/50mg, tablets, 120 Tabs",48.18,1573,38947.48,PMO - US,"Aurobindo Unit III, India",Lopinavir/Ritonavir,24.76,N/A - From RDC,SO-44010,FPQ-11422,01-04-13,ARV,113-ZW-T30,15-Feb-13,Air,Adult,120,0.21,SCMS from RDC,N/A - From RDC,388
59633,ASN-15503,Determine,Haiti,28-Jun-12,28-Jun-12,MIssing,Test kit,Yes,Freight Included in Commodity Cost,Direct Drop,"HIV 1/2, Determine Complete HIV Kit, 100 Tests",225.63,1250,160937.5,PMO - US,"Alere Medical Co., Ltd.","HIV 1/2, Determine Complete HIV Kit",128.75,06-05-12,SCMS-147600,FPQ-9894,5/22/12,HRDT,106-HT-T30,28-Jun-12,Truck,HIV test,100,1.29,REINBOLD EXPORT IMPORT,DDP,Weight Captured Separately
77464,ASN-26923,Generic,Vietnam,29-Jul-14,06-Aug-14,600/300/300mg,Tablet - FDC,No,See ASN-26923 (ID#:13027),Direct Drop,"Efavirenz/Lamivudine/Tenofovir Disoproxil Fumarate 600/300/300mg, tablets, 30 Tabs",78.23,7248,76104.0,PMO - US,Hetero Unit III Hyderabad IN,Efavirenz/Lamivudine/Tenofovir Disoproxil Fumarate,10.5,03-10-14,SCMS-226220,FPQ-13524,02-06-14,ARV,108-VN-T30,29-Jul-14,Air,Adult,30,0.35,HETERO LABS LIMITED,EXW,See ASN-26923 (ID#:13027)
83272,DN-3872,Generic,Mozambique,27-Oct-14,07-Nov-14,150/300/200mg,Tablet - FDC,No,See DN-3872 (ID#:82726),From RDC,"Lamivudine/Nevirapine/Zidovudine 150/200/300mg, tablets, 60 Tabs",712.74,85490,693323.9,PMO - US,"Cipla, Goa, India",Lamivudine/Nevirapine/Zidovudine,8.11,N/A - From RDC,SO-47460,FPQ-13394,12-09-13,ARV,111-MZ-T30,30-Sep-14,Truck,Adult,60,0.14,SCMS from RDC,N/A - From RDC,See DN-3872 (ID#:82726)
82321,DN-1832,Generic,Mozambique,14-Jun-10,14-Jun-10,150/300/200mg,Tablet - FDC,Yes,25790.82,From RDC,"Lamivudine/Nevirapine/Zidovudine 150/200/300mg, tablets, 60 Tabs",2650.15,109554,1229195.88,PMO - US,"Aurobindo Unit III, India",Lamivudine/Nevirapine/Zidovudine,11.22,N/A - From RDC,SO-35730,FPQ-4711,12/23/09,ARV,111-MZ-T30,30-Jun-10,Truck,Adult,60,0.19,SCMS from RDC,N/A - From RDC,20316
86799,DN-4225,Generic,Zimbabwe,08-Apr-15,14-Apr-15,30/60mg,Chewable/dispersible tablet - FDC,Yes,2592.56,From RDC,"Lamivudine/Zidovudine 30/60mg, dispersible tablets, 60 Tabs",107.87,47733,91647.36,PMO - US,"Cipla, Goa, India",Lamivudine/Zidovudine,1.92,N/A - From RDC,SO-50011,FPQ-15197,10/16/14,ARV,103-ZW-T30,30-Apr-15,Truck,Pediatric,60,0.03,SCMS from RDC,N/A - From RDC,6368
51579,ASN-28279,Uni-Gold,"Congo, DRC",04-Nov-14,20-Nov-14,MIssing,Test kit,No,See ASN-28279 (ID#:13547),Direct Drop,"HIV 1/2, Uni-Gold HIV Kit, 20 Tests",13.92,423,13536.0,PMO - US,"Trinity Biotech, Plc","HIV 1/2, Uni-Gold HIV Kit",32.0,8/27/14,SCMS-253260,FPQ-14654,08-11-14,HRDT,101-CD-T30,04-Nov-14,Air,HIV test,20,1.6,"Trinity Biotech, Plc",EXW,See ASN-28279 (ID#:13547)
22045,ASN-19819,Generic,Haiti,02-Sep-13,02-Sep-13,150/300mg,Tablet - FDC,No,See ASN-19819 (ID#:13739),Direct Drop,"Lamivudine/Zidovudine 150/300mg, tablets, 60 Tabs",122.5,14520,99026.4,PMO - US,"Aurobindo Unit III, India",Lamivudine/Zidovudine,6.82,3/22/13,SCMS-180940,FPQ-11443,02-07-13,ARV,106-HT-T30,02-Sep-13,Ocean,Adult,60,0.11,Aurobindo Pharma Limited,EXW,See ASN-19819 (ID#:13739)
42848,ASN-13025,Generic,Tanzania,19-Jan-12,19-Jan-12,100/25mg,Tablet,Yes,1262.36,Direct Drop,"Lopinavir/Ritonavir 100/25mg [Aluvia], tablets, 60 Tabs",5.15,405,3122.55,PMO - US,ABBVIE Ludwigshafen Germany,Lopinavir/Ritonavir,7.71,09-09-11,SCMS-121380,FPQ-8332,8/30/11,ARV,109-TZ-T30,19-Jan-12,Air,Pediatric,60,0.13,ABBVIE LOGISTICS (FORMERLY ABBOTT LOGISTICS BV),FCA,75
18997,ASN-18805,Generic,Guyana,18-Apr-13,18-Apr-13,100mg,Capsule,Yes,882.81,Direct Drop,"Zidovudine 100mg, capsules, 100 Caps",0.98,172,791.2,PMO - US,"Aurobindo Unit III, India",Zidovudine,4.6,03-06-13,SCMS-180000,FPQ-11562,02-07-13,ARV,105-GY-T30,18-Apr-13,Air,Pediatric,100,0.05,Aurobindo Pharma Limited,EXW,33
82337,DN-1913,Generic,Nigeria,28-Jun-10,28-Jun-10,300mg,Tablet,Yes,Freight Included in Commodity Cost,From RDC,"Zidovudine 300mg, tablets, 60 Tabs",323.4,20000,150000.0,PMO - US,"Aurobindo Unit III, India",Zidovudine,7.5,N/A - From RDC,SO-36500,FPQ-5023,02-10-10,ARV,151-NG-T30,15-Jul-10,Air,Adult,60,0.12,SCMS from RDC,N/A - From RDC,1096
33522,ASN-17853,Determine,CÃte dIvoire,06-Feb-13,06-Feb-13,MIssing,Test kit,Yes,20882.95,Direct Drop,"HIV 1/2, Determine Complete HIV Kit, 100 Tests",269.18,2400,192000.0,PMO - US,"Alere Medical Co., Ltd.","HIV 1/2, Determine Complete HIV Kit",80.0,6/13/12,SCMS-147590,FPQ-9874,05-11-12,HRDT,104-CI-T30,06-Feb-13,Air,HIV test,100,0.8,"Orgenics, Ltd",EXW,1043
85198,DN-2304,Generic,CÃte dIvoire,12-Sep-11,12-Sep-11,150/300/200mg,Tablet - FDC,No,See DN-2304 (ID#:82395),From RDC,"Lamivudine/Nevirapine/Zidovudine 150/200/300mg, tablets, 60 Tabs",428.52,23147,259709.34,PMO - US,"Aurobindo Unit III, India",Lamivudine/Nevirapine/Zidovudine,11.22,N/A - From RDC,SO-40121,FPQ-7659,05-03-11,ARV,104-CI-T30,27-Sep-11,Air,Adult,60,0.19,SCMS from RDC,N/A - From RDC,See DN-2304 (ID#:82395)
23365,ASN-6489,Generic,Rwanda,15-Apr-10,15-Apr-10,250mg,Delayed-release capsules,Yes,23760.45,Direct Drop,"Didanosine 250mg, delayed-release capsules, 30 Caps",16.02,558,8174.7,PMO - US,"Aurobindo Unit III, India",Didanosine,14.65,07-07-09,SCMS-48872,FPQ-3859,6/30/09,ARV,107-RW-T30,15-Apr-10,Air,Adult,30,0.49,Aurobindo Pharma Limited,CIP,1297
37872,ASN-22827,Generic,Vietnam,12-Dec-13,12-Dec-13,150/300/200mg,Tablet - FDC,Yes,2702.63,Direct Drop,"Lamivudine/Nevirapine/Zidovudine 150/200/300mg, tablets, 60 Tabs",107.83,10762,87172.2,PMO - US,"Cipla, Goa, India",Lamivudine/Nevirapine/Zidovudine,8.1,7/25/13,SCMS-199740,FPQ-12539,07-11-13,ARV,108-VN-T30,12-Dec-13,Air,Adult,60,0.13,CIPLA LIMITED,EXW,1485
37087,ASN-32524,Generic,South Africa,02-Jun-15,02-Jun-15,300mg,Tablet,No,Freight Included in Commodity Cost,Direct Drop,"Tenofovir Disoproxil Fumarate 300mg, tablets, 30 Tabs",0.34,24,331.6,PMO - US,Mylan (formerly Matrix) Nashik,Tenofovir Disoproxil Fumarate,13.82,06-02-15,SCMS-259076,FPQ-14942,09-11-14,ARV,116-ZA-T30,02-Jun-15,Truck,Adult,30,0.46,PHARMACY DIRECT,DDP,Weight Captured Separately
12840,DN-907,Crixivan,Ethiopia,16-Sep-08,16-Sep-08,400mg,Capsule,No,See DN-907 (ID#:12839),From RDC,"Indinavir 400mg [Crixivan], capsules, 180 Caps",4,50,2500.0,PMO - US,"MSD, Haarlem, NL",Indinavir,50.0,N/A - From RDC,SO-14230,Pre-PQ Process,Pre-PQ Process,ARV,117-ET-T01,16-Sep-08,Truck,Adult,180,0.28,SCMS from RDC,N/A - From RDC,See DN-907 (ID#:12839)
57538,ASN-10575,Generic,South Africa,03-Jun-11,03-Jun-11,50mg,Capsule,Yes,7321.43,Direct Drop,"Efavirenz 50mg, capsule, 30 Caps",283.41,55000,131450.0,PMO - US,"Aurobindo Unit III, India",Efavirenz,2.39,9/24/10,SCMS-83810,FPQ-6262,8/31/10,ARV,161-ZA-T30,03-Jun-11,Ocean,Pediatric,30,0.08,Aurobindo Pharma Limited,DDP,3099
10628,DN-376,Determine,CÃte dIvoire,02-Oct-07,02-Oct-07,MIssing,Test kit,Yes,2172,From RDC,"HIV 1/2, Determine Complete HIV Kit, 100 Tests",132.48,1150,82800.0,PMO - US,Inverness Japan,"HIV 1/2, Determine Complete HIV Kit",72.0,N/A - From RDC,SO-845,Pre-PQ Process,Pre-PQ Process,HRDT,104-CI-T01,02-Oct-07,Air,HIV test,100,0.72,SCMS from RDC,N/A - From RDC,476
12295,DN-1290,Truvada,Nigeria,16-Jun-09,16-Jun-09,300/200mg,Tablet - FDC,Yes,7329.83,From RDC,"Emtricitabine/Tenofovir Disoproxil Fumarate 200/300mg [Truvada], tablets, 30 Tabs",1248.64,24269,637061.25,PMO - US,"Aspen-OSD, Port Elizabeth, SA",Emtricitabine/Tenofovir Disoproxil Fumarate,26.25,N/A - From RDC,SO-30022,Pre-PQ Process,Pre-PQ Process,ARV,151-NG-T01,16-Jun-09,Air Charter,Adult,30,0.88,SCMS from RDC,N/A - From RDC,2094
84647,DN-2205,Generic,Zimbabwe,15-Jun-11,15-Jun-11,150/200/30mg,Tablet - FDC,No,See DN-2205 (ID#:82950),From RDC,"Lamivudine/Nevirapine/Stavudine 150/200/30mg, tablets, 60 Tabs",802.75,69207,372333.66,PMO - US,"Cipla, Goa, India",Lamivudine/Nevirapine/Stavudine,5.38,N/A - From RDC,SO-39510,FPQ-6470,10/13/10,ARV,113-ZW-T30,31-May-11,Truck,Adult,60,0.09,SCMS from RDC,N/A - From RDC,See DN-2205 (ID#:82950)
86311,DN-1876,Generic,CÃte dIvoire,05-Jul-10,05-Jul-10,600/300mg,Tablet - FDC,Yes,5121.68,From RDC,"Abacavir/Lamivudine 600/300mg, scored tablets, 30 Tabs",59.51,1200,27600.0,PMO - US,Mylan (formerly Matrix) Nashik,Abacavir/Lamivudine,23.0,N/A - From RDC,SO-35570,FPQ-4659,12-08-09,ARV,104-CI-T30,09-Jul-10,Air,Adult,30,0.77,SCMS from RDC,N/A - From RDC,108
44031,ASN-28037,Generic,South Africa,29-Aug-14,29-Aug-14,250mg,Delayed-release capsules,No,Freight Included in Commodity Cost,Direct Drop,"Didanosine 250mg, delayed-release capsules, 30 Caps",0.17,8,134.55,PMO - US,"Aurobindo Unit III, India",Didanosine,16.82,8/29/14,SCMS-199289,FPQ-12522,07-11-13,ARV,116-ZA-T30,29-Aug-14,Truck,Adult,30,0.56,S. BUYS WHOLESALER,DDP,Weight Captured Separately
81540,ASN-27955,Bioline,CÃte dIvoire,04-Sep-14,10-Sep-14,MIssing,Test kit,Yes,1857.39,Direct Drop,"HIV 1/2, Bioline 3.0 Kit, Lancets, Capillary pipets, Alcohol swabs included, 25 Tests",7.38,350,7175.0,PMO - US,"Standard Diagnostics, Korea","HIV 1/2, Bioline 3.0 Kit, Lancets, Capillary pipets, Alcohol swabs included",20.5,2/26/14,SCMS-228020,FPQ-13602,1/22/14,HRDT,104-CI-T30,04-Sep-14,Air,HIV test,25,0.82,"Standard Diagnostics, Inc.",EXW,111
66073,ASN-12743,Ziagen,South Africa,09-Jan-12,09-Jan-12,20mg/ml,Oral solution,Yes,3755.91,Direct Drop,"Abacavir 20mg/ml [Ziagen], oral solution, Bottle, 240 ml",34.36,2244,20824.32,PMO - US,GSK Mississauga (Canada),Abacavir,9.28,3/30/11,SCMS-104220,FPQ-7400,03-11-11,ARV,161-ZA-T30,09-Jan-12,Ocean,Pediatric,240,0.04,GLAXOSMITHKLINE EXPORT LIMITED,DDP,870
54780,ASN-4995,OraQuick,Haiti,07-Oct-09,07-Oct-09,MIssing,Test kit,Yes,9334.68,Direct Drop,"HIV 1/2, OraQuick Advance HIV Rapid Antibody Kit, 100 Tests",137.2,200,70000.0,PMO - US,"Pacific Biotech, Thailand","HIV 1/2, OraQuick Advance HIV Rapid Antibody Kit",350.0,09-01-09,SCMS-51230,FPQ-4034,7/29/09,HRDT,106-HT-T30,07-Oct-09,Air,HIV test,100,3.5,Orasure Technologies Inc.,EXW,480
84285,DN-3299,Generic,Zambia,23-Sep-13,23-Sep-13,200mg,Tablet,Yes,1026.49,From RDC,"Efavirenz 200mg, scored tablets, 90 Tabs",90.3,10000,73000.0,PMO - US,"Strides, Bangalore, India.",Efavirenz,7.3,N/A - From RDC,SO-44460,FPQ-11553,1/28/13,ARV,110-ZM-T30,16-Sep-13,Truck,Pediatric,90,0.08,SCMS from RDC,N/A - From RDC,684
4921,ASN-3562,Generic,Vietnam,10-Apr-09,10-Apr-09,200mg,Tablet,No,See ASN-3562 (ID#:960),Direct Drop,"Nevirapine 200mg, tablets, 60 Tabs",29.56,5200,15080.0,PMO - US,"Aurobindo Unit III, India",Nevirapine,2.9,1/16/09,SCMS-37170,Pre-PQ Process,Pre-PQ Process,ARV,108-VN-T01,10-Apr-09,Air,Adult,60,0.05,Aurobindo Pharma Limited,EXW,See ASN-3562 (ID#:960)
23727,ASN-33865,Generic,South Africa,24-Aug-15,24-Aug-15,250mg,Delayed-release capsules,Yes,Freight Included in Commodity Cost,Direct Drop,"Didanosine 250mg, delayed-release capsules, 30 Caps",0.07,6,71.03,PMO - US,"Aurobindo Unit III, India",Didanosine,11.84,8/24/15,SCMS-295800,FPQ-14942,09-11-14,ARV,116-ZA-T30,24-Aug-15,Truck,Adult,30,0.39,PHARMACY DIRECT,DDP,Weight Captured Separately
68462,ASN-6130,Norvir,Rwanda,03-Mar-10,03-Mar-10,100mg,Capsule,Yes,2204.08,Direct Drop,"Ritonavir 100mg [Norvir], capsules, cool, 4 x 84 Caps",9.92,120,4603.2,PMO - US,ABBVIE (Abbott) Logis. UK,Ritonavir,38.36,1/20/10,SCMS-63640,FPQ-4850,01-06-10,ARV,107-RW-T30,03-Mar-10,Air,Adult,336,0.11,ABBVIE LOGISTICS (FORMERLY ABBOTT LOGISTICS BV),FCA,298
12254,DN-853,Generic,Tanzania,29-Aug-08,29-Aug-08,150/200/30mg,Tablet - FDC,No,See DN-853 (ID#:11940),From RDC,"Lamivudine/Nevirapine/Stavudine 150/200/30mg, tablets, 60 Tabs",714.33,60332,446456.8,PMO - US,"Cipla, Goa, India",Lamivudine/Nevirapine/Stavudine,7.4,N/A - From RDC,SO-2565,Pre-PQ Process,Pre-PQ Process,ARV,109-TZ-T01,29-Aug-08,Air,Adult,60,0.12,SCMS from RDC,N/A - From RDC,See DN-853 (ID#:11940)
82911,DN-1985,Generic,Dominican Republic,28-Aug-10,28-Aug-10,300/300mg,Tablet - FDC,Yes,17450.76,From RDC,"Lamivudine/Tenofovir Disoproxil Fumarate 300/300mg, tablets, 30 Tabs",124.57,6000,57780.0,PMO - US,Mylan (formerly Matrix) Nashik,Lamivudine/Tenofovir Disoproxil Fumarate,9.63,N/A - From RDC,SO-37200,FPQ-6079,7/16/10,ARV,100-DO-T30,30-Aug-10,Air,Adult,30,0.32,SCMS from RDC,N/A - From RDC,1726
9640,ASN-1613,Uni-Gold,Guyana,06-May-08,06-May-08,MIssing,Test kit,Yes,3740.04,Direct Drop,"HIV 1/2, Uni-Gold HIV Kit, 20 Tests",38.3,748,23936.0,PMO - US,"Trinity Biotech, Plc","HIV 1/2, Uni-Gold HIV Kit",32.0,3/13/08,SCMS-18800,Pre-PQ Process,Pre-PQ Process,HRDT,102-GY-T01,06-May-08,Air,HIV test,20,1.6,"Trinity Biotech, Plc",EXW,748
83216,DN-3576,Generic,Ghana,14-Mar-14,25-Apr-14,150/300mg,Tablet - FDC,Yes,3975.7,From RDC,"Lamivudine/Zidovudine 150/300mg, tablets, 60 Tabs",159.12,23000,154790.0,PMO - US,Mylan (formerly Matrix) Nashik,Lamivudine/Zidovudine,6.73,N/A - From RDC,SO-47940,FPQ-13609,2/19/14,ARV,105-GH-T30,20-Mar-14,Truck,Adult,60,0.11,SCMS from RDC,N/A - From RDC,8701
84174,DN-2690,Generic,Nigeria,03-Jun-12,03-Jun-12,200mg,Tablet,No,See DN-2690 (ID#:83041),From RDC,"Nevirapine 200mg, tablets, 60 Tabs",342.09,100000,244000.0,PMO - US,"Strides, Bangalore, India.",Nevirapine,2.44,N/A - From RDC,SO-41256,FPQ-8952,12-08-11,ARV,151-NG-T30,04-Jul-12,Air Charter,Adult,60,0.04,SCMS from RDC,N/A - From RDC,See DN-2690 (ID#:83041)
85894,DN-2818,Generic,Nigeria,13-Aug-12,13-Aug-12,200mg,Tablet,Yes,18461.22,From RDC,"Nevirapine 200mg, tablets, 60 Tabs",182.95,53922,130491.24,PMO - US,"Strides, Bangalore, India.",Nevirapine,2.42,N/A - From RDC,SO-42936,FPQ-9432,03-01-12,ARV,151-NG-T30,31-Aug-12,Air,Adult,60,0.04,SCMS from RDC,N/A - From RDC,9697
82374,DN-2153,Generic,CÃte dIvoire,10-Jun-11,10-Jun-11,300mg,Tablet,Yes,60010.73,From RDC,"Tenofovir Disoproxil Fumarate 300mg, tablets, 30 Tabs",9.31,859,5643.63,PMO - US,"Aurobindo Unit III, India",Tenofovir Disoproxil Fumarate,6.57,N/A - From RDC,SO-38540,FPQ-6891,12/21/10,ARV,104-CI-T30,20-Apr-11,Air,Adult,30,0.22,SCMS from RDC,N/A - From RDC,12232
83389,DN-1590,Stocrin/Sustiva,Haiti,17-Dec-09,17-Dec-09,30mg/ml,Oral solution,No,See DN-1590 (ID#:83388),From RDC,"Efavirenz 30mg/ml [Stocrin/Sustiva], oral solution, Bottle, 180 ml",4.5,123,2086.08,PMO - US,"MSD, Haarlem, NL",Efavirenz,16.96,N/A - From RDC,SO-34720,FPQ-4384,10/23/09,ARV,106-HT-T30,25-Dec-09,Air Charter,Pediatric,180,0.09,SCMS from RDC,N/A - From RDC,See DN-1590 (ID#:83388)
11187,DN-387,Generic,Zambia,29-Oct-07,29-Oct-07,150/300mg,Tablet - FDC,Yes,17549.81,From RDC,"Lamivudine/Zidovudine 150/300mg, tablets, 60 Tabs",696.52,40761,435327.48,PMO - US,"Aurobindo Unit III, India",Lamivudine/Zidovudine,10.68,N/A - From RDC,SO-317,Pre-PQ Process,Pre-PQ Process,ARV,110-ZM-T01,29-Oct-07,MIssing,Adult,60,0.18,SCMS from RDC,N/A - From RDC,4221
14023,ASN-5373,Generic,South Africa,19-Oct-09,19-Oct-09,200mg,Capsule,Yes,Freight Included in Commodity Cost,Direct Drop,"Efavirenz 200mg, capsule, 90 Caps",6.46,100,3297.8,PMO - US,"Aurobindo Unit III, India",Efavirenz,32.98,10/15/09,SCMS-54980,FPQ-4359,10-08-09,ARV,116-ZA-T30,19-Oct-09,Truck,Pediatric,90,0.37,S. BUYS WHOLESALER,DDP,Weight Captured Separately
67509,ASN-20160,Generic,Tanzania,24-Aug-13,24-Aug-13,150/300/200mg,Tablet - FDC,Yes,17997.84,Direct Drop,"Lamivudine/Nevirapine/Zidovudine 150/200/300mg, tablets, 60 Tabs",322.63,32002,260816.3,PMO - US,"Aurobindo Unit III, India",Lamivudine/Nevirapine/Zidovudine,8.15,06-11-13,SCMS-193850,FPQ-12286,5/16/13,ARV,109-TZ-T30,24-Aug-13,Air,Adult,60,0.14,Aurobindo Pharma Limited,EXW,4059
36172,ASN-7373,Generic,South Africa,31-May-10,31-May-10,200mg,Capsule,No,Freight Included in Commodity Cost,Direct Drop,"Efavirenz 200mg, capsule, 90 Caps",5.75,80,2666.08,PMO - US,"Aurobindo Unit III, India",Efavirenz,33.33,4/21/10,SCMS-71370,FPQ-5535,4/19/10,ARV,116-ZA-T30,31-May-10,Truck,Pediatric,90,0.37,S. BUYS WHOLESALER,DDP,Weight Captured Separately
82621,DN-3427,Generic,Mozambique,15-Jan-14,31-Jan-14,600/300/300mg,Tablet - FDC,Yes,5419.21,From RDC,"Efavirenz/Lamivudine/Tenofovir Disoproxil Fumarate 600/300/300mg, tablets, 30 Tabs",618.46,44840,499966.0,PMO - US,Mylan (formerly Matrix) Nashik,Efavirenz/Lamivudine/Tenofovir Disoproxil Fumarate,11.15,N/A - From RDC,SO-44867,FPQ-11884,3/19/13,ARV,111-MZ-T30,15-Jan-14,Truck,Adult,30,0.37,SCMS from RDC,N/A - From RDC,5065
86443,DN-2500,Generic,"Congo, DRC",14-Feb-12,14-Feb-12,300mg,Tablet,No,See DN-2500 (ID#:82436),From RDC,"Abacavir 300mg, tablets, 60 Tabs",3.02,147,2150.61,PMO - US,Mylan (formerly Matrix) Nashik,Abacavir,14.63,N/A - From RDC,SO-41138,FPQ-8840,11/21/11,ARV,101-CD-T30,10-Feb-12,Air,Adult,60,0.24,SCMS from RDC,N/A - From RDC,See DN-2500 (ID#:82436)
48655,ASN-27978,Generic,South Africa,27-Aug-14,27-Aug-14,50mg,Capsule,No,Freight Included in Commodity Cost,Direct Drop,"Efavirenz 50mg, capsule, 30 Caps",0.08,20,66.33,PMO - US,"Aurobindo Unit III, India",Efavirenz,3.32,8/27/14,SCMS-199283,FPQ-12522,07-11-13,ARV,116-ZA-T30,27-Aug-14,Truck,Pediatric,30,0.11,S. BUYS WHOLESALER,DDP,Weight Captured Separately
86241,DN-1456,Generic,Nigeria,20-Oct-09,20-Oct-09,600mg,Tablet,No,See DN-1456 (ID#:83952),From RDC,"Efavirenz 600mg, tablets, 30 Tabs",26.82,2200,13684.0,PMO - US,"Aurobindo Unit III, India",Efavirenz,6.22,N/A - From RDC,SO-32980,FPQ-4040,7/29/09,ARV,112-NG-T30,15-Oct-09,Air Charter,Adult,30,0.21,SCMS from RDC,N/A - From RDC,See DN-1456 (ID#:83952)
62046,ASN-23970,Kaletra,CÃte dIvoire,07-Feb-14,10-Feb-14,80/20mg/ml,Oral solution,Yes,5385.37,Direct Drop,"Lopinavir/Ritonavir 80/20mg/ml [Kaletra], oral solution, cool, Bottle 5 x 60 ml",20.59,540,16642.8,PMO - US,ABBVIE (Abbott) Logis. UK,Lopinavir/Ritonavir,30.82,9/17/13,SCMS-207150,FPQ-12806,08-09-13,ARV,104-CI-T30,07-Feb-14,Air,Pediatric,300,0.1,ABBVIE LOGISTICS (FORMERLY ABBOTT LOGISTICS BV),FCA,519
10891,DN-380,Determine,Zambia,17-Oct-07,17-Oct-07,MIssing,Test kit,No,See DN-380 (ID#:10622),From RDC,"HIV 1/2, Determine HIV Kit, without Lancets, 100 Tests",100.44,872,62775.28,PMO - US,Inverness Japan,"HIV 1/2, Determine HIV Kit, without Lancets",71.99,N/A - From RDC,SO-535,Pre-PQ Process,Pre-PQ Process,HRDT,110-ZM-T01,17-Oct-07,MIssing,HIV test,100,0.72,SCMS from RDC,N/A - From RDC,See DN-380 (ID#:10622)
82865,DN-1678,Generic,Uganda,15-Mar-10,15-Mar-10,150/30mg,Tablet - FDC,Yes,484.56,From RDC,"Lamivudine/Stavudine 150/30mg, tablets, 60 Tabs",0.88,120,408.0,PMO - US,"Strides, Bangalore, India.",Lamivudine/Stavudine,3.4,N/A - From RDC,SO-35880,FPQ-5014,1/29/10,ARV,114-UG-T30,01-Apr-10,Air,Adult,60,0.06,SCMS from RDC,N/A - From RDC,6
11450,DN-340,Kaletra,Zambia,14-Sep-07,14-Sep-07,80/20mg/ml,Oral solution,Yes,2839.2,From RDC,"Lopinavir/Ritonavir 80/20mg/ml [Kaletra], oral solution, cool, Bottle 5 x 60 ml",43.73,665,27331.5,PMO - US,ABBVIE (Abbott) Logis. UK,Lopinavir/Ritonavir,41.1,N/A - From RDC,SO-627,Pre-PQ Process,Pre-PQ Process,ARV,110-ZM-T01,14-Sep-07,MIssing,Pediatric,300,0.14,SCMS from RDC,N/A - From RDC,603
85972,DN-3185,Generic,Tanzania,23-May-13,23-May-13,10mg/ml,Oral suspension,Yes,7185.6,From RDC,"Nevirapine 10mg/ml, oral suspension w/syringe, Bottle, 240 ml",68.28,24977,48705.15,PMO - US,"Aurobindo Unit III, India",Nevirapine,1.95,N/A - From RDC,SO-43140,FPQ-10551,8/31/12,ARV,109-TZ-T30,28-Jun-13,Truck,Pediatric,240,0.01,SCMS from RDC,N/A - From RDC,9174
11067,DN-1414,Generic,Uganda,14-Sep-09,14-Sep-09,300mg,Tablet,Yes,1112.31,From RDC,"Zidovudine 300mg, tablets, 60 Tabs",2.83,192,1445.76,PMO - US,"Aurobindo Unit III, India",Zidovudine,7.53,N/A - From RDC,SO-32960,Pre-PQ Process,Date Not Captured,ARV,114-UG-T01,14-Sep-09,Air,Adult,60,0.13,SCMS from RDC,N/A - From RDC,11
12513,DN-741,Uni-Gold,Pakistan,20-May-08,20-May-08,MIssing,Test kit,Yes,400.75,From RDC,"HIV 1/2, Uni-Gold HIV Kit, 20 Tests",0.51,10,320.0,PMO - US,"Trinity Biotech, Plc","HIV 1/2, Uni-Gold HIV Kit",32.0,N/A - From RDC,SO-2497,Pre-PQ Process,Pre-PQ Process,HRDT,100-PK-T01,20-May-08,Air,HIV test,20,1.6,SCMS from RDC,N/A - From RDC,3
48184,ASN-29891,Generic,Rwanda,15-Jan-15,24-Feb-15,100/25mg,Tablet,Yes,1923.14,Direct Drop,"Lopinavir/Ritonavir 100/25mg, tablets, 60 Tabs",13.16,1592,12799.68,PMO - US,"Aurobindo Unit III, India",Lopinavir/Ritonavir,8.04,12/15/14,SCMS-261760,FPQ-14813,10-09-14,ARV,107-RW-T30,15-Jan-15,Air,Pediatric,60,0.13,Aurobindo Pharma Limited,EXW,167
39353,ASN-9172,Generic,South Africa,09-Feb-11,09-Feb-11,300mg,Tablet,Yes,13688.03,Direct Drop,"Tenofovir Disoproxil Fumarate 300mg, tablets, 30 Tabs",1758.17,116000,815480.0,PMO - US,"Cipla, Goa, India",Tenofovir Disoproxil Fumarate,7.03,9/28/10,SCMS-84220,FPQ-6262,8/31/10,ARV,161-ZA-T30,09-Feb-11,Ocean,Adult,30,0.23,CIPLA LIMITED,DDP,7965
82410,DN-2379,Generic,Swaziland,11-Oct-11,11-Oct-11,300/300mg,Tablet - FDC,Yes,7168.8,From RDC,"Lamivudine/Tenofovir Disoproxil Fumarate 300/300mg, tablets, 30 Tabs",407.38,30000,246900.0,PMO - US,Mylan (formerly Matrix) Nashik,Lamivudine/Tenofovir Disoproxil Fumarate,8.23,N/A - From RDC,SO-40680,FPQ-8417,9/14/11,ARV,900-SZ-T30,06-Oct-11,Air,Adult,30,0.27,SCMS from RDC,N/A - From RDC,2641
26440,ASN-8998,Determine,Zambia,17-Dec-10,17-Dec-10,MIssing,Test kit,Yes,21737.72,Direct Drop,"HIV 1/2, Determine Complete HIV Kit, 100 Tests",470.87,2730,218400.0,PMO - US,Inverness Japan,"HIV 1/2, Determine Complete HIV Kit",80.0,10-07-10,SCMS-87290,FPQ-6263,09-08-10,HRDT,110-ZM-T30,17-Dec-10,Air,HIV test,100,0.8,"Orgenics, Ltd",EXW,1318
83842,DN-3861,Generic,Zambia,23-Sep-14,06-Oct-14,200/50mg,Tablet,Yes,87.87,From RDC,"Lopinavir/Ritonavir 200/50mg, tablets, 120 Tabs",6.32,312,6149.52,PMO - US,Mylan (formerly Matrix) Nashik,Lopinavir/Ritonavir,19.71,N/A - From RDC,SO-48410,FPQ-13221,10/31/13,ARV,110-ZM-T30,31-Jul-14,Truck,Adult,120,0.16,SCMS from RDC,N/A - From RDC,80
83322,DN-4181,Generic,Rwanda,27-Mar-15,07-Apr-15,20mg/ml,Oral solution,Yes,Invoiced Separately,From RDC,"Abacavir 20mg/ml, oral solution, Bottle, 240 ml",3.53,503,3435.49,PMO - US,"Aurobindo Unit III, India",Abacavir,6.83,N/A - From RDC,SO-48813,FPQ-14111,4/22/14,ARV,107-RW-T30,30-Apr-15,Truck,Pediatric,240,0.03,SCMS from RDC,N/A - From RDC,Weight Captured Separately
82988,DN-2418,Generic,CÃte dIvoire,19-Nov-11,19-Nov-11,100mg,Capsule,Yes,3296.34,From RDC,"Zidovudine 100mg, capsules, 100 Caps",17.72,2256,10738.56,PMO - US,"Aurobindo Unit III, India",Zidovudine,4.76,N/A - From RDC,SO-40810,FPQ-8295,8/25/11,ARV,104-CI-T30,30-Nov-11,Truck,Pediatric,100,0.05,SCMS from RDC,N/A - From RDC,172
83124,DN-3069,Generic,Uganda,25-Apr-13,25-Apr-13,200mg,Tablet,Yes,8699.8,From RDC,"Nevirapine 200mg, tablets, 60 Tabs",24.7,8834,19964.84,PMO - US,"Aurobindo Unit III, India",Nevirapine,2.26,N/A - From RDC,SO-43941,FPQ-11143,12/13/12,ARV,114-UG-T30,25-Apr-13,Air,Adult,60,0.04,SCMS from RDC,N/A - From RDC,1600
59776,ASN-13032,Determine,Zambia,16-Dec-11,16-Dec-11,MIssing,Test kit,Yes,25037.09,Direct Drop,"HIV 1/2, Determine Complete HIV Kit, 100 Tests",378.84,2870,229600.0,PMO - US,"Alere Medical Co., Ltd.","HIV 1/2, Determine Complete HIV Kit",80.0,9/22/11,SCMS-120570,FPQ-8315,8/31/11,HRDT,110-ZM-T30,20-Dec-11,Air,HIV test,100,0.8,"Orgenics, Ltd",EXW,1368
82350,DN-2011,Generic,CÃte dIvoire,25-Sep-10,25-Sep-10,300mg,Tablet,Yes,8953.2,From RDC,"Tenofovir Disoproxil Fumarate 300mg, tablets, 30 Tabs",34.63,2200,16060.0,PMO - US,Mylan (formerly Matrix) Nashik,Tenofovir Disoproxil Fumarate,7.3,N/A - From RDC,SO-36880,FPQ-5623,05-07-10,ARV,104-CI-T30,30-Sep-10,Air,Adult,30,0.24,SCMS from RDC,N/A - From RDC,6587
83638,DN-2933,Generic,Haiti,16-Nov-12,16-Nov-12,600mg,Tablet,Yes,18028.41,From RDC,"Efavirenz 600mg, tablets, 30 Tabs",88.5,19656,71547.84,PMO - US,"Aurobindo Unit III, India",Efavirenz,3.64,N/A - From RDC,SO-43610,FPQ-10883,10/30/12,ARV,106-HT-T30,03-Dec-12,Air,Adult,30,0.12,SCMS from RDC,N/A - From RDC,1679
82412,DN-2386,Generic,Tanzania,29-Nov-11,29-Nov-11,600/200/300mg,Tablet - FDC,Yes,2367.4,From RDC,"Efavirenz/Emtricitabine/Tenofovir Disoproxil Fumarate 600/200/300mg, tablets, 30 Tabs",136.83,4163,82926.96,PMO - US,Mylan (formerly Matrix) Nashik,Efavirenz/Emtricitabine/Tenofovir Disoproxil Fumarate,19.92,N/A - From RDC,SO-39753,FPQ-7675,5/18/11,ARV,109-TZ-T30,29-Nov-11,Air,Adult,30,0.66,SCMS from RDC,N/A - From RDC,483
12067,DN-191,Generic,Nigeria,26-Jun-07,26-Jun-07,150/200/40mg,Tablet - FDC,Yes,1339.8,From RDC,"Lamivudine/Nevirapine/Stavudine 150/200/40mg, tablets, 60 Tabs",11.12,903,6953.1,PMO - US,"Cipla, Goa, India",Lamivudine/Nevirapine/Stavudine,7.7,N/A - From RDC,SO-636,Pre-PQ Process,Pre-PQ Process,ARV,112-NG-T01,26-Jun-07,MIssing,Adult,60,0.13,SCMS from RDC,N/A - From RDC,57
11194,DN-423,Trizivir,CÃte dIvoire,13-Nov-07,13-Nov-07,300/150/300mg,Tablet - FDC,Yes,10137.04,From RDC,"Abacavir/Lamivudine/Zidovudine 300/150/300mg [Trizivir], tablets, 60 Tabs",234.96,3300,146850.0,PMO - US,GSK Ware (UK),Abacavir/Lamivudine/Zidovudine,44.5,N/A - From RDC,SO-1245,Pre-PQ Process,Pre-PQ Process,ARV,104-CI-T01,13-Nov-07,Air,Adult,60,0.74,SCMS from RDC,N/A - From RDC,2143
83049,DN-2709,Generic,Nigeria,03-Jun-12,03-Jun-12,150/300/200mg,Tablet - FDC,Yes,17090,From RDC,"Lamivudine/Nevirapine/Zidovudine 150/200/300mg, tablets, 60 Tabs",1677.15,116254,1196253.66,PMO - US,Mylan (formerly Matrix) Nashik,Lamivudine/Nevirapine/Zidovudine,10.29,N/A - From RDC,SO-42335,FPQ-9432,03-01-12,ARV,151-NG-T30,02-Aug-12,Air Charter,Adult,60,0.17,SCMS from RDC,N/A - From RDC,14964
87,ASN-409,Videx,Tanzania,06-Jun-07,06-Jun-07,2g,Powder for oral solution,Yes,912.96,Direct Drop,"Didanosine 2g [Videx], powder for oral solution 10mg/ml, reconstitute to 200 ml",MIssing,712,8964.08,PMO - US,"BMS Meymac, France",Didanosine,12.59,04-12-07,SCMS-555,Pre-PQ Process,Pre-PQ Process,ARV,109-TZ-T01,06-Jun-07,Air,Pediatric,200,0.06,BRISTOL-MYERS SQUIBB,CIP,162
85765,DN-2231,Generic,Guyana,15-Jun-11,15-Jun-11,20mg/ml,Oral solution,No,See DN-2231 (ID#:82385),From RDC,"Abacavir 20mg/ml, oral solution w/syringe, Bottle, 240 ml",4.02,178,2438.6,PMO - US,"Aurobindo Unit III, India",Abacavir,13.7,N/A - From RDC,SO-39720,FPQ-7621,05-04-11,ARV,105-GY-T30,27-Oct-11,Air,Pediatric,240,0.06,SCMS from RDC,N/A - From RDC,See DN-2231 (ID#:82385)
10089,ASN-2941,OraQuick,Botswana,12-Nov-08,12-Nov-08,MIssing,Test kit,Yes,Freight Included in Commodity Cost,Direct Drop,"HIV 1/2, OraQuick Advance HIV Rapid Antibody Kit, 100 Tests",6.86,5,3500.0,PMO - US,"Pacific Biotech, Thailand","HIV 1/2, OraQuick Advance HIV Rapid Antibody Kit",700.0,10/21/08,SCMS-32490,Pre-PQ Process,Pre-PQ Process,HRDT,102-BW-T01,12-Nov-08,Truck,HIV test,100,7.0,AHN (PTY) LTD (AKA UCB (S.A.),DDP,Weight Captured Separately
44204,ASN-24547,Epivir,South Africa,17-Feb-14,17-Feb-14,150mg,Tablet,No,Freight Included in Commodity Cost,Direct Drop,"Lamivudine 150mg [Epivir], tablets, 60 Tabs",27.14,2500,21941.29,PMO - US,GSK Cape Town Factory (South Africa),Lamivudine,8.78,9/19/13,SCMS-206100,FPQ-12932,09-07-13,ARV,101-ZA-T30,17-Feb-14,Truck,Adult,60,0.15,PHARMACY DIRECT,DDP,Weight Captured Separately
85373,DN-3210,Generic,Zambia,05-Nov-13,12-Nov-13,150/300mg,Tablet - FDC,Yes,12651.44,From RDC,"Lamivudine/Zidovudine 150/300mg, tablets, 60 Tabs",1058.26,107832,754824.0,PMO - US,"Cipla, Goa, India",Lamivudine/Zidovudine,7.0,N/A - From RDC,SO-43461,FPQ-10728,10-05-12,ARV,110-ZM-T30,05-Nov-13,Truck,Adult,60,0.12,SCMS from RDC,N/A - From RDC,8744
82510,DN-2856,Generic,Rwanda,30-Oct-12,30-Oct-12,300mg,Tablet,Yes,5825.17,From RDC,"Abacavir 300mg, tablets, 60 Tabs",343.28,18620,244853.0,PMO - US,Mylan (formerly Matrix) Nashik,Abacavir,13.15,N/A - From RDC,SO-42130,FPQ-9888,05-11-12,ARV,107-RW-T30,30-Oct-12,Air,Adult,60,0.22,SCMS from RDC,N/A - From RDC,1928
84010,DN-1870,Generic,Rwanda,07-Jul-10,07-Jul-10,150/300/200mg,Tablet - FDC,Yes,8929.51,From RDC,"Lamivudine/Nevirapine/Zidovudine 150/200/300mg, tablets, 60 Tabs",141.97,5869,65850.18,PMO - US,Mylan (formerly Matrix) Nashik,Lamivudine/Nevirapine/Zidovudine,11.22,N/A - From RDC,SO-36580,FPQ-5394,3/25/10,ARV,107-RW-T30,15-Jul-10,Air,Adult,60,0.19,SCMS from RDC,N/A - From RDC,758
83793,DN-3701,Generic,Zambia,06-Jun-14,19-Jun-14,300/300mg,Tablet - FDC,Yes,29971.59,From RDC,"Lamivudine/Tenofovir Disoproxil Fumarate 300/300mg, tablets, 30 Tabs",793.21,166295,771608.8,PMO - US,Hetero Unit III Hyderabad IN,Lamivudine/Tenofovir Disoproxil Fumarate,4.64,N/A - From RDC,SO-47203,FPQ-13221,10/31/13,ARV,110-ZM-T30,30-May-14,Truck,Adult,30,0.15,SCMS from RDC,N/A - From RDC,17177
71532,ASN-26614,Generic,"Congo, DRC",29-Aug-14,23-Sep-14,50mg,Chewable/dispersible tablet,Yes,1678.57,Direct Drop,"Nevirapine 50mg, dispersible tablets (tablets for oral suspension), 30 Tabs",0.32,240,312.0,PMO - US,"Aurobindo Unit III, India",Nevirapine,1.3,5/27/14,SCMS-241110,FPQ-13555,3/19/14,ARV,101-CD-T30,29-Aug-14,Air,Pediatric,30,0.04,Aurobindo Pharma Limited,EXW,30
27777,ASN-15705,Colloidal Gold,Ethiopia,31-Jul-12,31-Jul-12,MIssing,Test kit,Yes,8859.91,Direct Drop,"HIV 1/2, SKB Colloidal Gold, Diagnostic Kit, Antibody, 50 Tests",46.78,1362,33369.0,PMO - US,"KHB Test Kit Facility, Shanghai China","HIV 1/2, Colloidal Gold, Diagnostic Kit, Antibody",24.5,1/23/12,SCMS-133600,FPQ-9098,01-10-12,HRDT,117-ET-T30,31-Jul-12,Air,HIV test,1,24.5,"SHANGHAI KEHUA BIOENGINEERING CO.,LTD.  (KHB)",EXW,950
12690,DN-357,Generic,Zimbabwe,18-Sep-07,18-Sep-07,150/300mg,Tablet - FDC,Yes,1106,From RDC,"Lamivudine/Zidovudine 150/300mg, tablets, 60 Tabs",23.71,1560,14820.0,PMO - US,"Aurobindo Unit III, India",Lamivudine/Zidovudine,9.5,N/A - From RDC,SO-898,Pre-PQ Process,Pre-PQ Process,ARV,100-ZW-T01,18-Sep-07,Truck,Adult,60,0.16,SCMS from RDC,N/A - From RDC,90
84589,DN-1998,Generic,Uganda,23-Aug-10,23-Aug-10,600mg,Tablet,Yes,16285.97,From RDC,"Efavirenz 600mg, tablets, 30 Tabs",690.7,71991,320359.95,PMO - US,"Strides, Bangalore, India.",Efavirenz,4.45,N/A - From RDC,SO-37260,FPQ-6202,08-06-10,ARV,102-UG-T30,30-Sep-10,Air,Adult,30,0.15,SCMS from RDC,N/A - From RDC,7187
11683,DN-1427,Generic,CÃte dIvoire,25-Sep-09,25-Sep-09,150mg,Tablet,Yes,5678.7,From RDC,"Lamivudine 150mg, tablets, 60 Tabs",21.04,4400,10736.0,PMO - US,"Aurobindo Unit III, India",Lamivudine,2.44,N/A - From RDC,SO-33230,Pre-PQ Process,Date Not Captured,ARV,104-CI-T01,25-Sep-09,Air,Adult,60,0.04,SCMS from RDC,N/A - From RDC,640
62253,ASN-28350,Uni-Gold,Uganda,14-Oct-14,15-Oct-14,MIssing,Test kit,Yes,3603.93,Direct Drop,"HIV 1/2, Uni-Gold HIV Kit, 20 Tests",62.6,1903,60896.0,PMO - US,"Trinity Biotech, Plc","HIV 1/2, Uni-Gold HIV Kit",32.0,09-04-14,SCMS-253230,FPQ-14628,7/23/14,HRDT,200-UG-T30,14-Oct-14,Air,HIV test,20,1.6,"Trinity Biotech, Plc",EXW,566
73287,ASN-30792,Prezista,South Africa,19-Feb-15,19-Feb-15,300mg,Tablet,No,Freight Included in Commodity Cost,Direct Drop,"Darunavir 300mg [Prezista], tablets, 120 Tabs",0.21,3,209.13,PMO - US,"Janssen-Cilag, Latina, IT",Darunavir,69.71,05-08-14,SCMS-238550,FPQ-13973,4/30/14,ARV,116-ZA-T30,19-Feb-15,Truck,Adult,120,0.58,PHARMACY DIRECT,DDP,Weight Captured Separately
86516,DN-2865,Generic,Zambia,05-Oct-12,05-Oct-12,600/200/300mg,Tablet - FDC,No,See DN-2865 (ID#:82514),From RDC,"Efavirenz/Emtricitabine/Tenofovir Disoproxil Fumarate 600/200/300mg, tablets, 30 Tabs",1209.65,60000,862800.0,PMO - US,Mylan (formerly Matrix) Nashik,Efavirenz/Emtricitabine/Tenofovir Disoproxil Fumarate,14.38,N/A - From RDC,SO-41992,FPQ-9773,4/27/12,ARV,110-ZM-T30,10-Oct-12,Truck,Adult,30,0.48,SCMS from RDC,N/A - From RDC,See DN-2865 (ID#:82514)
86718,DN-3864,Generic,Mozambique,27-Oct-14,07-Nov-14,150/300/200mg,Tablet - FDC,No,See DN-3864 (ID#:85518),From RDC,"Lamivudine/Nevirapine/Zidovudine 150/200/300mg, tablets, 60 Tabs",953.13,114324,927167.64,PMO - US,"Cipla, Goa, India",Lamivudine/Nevirapine/Zidovudine,8.11,N/A - From RDC,SO-47053,FPQ-13124,10/21/13,ARV,111-MZ-T30,29-Aug-14,Truck,Adult,60,0.14,SCMS from RDC,N/A - From RDC,See DN-3864 (ID#:85518)
12373,DN-268,Generic,CÃte dIvoire,14-Aug-07,14-Aug-07,600mg,Tablet,No,See DN-268 (ID#:12074),From RDC,"Efavirenz 600mg, tablets, 30 Tabs",139.03,5344,86893.44,PMO - US,"Aurobindo Unit III, India",Efavirenz,16.26,N/A - From RDC,SO-524,Pre-PQ Process,Pre-PQ Process,ARV,104-CI-T01,14-Aug-07,MIssing,Adult,30,0.54,SCMS from RDC,N/A - From RDC,See DN-268 (ID#:12074)
39045,ASN-9176,Generic,South Africa,01-Feb-11,01-Feb-11,200mg,Capsule,Yes,2347.77,Direct Drop,"Efavirenz 200mg, capsule, 90 Caps",414.65,19271,192324.58,PMO - US,"Aurobindo Unit III, India",Efavirenz,9.98,9/24/10,SCMS-83790,FPQ-6262,8/31/10,ARV,161-ZA-T30,01-Feb-11,Ocean,Pediatric,90,0.11,Aurobindo Pharma Limited,DDP,2555
64377,ASN-30940,Generic,Vietnam,31-Mar-15,31-Mar-15,200mg,Tablet,No,See ASN-30940 (ID#:51233),Direct Drop,"Nevirapine 200mg, tablets, 60 Tabs",19.58,7700,16632.0,PMO - US,Hetero Unit III Hyderabad IN,Nevirapine,2.16,10/30/14,SCMS-261460,FPQ-15087,10/24/14,ARV,108-VN-T30,31-Mar-15,Air,Adult,60,0.04,HETERO LABS LIMITED,EXW,See ASN-30940 (ID#:51233)
84293,DN-3349,Generic,Dominican Republic,16-Oct-13,29-Oct-13,200mg,Tablet,No,See DN-3349 (ID#:83720),From RDC,"Nevirapine 200mg, tablets, 60 Tabs",0.81,288,650.88,PMO - US,Hetero Unit III Hyderabad IN,Nevirapine,2.26,N/A - From RDC,SO-46130,FPQ-11920,3/18/13,ARV,103-DO-T30,29-Oct-13,Air,Adult,60,0.04,SCMS from RDC,N/A - From RDC,See DN-3349 (ID#:83720)
50752,ASN-30241,Determine,Mali,18-Feb-15,25-Feb-15,MIssing,Test kit,Yes,2572.91,Direct Drop,"HIV 1/2, Determine Complete HIV Kit, 100 Tests",12.34,150,12000.0,PMO - US,"Alere Medical Co., Ltd.","HIV 1/2, Determine Complete HIV Kit",80.0,11/19/14,SCMS-260740,FPQ-15006,10-07-14,HRDT,103-ML-T30,18-Feb-15,Air,HIV test,100,0.8,"Orgenics, Ltd",EXW,66
73906,ASN-27340,Generic,Ghana,11-Sep-14,11-Sep-14,200/300mg,Tablet - FDC,Yes,6956.18,Direct Drop,"Emtricitabine/Tenofovir Disoproxil Fumarate 200/300mg, tablets, 30 Tabs",48.69,8458,47364.8,PMO - US,Mylan (formerly Matrix) Nashik,Emtricitabine/Tenofovir Disoproxil Fumarate,5.6,4/15/14,SCMS-234090,FPQ-13809,03-07-14,ARV,105-GH-T30,11-Sep-14,Air,Adult,30,0.19,MYLAN LABORATORIES LTD (FORMERLY MATRIX LABORATORIES),EXW,758
82466,DN-2606,Generic,CÃte dIvoire,06-Apr-12,06-Apr-12,300mg,Tablet,Yes,3848.91,From RDC,"Zidovudine 300mg, tablets, 60 Tabs",136.41,13860,97297.2,PMO - US,"Aurobindo Unit III, India",Zidovudine,7.02,N/A - From RDC,SO-41152,FPQ-8787,11-11-11,ARV,104-CI-T30,16-Apr-12,Air,Adult,60,0.12,SCMS from RDC,N/A - From RDC,662
3193,ASN-2293,Zerit,South Africa,08-May-08,08-May-08,30mg,Capsule,No,Freight Included in Commodity Cost,Direct Drop,"Stavudine 30mg [Zerit], capsules, 60 Caps",11.17,1350,6979.5,PMO - US,"BMS Meymac, France",Stavudine,5.17,Date Not Captured,SCMS-23500,Pre-PQ Process,Pre-PQ Process,ARV,116-ZA-T01,20-Aug-08,Truck,Adult,60,0.09,S. BUYS WHOLESALER,DDP,Weight Captured Separately
2298,ASN-3562,Generic,Vietnam,10-Apr-09,10-Apr-09,150/300/200mg,Tablet - FDC,No,See ASN-3562 (ID#:960),Direct Drop,"Lamivudine/Nevirapine/Zidovudine 150/200/300mg, tablets, 60 Tabs",15.3,700,7805.0,PMO - US,"Aurobindo Unit III, India",Lamivudine/Nevirapine/Zidovudine,11.15,1/16/09,SCMS-37170,Pre-PQ Process,Pre-PQ Process,ARV,108-VN-T01,10-Apr-09,Air,Adult,60,0.19,Aurobindo Pharma Limited,EXW,See ASN-3562 (ID#:960)
86147,DN-4017,Generic,CÃte dIvoire,02-Dec-14,08-Dec-14,600mg,Tablet,No,See DN-4017 (ID#:84997),From RDC,"Efavirenz 600mg, tablets, 30 Tabs",84.33,25555,82031.55,PMO - US,"Micro labs, Verna, Goa, India",Efavirenz,3.21,N/A - From RDC,SO-49051,FPQ-14370,5/23/14,ARV,104-CI-T30,28-Nov-14,Truck,Adult,30,0.11,SCMS from RDC,N/A - From RDC,See DN-4017 (ID#:84997)
56932,ASN-22043,Hexagon,Cameroon,10-Oct-13,21-Oct-13,MIssing,Test kit,Yes,1003.18,Direct Drop,"HIV 1/2, HEXAGON Rapid HIV Kit, 100 Tests",4.14,30,3347.4,PMO - US,Human Diagnostic,"HIV 1/2, HEXAGON Rapid HIV Kit",111.58,09-04-13,SCMS-203110,FPQ-12711,08-09-13,HRDT,103-CM-T30,10-Oct-13,Air,HIV test,100,1.12,HUMAN GMBH,EXW,46
67069,ASN-5048,Norvir,South Africa,12-Aug-09,12-Aug-09,100mg,Capsule,Yes,Freight Included in Commodity Cost,Direct Drop,"Ritonavir 100mg [Norvir], capsules, cool, 84 Caps",6.56,329,3345.72,PMO - US,ABBVIE (Abbott) Logis. UK,Ritonavir,10.17,7/21/09,SCMS-49660,FPQ-3560,05-07-09,ARV,116-ZA-T30,12-Aug-09,Truck,Adult,84,0.12,S. BUYS WHOLESALER,DDP,Weight Captured Separately
58918,ASN-5056,Epivir,South Africa,24-Aug-09,24-Aug-09,150mg,Tablet,No,Freight Included in Commodity Cost,Direct Drop,"Lamivudine 150mg [Epivir], tablets, 60 Tabs",38.62,3000,19702.5,PMO - US,GSK Cape Town Factory (South Africa),Lamivudine,6.57,08-07-09,SCMS-51250,FPQ-4054,7/29/09,ARV,116-ZA-T30,24-Aug-09,Truck,Adult,60,0.11,S. BUYS WHOLESALER,DDP,Weight Captured Separately
36447,ASN-11801,Generic,South Africa,14-Oct-11,14-Oct-11,300mg,Tablet,Yes,9726.53,Direct Drop,"Tenofovir Disoproxil Fumarate 300mg, tablets, 30 Tabs",155.32,14155,94130.75,PMO - US,"Aurobindo Unit III, India",Tenofovir Disoproxil Fumarate,6.65,12/14/10,SCMS-93570,FPQ-6708,11/26/10,ARV,161-ZA-T30,05-Oct-11,Ocean,Adult,30,0.22,Aurobindo Pharma Limited,DDP,1321
82424,DN-2459,Generic,CÃte dIvoire,06-Feb-12,06-Feb-12,200mg,Chewable/dispersible tablet,Yes,12102.81,From RDC,"Didanosine 200mg, chewable/dispersible tablets, 60 Tabs",93.18,3765,56475.0,PMO - US,"Aurobindo Unit III, India",Didanosine,15.0,N/A - From RDC,SO-40791,FPQ-8295,8/25/11,ARV,104-CI-T30,06-Feb-12,Truck,Pediatric,60,0.25,SCMS from RDC,N/A - From RDC,303
1693,ASN-1754,Generic,Vietnam,01-Jun-08,01-Jun-08,600mg,Tablet,Yes,3796.05,Direct Drop,"Efavirenz 600mg, tablets, 30 Tabs",123.43,6720,77145.6,PMO - US,Mylan (formerly Matrix) Nashik,Efavirenz,11.48,3/31/08,SCMS-20340,Pre-PQ Process,Pre-PQ Process,ARV,108-VN-T01,01-Jun-08,Air,Adult,30,0.38,MYLAN LABORATORIES LTD (FORMERLY MATRIX LABORATORIES),EXW,522
63047,ASN-28021,Generic,South Africa,28-Aug-14,28-Aug-14,300mg,Tablet,No,Freight Included in Commodity Cost,Direct Drop,"Zidovudine 300mg, tablets, 60 Tabs",0.28,11,274.5,PMO - US,"Aurobindo Unit III, India",Zidovudine,24.95,8/28/14,SCMS-238553,FPQ-13973,4/30/14,ARV,116-ZA-T30,28-Aug-14,Truck,Adult,60,0.42,PHARMACY DIRECT,DDP,Weight Captured Separately
83973,DN-1616,Generic,Ethiopia,15-Jan-10,15-Jan-10,150/300mg,Tablet - FDC,Yes,5187.5,From RDC,"Lamivudine/Zidovudine 150/300mg, tablets, 60 Tabs",302.54,16019,140326.44,PMO - US,"Aurobindo Unit III, India",Lamivudine/Zidovudine,8.76,N/A - From RDC,SO-35470,FPQ-4828,12/28/09,ARV,117-ET-T30,28-Feb-10,Air,Adult,60,0.15,SCMS from RDC,N/A - From RDC,1454
22728,ASN-6060,Generic,Vietnam,10-Mar-10,10-Mar-10,600mg,Tablet,Yes,11448.01,Direct Drop,"Efavirenz 600mg, tablets, 30 Tabs",393.82,30912,200928.0,PMO - US,Mylan (formerly Matrix) Nashik,Efavirenz,6.5,11-03-09,SCMS-56320,FPQ-4265,10/20/09,ARV,108-VN-T30,10-Mar-10,Air,Adult,30,0.22,MYLAN LABORATORIES LTD (FORMERLY MATRIX LABORATORIES),EXW,2405
11532,DN-732,Generic,Pakistan,19-May-08,19-May-08,MIssing,Test kit - Ancillary,No,See DN-732 (ID#:10675),From RDC,"HIV, Lancet, Safety, for HIV Test kits, 100 Pcs",0,20,0.2,PMO - US,Inverness Japan,"HIV, Lancet, Safety, for HIV Test kits, 100 Pcs",0.01,N/A - From RDC,SO-2496,Pre-PQ Process,Pre-PQ Process,HRDT,100-PK-T01,19-May-08,Air,HIV test - Ancillary,100,0.0,SCMS from RDC,N/A - From RDC,See DN-732 (ID#:10675)
12886,DN-1244,Generic,Nigeria,16-Jun-09,16-Jun-09,10mg/ml,Oral solution,No,See DN-1244 (ID#:11048),From RDC,"Lamivudine 10mg/ml, oral solution, Bottle, 240 ml",3,806,1531.4,PMO - US,"Aurobindo Unit III, India",Lamivudine,1.9,N/A - From RDC,SO-21050,Pre-PQ Process,Pre-PQ Process,ARV,112-NG-T01,16-Jun-09,Air Charter,Pediatric,240,0.01,SCMS from RDC,N/A - From RDC,See DN-1244 (ID#:11048)
82654,DN-3561,Generic,"Congo, DRC",19-May-14,26-Jun-14,300mg,Tablet,Yes,16083.32,From RDC,"Abacavir 300mg, tablets, 60 Tabs",5.71,489,5555.04,PMO - US,"Aurobindo Unit III, India",Abacavir,11.36,N/A - From RDC,SO-47630,FPQ-13554,1/15/14,ARV,101-CD-T30,30-May-14,Air,Adult,60,0.19,SCMS from RDC,N/A - From RDC,2045
53738,ASN-5933,Retrovir,South Africa,29-Dec-09,29-Dec-09,10mg/ml,Oral solution,No,Freight Included in Commodity Cost,Direct Drop,"Zidovudine 10mg/ml [Retrovir], oral solution, Bottle, 200 ml",1.87,120,866.06,PMO - US,GSK Mississauga (Canada),Zidovudine,7.22,12/23/09,SCMS-60170,FPQ-4770,12/17/09,ARV,116-ZA-T30,29-Dec-09,Truck,Pediatric,200,0.04,S. BUYS WHOLESALER,DDP,Weight Captured Separately
37076,ASN-33650,Generic,Zambia,18-Aug-15,21-Aug-15,600mg,Tablet,Yes,Invoiced Separately,Direct Drop,"Efavirenz 600mg, tablets, 30 Tabs",215.56,56352,183144.0,PMO - US,"Hetero, Jadcherla, unit 5, IN",Efavirenz,3.25,7/28/15,SCMS-294910,FPQ-16528,6/30/15,ARV,110-ZM-T30,18-Aug-15,Air,Adult,30,0.11,HETERO LABS LIMITED,EXW,Weight Captured Separately
47676,ASN-11438,Generic,South Africa,14-Sep-11,14-Sep-11,150/300mg,Tablet - FDC,Yes,Freight Included in Commodity Cost,Direct Drop,"Lamivudine/Zidovudine 150/300mg, tablets, 60 Tabs",2.28,164,1380.88,PMO - US,"Aurobindo Unit III, India",Lamivudine/Zidovudine,8.42,04-01-11,SCMS-104390,FPQ-7176,03-10-11,ARV,116-ZA-T30,14-Sep-11,Ocean,Adult,60,0.14,Aurobindo Pharma Limited,DDP,Weight Captured Separately
3421,ASN-2589,Atripla,Nigeria,10-Oct-08,10-Oct-08,600/200/300mg,Tablet - FDC,Yes,1727.2,Direct Drop,"Efavirenz/Emtricitabine/Tenofovir Disoproxil Fumarate 600/200/300mg [Atripla], tablets, 30 Tabs",475.78,5900,297360.0,PMO - US,"MSD, Haarlem, NL",Efavirenz/Emtricitabine/Tenofovir Disoproxil Fumarate,50.4,9/17/08,SCMS-26482,Pre-PQ Process,Pre-PQ Process,ARV,131-NG-T01,10-Oct-08,Air,Adult,30,1.68,MERCK SHARP & DOHME IDEA GMBH (FORMALLY MERCK SHARP & DOHME B.V.),CIP,493
2927,ASN-1028,Uni-Gold,Rwanda,10-Jan-08,10-Jan-08,MIssing,Test kit,Yes,38425.29,Direct Drop,"HIV 1/2, Uni-Gold HIV Kit, 20 Tests",230.4,4500,144000.0,PMO - US,"Trinity Biotech, Plc","HIV 1/2, Uni-Gold HIV Kit",32.0,11/16/07,SCMS-14140,Pre-PQ Process,Pre-PQ Process,HRDT,107-RW-T01,10-Jan-08,Air,HIV test,20,1.6,"Trinity Biotech, Plc",EXW,2300
63044,ASN-6252,Generic,Vietnam,22-Mar-10,22-Mar-10,300mg,Tablet,No,See ASN-6252 (ID#:36969),Direct Drop,"Tenofovir Disoproxil Fumarate 300mg, tablets, 30 Tabs",71.62,4872,36540.0,PMO - US,Mylan (formerly Matrix) Nashik,Tenofovir Disoproxil Fumarate,7.5,11-03-09,SCMS-56310,FPQ-4265,10/20/09,ARV,108-VN-T30,22-Mar-10,Air,Adult,30,0.25,MYLAN LABORATORIES LTD (FORMERLY MATRIX LABORATORIES),EXW,See ASN-6252 (ID#:36969)
9002,ASN-3712,Kaletra,Haiti,20-Apr-09,20-Apr-09,80/20mg/ml,Oral solution,Yes,2704.58,Direct Drop,"Lopinavir/Ritonavir 80/20mg/ml [Kaletra], oral solution, cool, Bottle 5 x 60 ml",4.03,50,2055.0,PMO - US,ABBVIE (Abbott) Logis. UK,Lopinavir/Ritonavir,41.1,03-06-09,SCMS-40060,Pre-PQ Process,Pre-PQ Process,ARV,106-HT-T01,20-Apr-09,Air,Pediatric,300,0.14,ABBVIE LOGISTICS (FORMERLY ABBOTT LOGISTICS BV),FCA,99
85725,DN-2064,Generic,CÃte dIvoire,09-Dec-10,09-Dec-10,10mg/ml,Oral suspension,No,See DN-2064 (ID#:83469),From RDC,"Nevirapine 10mg/ml, oral suspension w/syringe, Bottle, 240 ml",17.66,4200,8190.0,PMO - US,"Aurobindo Unit III, India",Nevirapine,1.95,N/A - From RDC,SO-37740,FPQ-5925,6/23/10,ARV,104-CI-T30,30-Nov-10,Air,Pediatric,240,0.01,SCMS from RDC,N/A - From RDC,See DN-2064 (ID#:83469)
82921,DN-2032,Generic,Zambia,08-Nov-10,08-Nov-10,150mg,Tablet,Yes,16868.38,From RDC,"Lamivudine 150mg, tablets, 60 Tabs",165.37,32920,76703.6,PMO - US,Hetero Unit III Hyderabad IN,Lamivudine,2.33,N/A - From RDC,SO-36842,FPQ-5702,5/20/10,ARV,110-ZM-T30,04-Nov-10,Truck,Adult,60,0.04,SCMS from RDC,N/A - From RDC,18057
11951,DN-1112,Generic,CÃte dIvoire,05-Mar-09,05-Mar-09,1mg/ml,Oral solution,Yes,1286,From RDC,"Stavudine 1mg/ml, powder for oral solution, 200 ml",2.2,800,1120.0,PMO - US,"Aurobindo Unit III, India",Stavudine,1.4,N/A - From RDC,SO-16223,Pre-PQ Process,Pre-PQ Process,ARV,104-CI-T01,05-Mar-09,Air,Pediatric,200,0.01,SCMS from RDC,N/A - From RDC,77
73089,ASN-17103,Stat-Pak,Guyana,21-Nov-12,21-Nov-12,MIssing,Test kit,Yes,297,Direct Drop,"HIV 1/2, Stat-Pak HIV, Kit, 20 Tests",0.24,6,174.0,PMO - US,Chembio Diagnostics Sys. Inc.,"HIV 1/2, Stat-Pak HIV, Kit",29.0,7/26/12,SCMS-153870,FPQ-10249,07-05-12,HRDT,105-GY-T30,21-Nov-12,Air,HIV test,20,1.45,"CHEMBIO DIAGNOSTIC SYSTEMS, INC.",EXW,2
3457,ASN-3192,Determine,Namibia,22-Jan-09,22-Jan-09,MIssing,Test kit,Yes,2946.64,Direct Drop,"HIV 1/2, Determine Complete HIV Kit, 100 Tests",21.17,150,10800.0,PMO - US,Inverness Japan,"HIV 1/2, Determine Complete HIV Kit",72.0,10/14/08,SCMS-31810,Pre-PQ Process,Pre-PQ Process,HRDT,119-NA-T01,22-Jan-09,Air,HIV test,100,0.72,"Orgenics, Ltd",EXW,46
11801,DN-390,Bioline,Tanzania,04-Dec-07,04-Dec-07,MIssing,Test kit,Yes,13606.4,From RDC,"HIV 1/2, Bioline 3.0 Kit, Lancets, Capillary pipets, Alcohol swabs included, 25 Tests",294.4,9200,184000.0,PMO - US,"Standard Diagnostics, Korea","HIV 1/2, Bioline 3.0 Kit, Lancets, Capillary pipets, Alcohol swabs included",20.0,N/A - From RDC,SO-750,Pre-PQ Process,Pre-PQ Process,HRDT,109-TZ-T01,04-Dec-07,Air,HIV test,25,0.8,SCMS from RDC,N/A - From RDC,3327
84520,DN-1575,Generic,Haiti,05-Dec-09,05-Dec-09,300mg,Tablet,Yes,750.9,From RDC,"Abacavir 300mg, tablets, 60 Tabs",14.55,315,6747.3,PMO - US,"Aurobindo Unit III, India",Abacavir,21.42,N/A - From RDC,SO-34880,FPQ-4384,10/23/09,ARV,106-HT-T30,09-Dec-09,Air,Adult,60,0.36,SCMS from RDC,N/A - From RDC,1045
37753,ASN-18761,Generic,Vietnam,05-Jun-13,05-Jun-13,200mg,Tablet,Yes,11346.48,Direct Drop,"Nevirapine 200mg, tablets, 60 Tabs",62.88,23003,50836.63,PMO - US,Hetero Unit III Hyderabad IN,Nevirapine,2.21,1/22/13,SCMS-174410,FPQ-11417,01-10-13,ARV,108-VN-T30,05-Jun-13,Air,Adult,60,0.04,HETERO LABS LIMITED,EXW,1483
82589,DN-3227,Generic,Cameroon,31-Jul-13,31-Jul-13,150/300mg,Tablet - FDC,Yes,123945,From RDC,"Lamivudine/Zidovudine 150/300mg, tablets, 60 Tabs",54.08,6246,43722.0,PMO - US,"Aurobindo Unit III, India",Lamivudine/Zidovudine,7.0,N/A - From RDC,SO-45820,FPQ-12520,6/21/13,ARV,901-CM-T30,22-Jul-13,Air Charter,Adult,60,0.12,SCMS from RDC,N/A - From RDC,18808
13766,ASN-29376,Generic,Vietnam,17-Dec-14,17-Dec-14,300mg,Tablet,Yes,Invoiced Separately,Direct Drop,"Tenofovir Disoproxil Fumarate 300mg, tablets, 30 Tabs",14.6,4000,14200.0,PMO - US,Hetero Unit III Hyderabad IN,Tenofovir Disoproxil Fumarate,3.55,08-11-14,SCMS-249050,FPQ-14516,07-09-14,ARV,108-VN-T30,17-Dec-14,Air,Adult,30,0.12,HETERO LABS LIMITED,EXW,Weight Captured Separately
20723,ASN-30377,Generic,South Africa,26-Jan-15,26-Jan-15,400mg,Delayed-release capsules,No,Freight Included in Commodity Cost,Direct Drop,"Didanosine 400mg, delayed-release capsules, 30 Caps",0.1,7,99.53,PMO - US,"Aurobindo Unit III, India",Didanosine,14.22,1/26/15,SCMS-259072,FPQ-14942,09-11-14,ARV,116-ZA-T30,26-Jan-15,Truck,Adult,30,0.47,PHARMACY DIRECT,DDP,Weight Captured Separately
39933,ASN-31646,Generic,Vietnam,01-Jun-15,01-Jun-15,150/300mg,Tablet - FDC,Yes,2984,Direct Drop,"Lamivudine/Zidovudine 150/300mg, tablets, 60 Tabs",112.08,16800,109032.0,PMO - US,Mylan (formerly Matrix) Nashik,Lamivudine/Zidovudine,6.49,12-08-14,SCMS-263630,FPQ-15040,10/30/14,ARV,108-VN-T30,01-Jun-15,Air,Adult,60,0.11,MYLAN LABORATORIES LTD (FORMERLY MATRIX LABORATORIES),EXW,1456
11899,DN-690,Generic,Haiti,14-Apr-08,14-Apr-08,10mg/ml,Oral solution,No,See DN-690 (ID#:10706),From RDC,"Lamivudine 10mg/ml, oral solution, Bottle, 240 ml",6.73,2135,4205.95,PMO - US,"Aurobindo Unit III, India",Lamivudine,1.97,N/A - From RDC,SO-2055,Pre-PQ Process,Pre-PQ Process,ARV,106-HT-T01,14-Apr-08,Air,Pediatric,240,0.01,SCMS from RDC,N/A - From RDC,See DN-690 (ID#:10706)
85085,DN-1636,Generic,Uganda,29-Jan-10,29-Jan-10,200mg,Tablet,No,See DN-1636 (ID#:83975),From RDC,"Nevirapine 200mg, tablets, 60 Tabs",1.18,200,546.0,PMO - US,"Aurobindo Unit III, India",Nevirapine,2.73,N/A - From RDC,SO-34850,FPQ-4497,10/28/09,ARV,114-UG-T30,11-Feb-10,Truck,Adult,60,0.05,SCMS from RDC,N/A - From RDC,See DN-1636 (ID#:83975)
12622,DN-18,Generic,Mozambique,29-Mar-07,29-Mar-07,10mg/ml,Oral solution,Yes,2123.04,From RDC,"Lamivudine 10mg/ml, oral solution, Bottle, 240 ml",MIssing,7707,18805.08,PMO - US,"Cipla, Goa, India",Lamivudine,2.44,N/A - From RDC,SO-325,Pre-PQ Process,Pre-PQ Process,ARV,111-MZ-T01,29-Mar-07,Air,Pediatric,240,0.01,SCMS from RDC,N/A - From RDC,Weight Captured Separately
11973,DN-1176,Crixivan,Mozambique,20-May-09,20-May-09,400mg,Capsule,Yes,1943.05,From RDC,"Indinavir 400mg [Crixivan], capsules, 180 Caps",60.37,616,30800.0,PMO - US,"MSD, Haarlem, NL",Indinavir,50.0,N/A - From RDC,SO-17530,Pre-PQ Process,Pre-PQ Process,ARV,111-MZ-T01,20-May-09,Air,Adult,180,0.28,SCMS from RDC,N/A - From RDC,227
82389,DN-2282,Generic,Zimbabwe,11-Aug-11,11-Aug-11,150/200/30mg,Tablet - FDC,Yes,16064.09,From RDC,"Lamivudine/Nevirapine/Stavudine 150/200/30mg, tablets, 60 Tabs",599.94,51722,278264.36,PMO - US,"Cipla, Goa, India",Lamivudine/Nevirapine/Stavudine,5.38,N/A - From RDC,SO-37841,FPQ-6470,10/13/10,ARV,113-ZW-T30,15-Aug-11,Truck,Adult,60,0.09,SCMS from RDC,N/A - From RDC,9134
2995,ASN-1520,Truvada,South Africa,04-Jan-08,04-Jan-08,300/200mg,Tablet - FDC,No,Freight Included in Commodity Cost,Direct Drop,"Emtricitabine/Tenofovir Disoproxil Fumarate 200/300mg [Truvada], tablets, 30 Tabs",2.03,30,1271.1,PMO - US,"Aspen-OSD, Port Elizabeth, SA",Emtricitabine/Tenofovir Disoproxil Fumarate,42.37,01-04-08,SCMS-16600,Pre-PQ Process,Pre-PQ Process,ARV,116-ZA-T01,21-Jan-08,MIssing,Adult,30,1.41,"JSI R&T INSTITUTE, INC.",DDP,Weight Captured Separately
12009,DN-1422,Generic,CÃte dIvoire,16-Sep-09,16-Sep-09,10mg/ml,Oral suspension,No,See DN-1422 (ID#:11682),From RDC,"Nevirapine 10mg/ml, oral suspension, Bottle, 240 ml",22.58,6000,11520.0,PMO - US,"Aurobindo Unit III, India",Nevirapine,1.92,N/A - From RDC,SO-33220,Pre-PQ Process,Date Not Captured,ARV,104-CI-T01,16-Sep-09,Air,Pediatric,240,0.01,SCMS from RDC,N/A - From RDC,See DN-1422 (ID#:11682)
35123,ASN-22173,Determine,Nigeria,08-Nov-13,17-Nov-13,MIssing,Test kit,Yes,20602.3,Direct Drop,"HIV 1/2, Determine Complete HIV Kit, 100 Tests",337.32,3064,272696.0,PMO - US,"Alere Medical Co., Ltd.","HIV 1/2, Determine Complete HIV Kit",89.0,07-10-13,SCMS-196561,FPQ-12456,06-10-13,HRDT,133-NG-T30,07-Nov-13,Air,HIV test,100,0.89,"Orgenics, Ltd",EXW,1244
31569,ASN-12188,Generic,South Africa,18-Nov-11,18-Nov-11,300mg,Tablet,Yes,Freight Included in Commodity Cost,Direct Drop,"Tenofovir Disoproxil Fumarate 300mg, tablets, 30 Tabs",81.24,7610,49236.7,PMO - US,"Cipla, Goa, India",Tenofovir Disoproxil Fumarate,6.47,3/28/11,SCMS-104020,FPQ-7175,03-10-11,ARV,161-ZA-T30,14-Jul-11,Ocean,Adult,30,0.22,CIPLA LIMITED,DDP,Weight Captured Separately
84178,DN-2722,Generic,Uganda,29-Jun-12,29-Jun-12,200mg,Tablet,Yes,1095.22,From RDC,"Nevirapine 200mg, tablets, 60 Tabs",11.48,3262,8187.62,PMO - US,"Strides, Bangalore, India.",Nevirapine,2.51,N/A - From RDC,SO-41592,FPQ-9355,2/20/12,ARV,114-UG-T30,05-Sep-12,Truck,Adult,60,0.04,SCMS from RDC,N/A - From RDC,190
22275,ASN-8443,Generic,South Africa,17-Nov-10,17-Nov-10,200mg,Tablet,Yes,7526.14,Direct Drop,"Nevirapine 200mg, tablets, 60 Tabs",607.99,100000,282000.0,PMO - US,"Strides, Bangalore, India.",Nevirapine,2.82,6/17/10,SCMS-75940,FPQ-5648,06-02-10,ARV,161-ZA-T30,17-Nov-10,Ocean,Adult,60,0.05,STRIDES ARCOLAB LIMITED,DDP,6297
14437,ASN-33333,Kaletra,South Africa,14-Jul-15,14-Jul-15,80/20mg/ml,Oral solution,Yes,Freight Included in Commodity Cost,Direct Drop,"Lopinavir/Ritonavir 80/20mg/ml [Kaletra], oral solution, cool, Bottle 5 x 60 ml",0.05,3,51.42,PMO - US,ABBVIE (Abbott) Logis. UK,Lopinavir/Ritonavir,17.14,7/14/15,SCMS-259085,FPQ-14942,09-11-14,ARV,116-ZA-T30,14-Jul-15,Truck,Pediatric,300,0.06,PHARMACY DIRECT,DDP,Weight Captured Separately
12641,DN-56,Generic,Zambia,26-Mar-07,26-Mar-07,150mg,Tablet,Yes,1170.16,From RDC,"Lamivudine 150mg, tablets, 60 Tabs",MIssing,3334,11035.54,PMO - US,"Ranbaxy, Paonta Shahib, India",Lamivudine,3.31,N/A - From RDC,SO-374,Pre-PQ Process,Pre-PQ Process,ARV,110-ZM-T01,26-Mar-07,MIssing,Adult,60,0.06,SCMS from RDC,N/A - From RDC,179
5717,ASN-1667,Viramune,South Africa,07-Apr-08,07-Apr-08,200mg,Tablet,No,Freight Included in Commodity Cost,Direct Drop,"Nevirapine 200mg [Viramune], tablets, 60 Tabs",3.25,100,2030.0,PMO - US,"BI, Ingelheim, Germany",Nevirapine,20.3,04-04-08,SCMS-21460,Pre-PQ Process,Pre-PQ Process,ARV,116-ZA-T01,25-Apr-08,MIssing,Adult,60,0.34,S. BUYS WHOLESALER,DDP,Weight Captured Separately
3895,ASN-4819,Videx EC,South Africa,21-Jul-09,21-Jul-09,250mg,Delayed-release capsules - blister,No,Freight Included in Commodity Cost,Direct Drop,"Didanosine EC 250mg [Videx EC], delayed-release capsules, Blister 3 x 10 Caps",1.33,40,678.8,PMO - US,"BMS Meymac, France",Didanosine EC,16.97,06-05-09,SCMS-47050,Pre-PQ Process,Pre-PQ Process,ARV,116-ZA-T01,12-Oct-09,Truck,Adult,30,0.57,S. BUYS WHOLESALER,DDP,Weight Captured Separately
12712,DN-332,Generic,Ethiopia,04-Sep-07,04-Sep-07,10mg/ml,Oral suspension,No,See DN-332 (ID#:10613),From RDC,"Nevirapine 10mg/ml, oral suspension, Bottle, 240 ml",124.12,12512,77574.4,PMO - US,"Aurobindo Unit III, India",Nevirapine,6.2,N/A - From RDC,SO-914,Pre-PQ Process,Pre-PQ Process,ARV,117-ET-T01,04-Sep-07,MIssing,Pediatric,240,0.03,SCMS from RDC,N/A - From RDC,See DN-332 (ID#:10613)
50109,ASN-27978,Generic,South Africa,27-Aug-14,27-Aug-14,250mg,Delayed-release capsules,No,Freight Included in Commodity Cost,Direct Drop,"Didanosine 250mg, delayed-release capsules, 30 Caps",0.17,8,136.19,PMO - US,"Aurobindo Unit III, India",Didanosine,17.02,8/27/14,SCMS-199283,FPQ-12522,07-11-13,ARV,116-ZA-T30,27-Aug-14,Truck,Adult,30,0.57,S. BUYS WHOLESALER,DDP,Weight Captured Separately
73807,ASN-8041,Generic,South Africa,27-Oct-10,27-Oct-10,600mg,Tablet,Yes,Freight Included in Commodity Cost,Direct Drop,"Efavirenz 600mg, tablets, 30 Tabs",295.81,29380,137204.6,PMO - US,"Aurobindo Unit III, India",Efavirenz,4.67,3/19/10,SCMS-68940,FPQ-5303,3/18/10,ARV,161-ZA-T30,07-Sep-10,Air,Adult,30,0.16,Aurobindo Pharma Limited,DDP,Weight Captured Separately
12786,DN-831,Generic,Tanzania,21-Aug-08,21-Aug-08,150/200/30mg,Tablet - FDC,Yes,24594.29,From RDC,"Lamivudine/Nevirapine/Stavudine 150/200/30mg, tablets, 60 Tabs",473.6,40000,296000.0,PMO - US,"Cipla, Goa, India",Lamivudine/Nevirapine/Stavudine,7.4,N/A - From RDC,SO-10970,Pre-PQ Process,Pre-PQ Process,ARV,109-TZ-T01,21-Aug-08,Air,Adult,60,0.12,SCMS from RDC,N/A - From RDC,4289
85816,DN-2494,Generic,"Congo, DRC",14-Feb-12,14-Feb-12,150/300mg,Tablet - FDC,No,See DN-2494 (ID#:82433),From RDC,"Lamivudine/Zidovudine 150/300mg, tablets, 60 Tabs",0.78,67,553.42,PMO - US,"Aurobindo Unit III, India",Lamivudine/Zidovudine,8.26,N/A - From RDC,SO-41132,FPQ-8840,11/21/11,ARV,101-CD-T30,16-Mar-12,Air,Adult,60,0.14,SCMS from RDC,N/A - From RDC,See DN-2494 (ID#:82433)
83593,DN-2695,Generic,Zimbabwe,27-Jun-12,27-Jun-12,150/300/200mg,Tablet - FDC,No,See DN-2695 (ID#:83043),From RDC,"Lamivudine/Nevirapine/Zidovudine 150/200/300mg, tablets, 60 Tabs",196.51,11574,119096.46,PMO - US,Mylan (formerly Matrix) Nashik,Lamivudine/Nevirapine/Zidovudine,10.29,N/A - From RDC,SO-40901,FPQ-8464,10-04-11,ARV,113-ZW-T30,11-Dec-12,Truck,Adult,60,0.17,SCMS from RDC,N/A - From RDC,See DN-2695 (ID#:83043)
83772,DN-3580,Generic,Mozambique,14-Apr-14,17-Apr-14,600/300/300mg,Tablet - FDC,Yes,22890.82,From RDC,"Efavirenz/Lamivudine/Tenofovir Disoproxil Fumarate 600/300/300mg, tablets, 30 Tabs",1572.49,137189,1529657.35,PMO - US,Mylan (formerly Matrix) Nashik,Efavirenz/Lamivudine/Tenofovir Disoproxil Fumarate,11.15,N/A - From RDC,SO-47083,FPQ-13123,10/21/13,ARV,111-MZ-T30,15-Apr-14,Truck,Adult,30,0.37,SCMS from RDC,N/A - From RDC,28696
67854,ASN-32779,Generic,Vietnam,30-Jul-15,30-Jul-15,150/300mg,Tablet - FDC,Yes,3868.49,Direct Drop,"Lamivudine/Zidovudine 150/300mg, tablets, 60 Tabs",152.77,20000,129800.0,PMO - US,Mylan (formerly Matrix) Nashik,Lamivudine/Zidovudine,6.49,2/17/15,SCMS-274360,FPQ-15692,1/28/15,ARV,108-VN-T30,30-Jul-15,Air,Adult,60,0.11,MYLAN LABORATORIES LTD (FORMERLY MATRIX LABORATORIES),EXW,1748
82996,DN-2461,Generic,Uganda,19-Jan-12,19-Jan-12,600mg,Tablet,No,See DN-2461 (ID#:82994),From RDC,"Efavirenz 600mg, tablets, 30 Tabs",103.02,15155,62438.6,PMO - US,"Strides, Bangalore, India.",Efavirenz,4.12,N/A - From RDC,SO-40941,FPQ-8522,10-05-11,ARV,114-UG-T30,31-Jan-12,Truck,Adult,30,0.14,SCMS from RDC,N/A - From RDC,See DN-2461 (ID#:82994)
85316,DN-2929,Generic,Zambia,17-Dec-12,17-Dec-12,150mg,Tablet,Yes,3951.02,From RDC,"Lamivudine 150mg, tablets, 60 Tabs",2.65,876,1892.16,PMO - US,Hetero Unit III Hyderabad IN,Lamivudine,2.16,N/A - From RDC,SO-41841,FPQ-9552,3/29/12,ARV,110-ZM-T30,17-Dec-12,Truck,Adult,60,0.04,SCMS from RDC,N/A - From RDC,44
86164,DN-4122,Generic,Nigeria,05-Feb-15,10-Feb-15,150/300/200mg,Tablet - FDC,No,See DN-4122 (ID#:85012),From RDC,"Lamivudine/Nevirapine/Zidovudine 150/200/300mg, tablets, 60 Tabs",1460.21,183995,1420441.4,PMO - US,"Strides, Bangalore, India.",Lamivudine/Nevirapine/Zidovudine,7.72,N/A - From RDC,SO-49682,FPQ-14766,8/13/14,ARV,151-NG-T30,28-Feb-15,Air Charter,Adult,60,0.13,SCMS from RDC,N/A - From RDC,See DN-4122 (ID#:85012)
56902,ASN-28021,Generic,South Africa,28-Aug-14,28-Aug-14,250mg,Delayed-release capsules,No,Freight Included in Commodity Cost,Direct Drop,"Didanosine 250mg, delayed-release capsules, 30 Caps",0.06,4,60.99,PMO - US,"Aurobindo Unit III, India",Didanosine,15.25,8/28/14,SCMS-238553,FPQ-13973,4/30/14,ARV,116-ZA-T30,28-Aug-14,Truck,Adult,30,0.51,PHARMACY DIRECT,DDP,Weight Captured Separately
11223,DN-614,Generic,Haiti,21-Feb-08,21-Feb-08,15mg,Capsule,No,See DN-614 (ID#:11219),From RDC,"Stavudine 15mg, capsules, 60 Caps",0.29,120,180.0,PMO - US,"Aurobindo Unit III, India",Stavudine,1.5,N/A - From RDC,SO-1287,Pre-PQ Process,Pre-PQ Process,ARV,106-HT-T01,04-Mar-08,Air,Adult,60,0.02,SCMS from RDC,N/A - From RDC,See DN-614 (ID#:11219)
12532,DN-938,Generic,Zambia,06-Oct-08,06-Oct-08,600mg,Tablet,Yes,4579.42,From RDC,"Efavirenz 600mg, tablets, 30 Tabs",960.8,50000,600500.0,PMO - US,Mylan (formerly Matrix) Nashik,Efavirenz,12.01,N/A - From RDC,SO-2482,Pre-PQ Process,Pre-PQ Process,ARV,110-ZM-T01,06-Oct-08,Truck,Adult,30,0.4,SCMS from RDC,N/A - From RDC,3817
31561,ASN-28033,Generic,South Africa,29-Aug-14,29-Aug-14,300mg,Tablet,Yes,Freight Included in Commodity Cost,Direct Drop,"Zidovudine 300mg, tablets, 60 Tabs",0.64,19,515.11,PMO - US,Mylan (formerly Matrix) Nashik,Zidovudine,27.11,8/29/14,SCMS-199289,FPQ-12522,07-11-13,ARV,116-ZA-T30,29-Aug-14,Truck,Adult,60,0.45,S. BUYS WHOLESALER,DDP,Weight Captured Separately
83768,DN-3561,Generic,"Congo, DRC",19-May-14,26-Jun-14,200mg,Tablet,No,See DN-3561 (ID#:82654),From RDC,"Efavirenz 200mg, scored tablets, 90 Tabs",4.88,510,4743.0,PMO - US,"Strides, Bangalore, India.",Efavirenz,9.3,N/A - From RDC,SO-47630,FPQ-13554,1/15/14,ARV,101-CD-T30,30-May-14,Air,Pediatric,90,0.1,SCMS from RDC,N/A - From RDC,See DN-3561 (ID#:82654)
9658,ASN-1665,Stocrin/Sustiva,South Africa,24-Apr-08,24-Apr-08,50mg,Capsule,No,Freight Included in Commodity Cost,Direct Drop,"Efavirenz 50mg [Stocrin/Sustiva], capsule, 30 Caps",0.95,200,596.0,PMO - US,"MSD Midrand, Jburg, SA",Efavirenz,2.98,2/20/08,SCMS-19800,Pre-PQ Process,Pre-PQ Process,ARV,116-ZA-T01,24-Apr-08,Truck,Pediatric,30,0.1,S. BUYS WHOLESALER,DDP,Weight Captured Separately
85072,DN-1526,Generic,CÃte dIvoire,02-Dec-09,02-Dec-09,10mg/ml,Oral suspension,Yes,1211.48,From RDC,"Nevirapine 10mg/ml, oral suspension, Bottle, 240 ml",16.8,4464,8570.88,PMO - US,"Aurobindo Unit III, India",Nevirapine,1.92,N/A - From RDC,SO-33490,FPQ-4187,09-09-09,ARV,104-CI-T30,04-Dec-09,Air,Pediatric,240,0.01,SCMS from RDC,N/A - From RDC,1655
84288,DN-3326,Generic,Tanzania,10-Sep-13,10-Sep-13,300mg,Tablet,Yes,10540.22,From RDC,"Abacavir 300mg, tablets, 60 Tabs",189.53,13370,153220.2,PMO - US,"Aurobindo Unit III, India",Abacavir,11.46,N/A - From RDC,SO-45992,FPQ-12587,07-04-13,ARV,109-TZ-T30,20-Nov-13,Truck,Adult,60,0.19,SCMS from RDC,N/A - From RDC,1337
82485,DN-2723,Generic,Rwanda,20-Jun-12,20-Jun-12,200mg,Tablet,Yes,31029.99,From RDC,"Nevirapine 200mg, tablets, 60 Tabs",136.84,40000,97600.0,PMO - US,"Aurobindo Unit III, India",Nevirapine,2.44,N/A - From RDC,SO-42470,FPQ-10015,06-04-12,ARV,107-RW-T30,03-Jul-12,Air,Adult,60,0.04,SCMS from RDC,N/A - From RDC,3771
83050,DN-2712,Generic,Uganda,13-Jul-12,13-Jul-12,300mg,Tablet,Yes,1834.79,From RDC,"Tenofovir Disoproxil Fumarate 300mg, tablets, 30 Tabs",12.99,1685,9267.5,PMO - US,"Aurobindo Unit III, India",Tenofovir Disoproxil Fumarate,5.5,N/A - From RDC,SO-41620,FPQ-9354,2/20/12,ARV,114-UG-T30,20-Jul-12,Air,Adult,30,0.18,SCMS from RDC,N/A - From RDC,137
51016,ASN-31786,Determine,Nigeria,07-May-15,13-May-15,MIssing,Test kit,Yes,28759.53,Direct Drop,"HIV 1/2, Determine Complete HIV Kit, 100 Tests",666.23,6360,566040.0,PMO - US,"Alere Medical Co., Ltd.","HIV 1/2, Determine Complete HIV Kit",89.0,3/13/15,SCMS-270770,FPQ-15504,12-08-14,HRDT,133-NG-T30,07-May-15,Air,HIV test,100,0.89,"Orgenics, Ltd",EXW,2579
71308,ASN-6563,OraQuick,Botswana,20-Apr-10,20-Apr-10,MIssing,Test kit - Ancillary,Yes,403.66,Direct Drop,"#109435**HIV, OraQuick Controls Kit, 3 Vials",0.49,10,250.0,PMO - US,"Orasure Technologies, Inc USA","HIV, OraQuick Controls Kit, 3 Vials",25.0,9/30/09,SCMS-54190,FPQ-4167,09-09-09,HRDT,144-BW-T30,20-Apr-10,Air,HIV test - Ancillary,3,8.33,Orasure Technologies Inc.,EXW,7
85865,DN-2681,Determine,Zambia,07-Jun-12,07-Jun-12,MIssing,Test kit,Yes,22171.8,From RDC,"HIV 1/2, Determine Complete HIV Kit, 100 Tests",672.51,5996,479680.0,PMO - US,"Alere Medical Co., Ltd.","HIV 1/2, Determine Complete HIV Kit",80.0,N/A - From RDC,SO-41950,FPQ-9515,04-10-12,HRDT,110-ZM-T30,02-Jul-12,Air,HIV test,100,0.8,SCMS from RDC,N/A - From RDC,1363
72291,ASN-7096,Generic,Rwanda,13-Jun-10,13-Jun-10,150mg,Tablet,Yes,4015.82,Direct Drop,"Lamivudine 150mg, tablets, 60 Tabs",79.95,15750,40792.5,PMO - US,Hetero Unit III Hyderabad IN,Lamivudine,2.59,8/18/09,SCMS-50820,FPQ-4047,7/28/09,ARV,107-RW-T30,13-Jun-10,Air,Adult,60,0.04,HETERO LABS LIMITED,CIP,986
85653,DN-1643,Generic,Zambia,05-Mar-10,05-Mar-10,150/200/30mg,Tablet - FDC,No,See DN-1643 (ID#:82293),From RDC,"Lamivudine/Nevirapine/Stavudine 150/200/30mg, tablets, 60 Tabs",631.02,49760,321947.2,PMO - US,"Cipla, Goa, India",Lamivudine/Nevirapine/Stavudine,6.47,N/A - From RDC,SO-33690,FPQ-4273,9/17/09,ARV,110-ZM-T30,15-Mar-10,Truck,Adult,60,0.11,SCMS from RDC,N/A - From RDC,See DN-1643 (ID#:82293)
45048,ASN-24415,Generic,South Africa,06-Feb-14,06-Feb-14,30mg,Capsule,No,Freight Included in Commodity Cost,Direct Drop,"Stavudine 30mg, capsules, 60 Caps",1.99,408,1608.59,PMO - US,"Aurobindo Unit III, India",Stavudine,3.94,12-02-13,SCMS-215370,FPQ-13035,10-08-13,ARV,116-ZA-T30,06-Feb-14,Truck,Adult,60,0.07,S. BUYS WHOLESALER,DDP,Weight Captured Separately
84210,DN-2961,Generic,Rwanda,06-Feb-13,06-Feb-13,300/300mg,Tablet - FDC,No,See DN-2961 (ID#:83098),From RDC,"Lamivudine/Tenofovir Disoproxil Fumarate 300/300mg, tablets, 30 Tabs",523.71,69691,373543.76,PMO - US,Hetero Unit III Hyderabad IN,Lamivudine/Tenofovir Disoproxil Fumarate,5.36,N/A - From RDC,SO-42710,FPQ-10119,6/18/12,ARV,107-RW-T30,06-Feb-13,Air,Adult,30,0.18,SCMS from RDC,N/A - From RDC,See DN-2961 (ID#:83098)
83917,DN-4297,Generic,Rwanda,29-Jun-15,30-Jun-15,60/30mg,Chewable/dispersible tablet - FDC,Yes,8819.61,From RDC,"Abacavir/Lamivudine 60/30mg, dispersible tablets, 60 Tabs",60.61,11584,58962.56,PMO - US,"Cipla, Patalganga, India",Abacavir/Lamivudine,5.09,N/A - From RDC,SO-49942,FPQ-14811,10/15/14,ARV,107-RW-T30,30-Jun-15,Truck,Pediatric,60,0.08,SCMS from RDC,N/A - From RDC,1043
85114,DN-1799,Generic,CÃte dIvoire,07-May-10,07-May-10,300mg,Tablet,No,See DN-1799 (ID#:84560),From RDC,"Abacavir 300mg, tablets, 60 Tabs",333.86,8150,154850.0,PMO - US,Mylan (formerly Matrix) Nashik,Abacavir,19.0,N/A - From RDC,SO-35560,FPQ-4659,12-08-09,ARV,104-CI-T30,10-May-10,Air,Adult,60,0.32,SCMS from RDC,N/A - From RDC,See DN-1799 (ID#:84560)
10982,DN-763,Generic,Tanzania,09-Jul-08,09-Jul-08,100mg,Chewable/dispersible tablet,Yes,9043.65,From RDC,"Didanosine 100mg, chewable/dispersible tablets, 60 Tabs",144.34,11640,90210.0,PMO - US,"Aurobindo Unit III, India",Didanosine,7.75,N/A - From RDC,SO-1696,Pre-PQ Process,Pre-PQ Process,ARV,109-TZ-T01,09-Jul-08,Air,Pediatric,60,0.13,SCMS from RDC,N/A - From RDC,16778
82645,DN-3509,Generic,CÃte dIvoire,12-Feb-14,04-Mar-14,60/30mg,Tablet - FDC,Yes,2151.95,From RDC,"Abacavir/Lamivudine 60/30mg, tablets, 60 Tabs",10.89,2200,8800.0,PMO - US,"Aurobindo Unit III, India",Abacavir/Lamivudine,4.0,N/A - From RDC,SO-44140,FPQ-11254,12/14/12,ARV,104-CI-T30,31-Jan-14,Truck,Pediatric,60,0.07,SCMS from RDC,N/A - From RDC,105
33494,ASN-26928,Generic,Vietnam,30-Jul-14,01-Aug-14,300mg,Tablet,No,See ASN-26928 (ID#:23156),Direct Drop,"Tenofovir Disoproxil Fumarate 300mg, tablets, 30 Tabs",33.94,9300,33015.0,PMO - US,Hetero Unit III Hyderabad IN,Tenofovir Disoproxil Fumarate,3.55,03-10-14,SCMS-226260,FPQ-13524,02-06-14,ARV,108-VN-T30,30-Jul-14,Air,Adult,30,0.12,HETERO LABS LIMITED,EXW,See ASN-26928 (ID#:23156)
9225,ASN-4596,Aluvia,Nigeria,03-Sep-09,03-Sep-09,200/50mg,Tablet,Yes,10490.77,Direct Drop,"Lopinavir/Ritonavir 200/50mg [Aluvia], tablets, 120 Tabs",402.78,5000,205500.0,PMO - US,ABBVIE Ludwigshafen Germany,Lopinavir/Ritonavir,41.1,7/13/09,SCMS-48440,Pre-PQ Process,Pre-PQ Process,ARV,123-NG-T01,03-Sep-09,Air,Adult,120,0.34,ABBVIE LOGISTICS (FORMERLY ABBOTT LOGISTICS BV),FCA,1246
83107,DN-3012,Generic,Mozambique,22-Mar-13,22-Mar-13,150/300mg,Tablet - FDC,Yes,7733.77,From RDC,"Lamivudine/Zidovudine 150/300mg, tablets, 60 Tabs",351.59,39096,284227.92,PMO - US,"Aurobindo Unit III, India",Lamivudine/Zidovudine,7.27,N/A - From RDC,SO-43760,FPQ-11033,11-12-12,ARV,111-MZ-T30,01-Apr-13,Truck,Adult,60,0.12,SCMS from RDC,N/A - From RDC,3591
54248,ASN-10011,Ziagen,South Africa,17-Mar-11,17-Mar-11,20mg/ml,Oral solution,Yes,12474.06,Direct Drop,"Abacavir 20mg/ml [Ziagen], oral solution, Bottle, 240 ml",259.24,12000,120240.0,PMO - US,GSK Mississauga (Canada),Abacavir,10.02,11/19/10,SCMS-91340,FPQ-6262,8/31/10,ARV,161-ZA-T30,09-Feb-11,Air,Pediatric,240,0.04,ASPEN PHARMACARE,DDP,Weight Captured Separately
82299,DN-1681,Generic,CÃte dIvoire,11-Mar-10,11-Mar-10,200mg,Chewable/dispersible tablet,Yes,1042.58,From RDC,"Didanosine 200mg, chewable/dispersible tablets, 60 Tabs",8.69,260,4030.0,PMO - US,"Aurobindo Unit III, India",Didanosine,15.5,N/A - From RDC,SO-35561,FPQ-4659,12-08-09,ARV,104-CI-T30,10-May-10,Air,Pediatric,60,0.26,SCMS from RDC,N/A - From RDC,54
34028,ASN-7094,Generic,Rwanda,13-Jun-10,13-Jun-10,150mg,Tablet,Yes,1393.42,Direct Drop,"Lamivudine 150mg, tablets, 60 Tabs",22.84,4500,11655.0,PMO - US,Hetero Unit III Hyderabad IN,Lamivudine,2.59,8/18/09,SCMS-50840,FPQ-4047,7/28/09,ARV,107-RW-T30,13-Jun-10,Air,Adult,60,0.04,HETERO LABS LIMITED,CIP,277
12317,DN-1407,Generic,Zambia,19-Oct-09,19-Oct-09,200mg,Tablet,No,See DN-1407 (ID#:11681),From RDC,"Nevirapine 200mg, tablets, 60 Tabs",92.42,15718,47154.0,PMO - US,"Aurobindo Unit III, India",Nevirapine,3.0,N/A - From RDC,SO-29030,Pre-PQ Process,Date Not Captured,ARV,110-ZM-T01,19-Oct-09,Truck,Adult,60,0.05,SCMS from RDC,N/A - From RDC,See DN-1407 (ID#:11681)
63757,ASN-15749,Determine,Mozambique,04-Sep-12,04-Sep-12,MIssing,Test kit,Yes,52239.49,Direct Drop,"HIV 1/2, Determine Complete HIV Kit, 100 Tests",672.96,6000,480000.0,PMO - US,"Alere Medical Co., Ltd.","HIV 1/2, Determine Complete HIV Kit",80.0,4/24/12,SCMS-143810,FPQ-9530,3/29/12,HRDT,111-MZ-T30,04-Sep-12,Air,HIV test,100,0.8,"Orgenics, Ltd",EXW,2862
85261,DN-2655,Generic,Zimbabwe,25-May-12,25-May-12,600mg,Tablet,No,See DN-2655 (ID#:82474),From RDC,"Efavirenz 600mg, tablets, 30 Tabs",118.43,17422,71778.64,PMO - US,"Strides, Bangalore, India.",Efavirenz,4.12,N/A - From RDC,SO-40861,FPQ-8464,10-04-11,ARV,113-ZW-T30,31-May-12,Truck,Adult,30,0.14,SCMS from RDC,N/A - From RDC,See DN-2655 (ID#:82474)
11792,DN-379,Norvir,CÃte dIvoire,15-Oct-07,15-Oct-07,100mg,Capsule,No,See DN-379 (ID#:10890),From RDC,"Ritonavir 100mg [Norvir], capsules, cool, 4 x 84 Caps",89.3,1455,55813.8,PMO - US,ABBVIE (Abbott) France,Ritonavir,38.36,N/A - From RDC,SO-964,Pre-PQ Process,Pre-PQ Process,ARV,104-CI-T01,15-Oct-07,Air,Adult,336,0.11,SCMS from RDC,N/A - From RDC,See DN-379 (ID#:10890)
84008,DN-1853,Generic,Uganda,15-Jun-10,15-Jun-10,200/300mg,Tablet - FDC,Yes,5841.92,From RDC,"Emtricitabine/Tenofovir Disoproxil Fumarate 200/300mg, tablets, 30 Tabs",70.86,2797,32864.75,PMO - US,Mylan (formerly Matrix) Nashik,Emtricitabine/Tenofovir Disoproxil Fumarate,11.75,N/A - From RDC,SO-36140,FPQ-5239,03-02-10,ARV,114-UG-T30,09-Jun-10,Air,Adult,30,0.39,SCMS from RDC,N/A - From RDC,210
82969,DN-2310,Generic,Haiti,11-Aug-11,11-Aug-11,200mg,Tablet,No,See DN-2310 (ID#:82968),From RDC,"Nevirapine 200mg, tablets, 60 Tabs",141.23,34100,85591.0,PMO - US,Hetero Unit III Hyderabad IN,Nevirapine,2.51,N/A - From RDC,SO-38213,FPQ-6801,12/14/10,ARV,106-HT-T30,19-Jul-11,Air,Adult,60,0.04,SCMS from RDC,N/A - From RDC,See DN-2310 (ID#:82968)
12918,DN-1446,Generic,Nigeria,20-Oct-09,20-Oct-09,150/300/200mg,Tablet - FDC,Yes,9341.49,From RDC,"Lamivudine/Nevirapine/Zidovudine 150/200/300mg, tablets, 60 Tabs",377.88,16912,192796.8,PMO - US,"Aurobindo Unit III, India",Lamivudine/Nevirapine/Zidovudine,11.4,N/A - From RDC,SO-33339,Pre-PQ Process,Date Not Captured,ARV,151-NG-T01,20-Oct-09,Air Charter,Adult,60,0.19,SCMS from RDC,N/A - From RDC,1905
86747,DN-4012,Generic,Rwanda,14-Jan-15,19-Jan-15,600/300mg,Tablet - FDC,No,See DN-4012 (ID#:82755),From RDC,"Abacavir/Lamivudine 600/300mg, tablets, 30 Tabs",684.78,49270,666130.4,PMO - US,Mylan (formerly Matrix) Nashik,Abacavir/Lamivudine,13.52,N/A - From RDC,SO-48790,FPQ-14111,4/22/14,ARV,107-RW-T30,16-Feb-15,Truck,Adult,30,0.45,SCMS from RDC,N/A - From RDC,See DN-4012 (ID#:82755)
13845,ASN-33473,Prezista,South Africa,24-Jul-15,24-Jul-15,600mg,Tablet,Yes,Freight Included in Commodity Cost,Direct Drop,"Darunavir 600mg [Prezista], tablets, 60 Tabs",1.72,33,1671.87,PMO - US,"Janssen-Cilag, Latina, IT",Darunavir,50.66,10-09-14,SCMS-259078,FPQ-14942,09-11-14,ARV,116-ZA-T30,24-Jul-15,Truck,Adult,60,0.84,PHARMACY DIRECT,DDP,Weight Captured Separately
84591,DN-2011,Generic,CÃte dIvoire,25-Sep-10,25-Sep-10,200mg,Chewable/dispersible tablet,No,See DN-2011 (ID#:82350),From RDC,"Didanosine 200mg, chewable/dispersible tablets, 60 Tabs",201.04,6016,93248.0,PMO - US,"Aurobindo Unit III, India",Didanosine,15.5,N/A - From RDC,SO-36880,FPQ-5623,05-07-10,ARV,104-CI-T30,30-Sep-10,Air,Pediatric,60,0.26,SCMS from RDC,N/A - From RDC,See DN-2011 (ID#:82350)
67300,ASN-16634,Determine,Mozambique,18-Oct-12,18-Oct-12,MIssing,Test kit,No,See ASN-16634 (ID#:46858),Direct Drop,"HIV 1/2, Determine Kit without Lancets, Buffer or Caplillary Tubes, 100 Tests",21.75,215,15512.25,PMO - US,"Alere Medical Co., Ltd.","HIV 1/2, Determine Kit without Lancets, Buffer or Capillary Tubes, 100 Tests",72.15,8/22/12,SCMS-157230,FPQ-10369,7/23/12,HRDT,111-MZ-T30,18-Oct-12,Air,HIV test,100,0.72,"Orgenics, Ltd",EXW,See ASN-16634 (ID#:46858)
27675,ASN-10900,Bioline,Sudan,24-Jun-11,24-Jun-11,MIssing,Test kit - Ancillary,Yes,1193.15,Direct Drop,"HIV 1/2, Bioline 3.0 Diluent, 25 Tests, Bottle x 5 ml",0.02,13,11.7,PMO - US,"Standard Diagnostics, Korea","HIV 1/2, Bioline 3.0 Diluent, 25 Tests",0.9,05-02-11,SCMS-107770,FPQ-7321,3/29/11,HRDT,102-SD-T30,24-Jun-11,Air,HIV test - Ancillary,1,0.9,"Standard Diagnostics, Inc.",EXW,2
64,ASN-242,Generic,Rwanda,27-Feb-07,27-Feb-07,150/300mg,Tablet - FDC,Yes,64179.42,Direct Drop,"Lamivudine/Zidovudine 150/300mg, tablets, 60 Tabs",MIssing,10000,99800.0,PMO - US,"Cipla, Goa, India",Lamivudine/Zidovudine,9.98,12/22/06,SCMS-268,Pre-PQ Process,Pre-PQ Process,ARV,107-RW-T01,27-Feb-07,Air,Adult,60,0.17,CIPLA LIMITED,EXW,7416
12560,DN-1161,Kaletra,CÃte dIvoire,20-Mar-09,20-Mar-09,80/20mg/ml,Oral solution,Yes,Invoiced Separately,From RDC,"Lopinavir/Ritonavir 80/20mg/ml [Kaletra], oral solution, cool, Bottle 5 x 60 ml",72.18,896,36825.6,PMO - US,ABBVIE (Abbott) Logis. UK,Lopinavir/Ritonavir,41.1,N/A - From RDC,SO-27030,Pre-PQ Process,Pre-PQ Process,ARV,104-CI-T01,20-Mar-09,Air,Pediatric,300,0.14,SCMS from RDC,N/A - From RDC,Weight Captured Separately
2796,ASN-658,Clearview,Namibia,29-Aug-07,29-Aug-07,MIssing,Test kit,Yes,Invoiced Separately,Direct Drop,"HIV 1/2, Clearview Complete Kit, 25 Tests",18,150,11250.0,PMO - US,Not Applicable,"HIV 1/2, Clearview Complete Kit",75.0,7/31/07,SCMS-10360,Pre-PQ Process,Pre-PQ Process,HRDT,119-NA-T01,29-Aug-07,Air,HIV test,25,3.0,"Orgenics, Ltd",EXW,Weight Captured Separately
85877,DN-2741,Generic,Zimbabwe,23-Jul-12,23-Jul-12,600mg,Tablet,No,See DN-2741 (ID#:84180),From RDC,"Efavirenz 600mg, tablets, 30 Tabs",109.52,17422,66377.82,PMO - US,"Aurobindo Unit III, India",Efavirenz,3.81,N/A - From RDC,SO-40890,FPQ-8464,10-04-11,ARV,113-ZW-T30,16-Oct-12,Truck,Adult,30,0.13,SCMS from RDC,N/A - From RDC,See DN-2741 (ID#:84180)
11160,DN-362,Generic,Uganda,05-Nov-07,05-Nov-07,600mg,Tablet,No,See DN-362 (ID#:10600),From RDC,"Efavirenz 600mg, tablets, 30 Tabs",34.12,1717,21325.14,PMO - US,"Strides, Bangalore, India.",Efavirenz,12.42,N/A - From RDC,SO-1080,Pre-PQ Process,Pre-PQ Process,ARV,114-UG-T01,05-Nov-07,Air,Adult,30,0.41,SCMS from RDC,N/A - From RDC,See DN-362 (ID#:10600)
7751,ASN-4603,Generic,South Africa,05-Jun-09,05-Jun-09,30mg,Capsule,No,Freight Included in Commodity Cost,Direct Drop,"Stavudine 30mg, capsules, 60 Caps",26.77,4553,13659.0,PMO - US,"Aurobindo Unit III, India",Stavudine,3.0,3/27/09,SCMS-41580,Pre-PQ Process,Pre-PQ Process,ARV,116-ZA-T01,25-Jun-09,Truck,Adult,60,0.05,S. BUYS WHOLESALER,DDP,Weight Captured Separately
26821,ASN-5621,Determine,Tanzania,11-Dec-09,11-Dec-09,MIssing,Test kit,Yes,3744.18,Direct Drop,"HIV 1/2, Determine HIV Kit, without Lancets, 100 Tests",130.34,950,66500.0,PMO - US,Inverness Japan,"HIV 1/2, Determine HIV Kit, without Lancets",70.0,09-03-09,SCMS-52774,FPQ-4157,8/27/09,HRDT,109-TZ-T30,11-Dec-09,Air,HIV test,100,0.7,"Orgenics, Ltd",EXW,216
33964,ASN-21698,Generic,Cameroon,18-Oct-13,18-Oct-13,300mg,Tablet,Yes,28620.2,Direct Drop,"Zidovudine 300mg, tablets, 60 Tabs",112.98,16820,91332.6,PMO - US,"Aurobindo Unit III, India",Zidovudine,5.43,8/23/13,SCMS-204300,FPQ-12837,8/19/13,ARV,901-CM-T30,18-Oct-13,Air,Adult,60,0.09,Aurobindo Pharma Limited,EXW,2993
20774,ASN-33852,Generic,South Africa,24-Aug-15,24-Aug-15,150mg,Tablet,No,Freight Included in Commodity Cost,Direct Drop,"Lamivudine 150mg, tablets, 60 Tabs",0.86,119,839.15,PMO - US,"Aurobindo Unit III, India",Lamivudine,7.05,10-09-14,SCMS-259079,FPQ-14942,09-11-14,ARV,116-ZA-T30,24-Aug-15,Truck,Adult,60,0.12,PHARMACY DIRECT,DDP,Weight Captured Separately
48746,ASN-7525,Generic,South Africa,24-Aug-10,24-Aug-10,150mg,Tablet,Yes,1791.42,Direct Drop,"Lamivudine 150mg, tablets, 60 Tabs",174.93,32070,81137.1,PMO - US,"Aurobindo Unit III, India",Lamivudine,2.53,3/19/10,SCMS-68980,FPQ-5303,3/18/10,ARV,161-ZA-T30,24-Aug-10,Air,Adult,60,0.04,Aurobindo Pharma Limited,DDP,1727
73727,ASN-31187,Generic,Uganda,08-Apr-15,08-Apr-15,300/100mg,Tablet,Yes,1794.89,Direct Drop,"Atazanavir/Ritonavir 300/100mg, tablets, 30 Tabs",37.63,1776,31968.0,PMO - US,"Emcure Plot No.P-2, I.T-B.T. Park, Phase II, MIDC, Hinjwadi, Pune, India",Atazanavir/Ritonavir,18.0,11/25/14,SCMS-264960,FPQ-15303,11-11-14,ARV,114-UG-T30,08-Apr-15,Air,Adult,30,0.6,EMCURE PHARMACEUTICALS LTD,EXW,237
84515,DN-1563,Generic,Nigeria,18-Dec-09,18-Dec-09,150/300/200mg,Tablet - FDC,Yes,11637.64,From RDC,"Lamivudine/Nevirapine/Zidovudine 150/200/300mg, tablets, 60 Tabs",250.09,11242,127596.7,PMO - US,"Aurobindo Unit III, India",Lamivudine/Nevirapine/Zidovudine,11.35,N/A - From RDC,SO-33142,FPQ-4105,8/13/09,ARV,151-NG-T30,18-Dec-09,Air Charter,Adult,60,0.19,SCMS from RDC,N/A - From RDC,1261
5293,ASN-113,Determine,Guyana,15-Nov-06,15-Nov-06,MIssing,Test kit,Yes,801.54,Direct Drop,"HIV 1/2, Determine Complete HIV Kit, 100 Tests",MIssing,230,18400.0,PMO - US,ABBVIE GmbH & Co.KG Wiesbaden,"HIV 1/2, Determine Complete HIV Kit",80.0,Date Not Captured,SCMS-225,Pre-PQ Process,Pre-PQ Process,HRDT,102-GY-T01,15-Nov-06,Air,HIV test,100,0.8,Abbott GmbH & Co. KG,EXW,38681
12770,DN-541,Generic,Ethiopia,09-Jan-08,09-Jan-08,150mg,Tablet,Yes,11273,From RDC,"Lamivudine 150mg, tablets, 60 Tabs",143.49,29500,89680.0,PMO - US,"Ranbaxy, Paonta Shahib, India",Lamivudine,3.04,N/A - From RDC,SO-1542,Pre-PQ Process,Pre-PQ Process,ARV,117-ET-T01,20-Dec-07,Air,Adult,60,0.05,SCMS from RDC,N/A - From RDC,1640
83525,DN-2322,Generic,Zambia,29-Aug-11,29-Aug-11,200mg,Tablet,No,See DN-2322 (ID#:82973),From RDC,"Nevirapine 200mg, tablets, 60 Tabs",132.08,31892,80048.92,PMO - US,Hetero Unit III Hyderabad IN,Nevirapine,2.51,N/A - From RDC,SO-38741,FPQ-7085,02-03-11,ARV,110-ZM-T30,29-Sep-11,Truck,Adult,60,0.04,SCMS from RDC,N/A - From RDC,See DN-2322 (ID#:82973)
64427,ASN-32231,Determine,"Congo, DRC",23-Jul-15,29-Jul-15,MIssing,Test kit,No,See ASN-32231 (ID#:13648),Direct Drop,"HIV 1/2, Determine Complete HIV Kit, 100 Tests",9.13,97,7760.0,PMO - US,"Alere Medical Co., Ltd.","HIV 1/2, Determine Complete HIV Kit",80.0,3/17/15,SCMS-280220,FPQ-16001,03-10-15,HRDT,101-CD-T30,23-Jul-15,Air,HIV test,100,0.8,"Orgenics, Ltd",EXW,See ASN-32231 (ID#:13648)
83763,DN-3547,Generic,CÃte dIvoire,18-Jan-14,04-Mar-14,60/30mg,Tablet - FDC,Yes,8127.62,From RDC,"Abacavir/Lamivudine 60/30mg, tablets, 60 Tabs",10.32,2085,8340.0,PMO - US,Mylan (formerly Matrix) Nashik,Abacavir/Lamivudine,4.0,N/A - From RDC,SO-45631,FPQ-12144,4/22/13,ARV,104-CI-T30,28-Feb-14,Truck,Pediatric,60,0.07,SCMS from RDC,N/A - From RDC,699
58372,ASN-23448,Generic,CÃte dIvoire,03-Jan-14,06-Jan-14,50mg,Chewable/dispersible tablet,Yes,5678.33,Direct Drop,"Nevirapine 50mg, dispersible tablets (tablets for oral suspension), 30 Tabs",10.82,7000,8750.0,PMO - US,"Aurobindo Unit III, India",Nevirapine,1.25,9/17/13,SCMS-206560,FPQ-12806,08-09-13,ARV,104-CI-T30,03-Jan-14,Air,Pediatric,30,0.04,Aurobindo Pharma Limited,EXW,482
12910,DN-1407,Generic,Zambia,19-Oct-09,19-Oct-09,600mg,Tablet,No,See DN-1407 (ID#:11681),From RDC,"Efavirenz 600mg, tablets, 30 Tabs",720.72,45964,367712.0,PMO - US,"Aurobindo Unit III, India",Efavirenz,8.0,N/A - From RDC,SO-29030,Pre-PQ Process,Date Not Captured,ARV,110-ZM-T01,19-Oct-09,Truck,Adult,30,0.27,SCMS from RDC,N/A - From RDC,See DN-1407 (ID#:11681)
82296,DN-1660,Generic,Zimbabwe,12-Mar-10,12-Mar-10,600mg,Tablet,Yes,3302.14,From RDC,"Efavirenz 600mg, tablets, 30 Tabs",21.01,1900,9747.0,PMO - US,"Aurobindo Unit III, India",Efavirenz,5.13,N/A - From RDC,SO-35410,FPQ-4688,12-08-09,ARV,113-ZW-T30,31-Mar-10,Air,Adult,30,0.17,SCMS from RDC,N/A - From RDC,4000
11716,DN-116,Stat-Pak,Nigeria,30-Apr-07,30-Apr-07,MIssing,Test kit,Yes,8526.94,From RDC,"HIV 1/2, Stat-Pak HIV, Kit, 20 Tests",MIssing,5250,141750.0,PMO - US,Chembio Diagnostics Sys. Inc.,"HIV 1/2, Stat-Pak HIV, Kit",27.0,N/A - From RDC,SO-473,Pre-PQ Process,Pre-PQ Process,HRDT,102-NG-T01,30-Apr-07,MIssing,HIV test,20,1.35,SCMS from RDC,N/A - From RDC,1699
82917,DN-2015,Generic,Haiti,07-Oct-10,07-Oct-10,200mg,Chewable/dispersible tablet,Yes,78061.3,From RDC,"Didanosine 200mg, chewable/dispersible tablets, 60 Tabs",6.42,192,2976.0,PMO - US,"Aurobindo Unit III, India",Didanosine,15.5,N/A - From RDC,SO-36741,FPQ-5523,4/19/10,ARV,106-HT-T30,30-Sep-10,Air,Pediatric,60,0.26,SCMS from RDC,N/A - From RDC,8085
64724,ASN-27175,Stat-Pak,Uganda,30-Jul-14,07-Aug-14,MIssing,Test kit,Yes,5718.39,Direct Drop,"HIV 1/2, Stat-Pak HIV, Kit, 20 Tests",76.1,2388,74028.0,PMO - US,Chembio Diagnostics Sys. Inc.,"HIV 1/2, Stat-Pak HIV, Kit",31.0,5/20/14,SCMS-239760,FPQ-14254,05-12-14,HRDT,114-UG-T30,30-Jul-14,Air,HIV test,20,1.55,"CHEMBIO DIAGNOSTIC SYSTEMS, INC.",EXW,740
20274,ASN-27814,Generic,Vietnam,15-Sep-14,17-Sep-14,600/300/300mg,Tablet - FDC,Yes,3701.66,Direct Drop,"Efavirenz/Lamivudine/Tenofovir Disoproxil Fumarate 600/300/300mg, tablets, 30 Tabs",186.52,17280,181440.0,PMO - US,Hetero Unit III Hyderabad IN,Efavirenz/Lamivudine/Tenofovir Disoproxil Fumarate,10.5,4/30/14,SCMS-236060,FPQ-13976,04-08-14,ARV,108-VN-T30,22-Sep-14,Air,Adult,30,0.35,HETERO LABS LIMITED,EXW,2401
11811,DN-434,Generic,CÃte dIvoire,22-Nov-07,22-Nov-07,300mg,Tablet,No,See DN-434 (ID#:11483),From RDC,"Zidovudine 300mg, tablets, 60 Tabs",188.95,14490,118093.5,PMO - US,"Aurobindo Unit III, India",Zidovudine,8.15,N/A - From RDC,SO-1101,Pre-PQ Process,Pre-PQ Process,ARV,104-CI-T01,22-Nov-07,Air,Adult,60,0.14,SCMS from RDC,N/A - From RDC,See DN-434 (ID#:11483)
48640,ASN-32560,Stat-Pak,Burundi,06-Jul-15,08-Jul-15,MIssing,Test kit,Yes,877.52,Direct Drop,"HIV 1/2, Stat-Pak Dipstick Assay Kit, 30 Tests",19.3,594,16394.4,PMO - US,Chembio Diagnostics Sys. Inc.,"HIV 1/2, Stat-Pak Dipstick Assay Kit",27.6,11-12-14,SCMS-260820,FPQ-15186,10/17/14,HRDT,102-BI-T30,06-Jul-15,Air,HIV test,30,0.92,"CHEMBIO DIAGNOSTIC SYSTEMS, INC.",EXW,63
77092,ASN-19157,Kaletra,South Africa,12-Apr-13,12-Apr-13,80/20mg/ml,Oral solution,No,Freight Included in Commodity Cost,Direct Drop,"Lopinavir/Ritonavir 80/20mg/ml [Kaletra], oral solution, cool, Bottle 5 x 60 ml",0.06,2,49.99,South Africa Field Office,ABBVIE (Abbott) Logis. UK,Lopinavir/Ritonavir,25.0,Date Not Captured,SCMS-183970,FPQ-11828,3/18/13,ARV,116-ZA-T30,12-Apr-13,Truck,Pediatric,300,0.08,S. BUYS WHOLESALER,DDP,Weight Captured Separately
86213,DN-4336,Generic,Zimbabwe,04-Aug-15,11-Aug-15,30/60mg,Chewable/dispersible tablet - FDC,Yes,Freight Included in Commodity Cost,From RDC,"Lamivudine/Zidovudine 30/60mg, dispersible tablets, 60 Tabs",41.36,17660,35143.4,PMO - US,"Cipla, Goa, India",Lamivudine/Zidovudine,1.99,N/A - From RDC,SO-50022,FPQ-15197,10/16/14,ARV,103-ZW-T30,31-Aug-15,Truck,Pediatric,60,0.03,SCMS from RDC,N/A - From RDC,3595
82994,DN-2461,Generic,Uganda,19-Jan-12,19-Jan-12,150/300mg,Tablet - FDC,Yes,10891.66,From RDC,"Lamivudine/Zidovudine 150/300mg, tablets, 60 Tabs",57.6,4226,34906.76,PMO - US,"Aurobindo Unit III, India",Lamivudine/Zidovudine,8.26,N/A - From RDC,SO-40941,FPQ-8522,10-05-11,ARV,114-UG-T30,31-Jan-12,Truck,Adult,60,0.14,SCMS from RDC,N/A - From RDC,8
43834,ASN-29184,Generic,Namibia,25-Nov-14,26-Nov-14,600/200/300mg,Tablet - FDC,Yes,17118.8,Direct Drop,"Efavirenz/Emtricitabine/Tenofovir Disoproxil Fumarate 600/200/300mg, tablets, 30 Tabs",314.75,29160,306180.0,PMO - US,"Mylan,  H-12 & H-13, India",Efavirenz/Emtricitabine/Tenofovir Disoproxil Fumarate,10.5,8/19/14,SCMS-252630,FPQ-14728,7/30/14,ARV,901-NA-T30,25-Nov-14,Air,Adult,30,0.35,MYLAN LABORATORIES LTD (FORMERLY MATRIX LABORATORIES),EXW,3402
10748,DN-986,Generic,Uganda,09-Jan-09,09-Jan-09,150/300/200mg,Tablet - FDC,Yes,7321.04,From RDC,"Lamivudine/Nevirapine/Zidovudine 150/200/300mg, tablets, 60 Tabs",145.61,6296,74292.8,PMO - US,"Aurobindo Unit III, India",Lamivudine/Nevirapine/Zidovudine,11.8,N/A - From RDC,SO-17870,Pre-PQ Process,Pre-PQ Process,ARV,114-UG-T01,09-Jan-09,Air,Adult,60,0.2,SCMS from RDC,N/A - From RDC,822
83189,DN-3437,Generic,Nigeria,26-Nov-13,05-Dec-13,150/300/200mg,Tablet - FDC,No,See DN-3437 (ID#:83188),From RDC,"Lamivudine/Nevirapine/Zidovudine 150/200/300mg, tablets, 60 Tabs",10.2,961,8245.38,PMO - US,"Aurobindo Unit III, India",Lamivudine/Nevirapine/Zidovudine,8.58,N/A - From RDC,SO-47222,FPQ-12248,05-06-13,ARV,151-NG-T30,18-Nov-13,Air Charter,Adult,60,0.14,SCMS from RDC,N/A - From RDC,See DN-3437 (ID#:83188)
82492,DN-2756,Generic,CÃte dIvoire,31-Jul-12,31-Jul-12,300mg,Tablet,Yes,2252.42,From RDC,"Tenofovir Disoproxil Fumarate 300mg, tablets, 30 Tabs",10.13,1499,7225.18,PMO - US,"Aurobindo Unit III, India",Tenofovir Disoproxil Fumarate,4.82,N/A - From RDC,SO-41201,FPQ-8790,11-11-11,ARV,104-CI-T30,31-Jul-12,Air,Adult,30,0.16,SCMS from RDC,N/A - From RDC,123
10866,DN-320,Generic,CÃte dIvoire,30-Aug-07,30-Aug-07,200mg,Tablet,No,See DN-320 (ID#:10593),From RDC,"Nevirapine 200mg, tablets, 60 Tabs",140.35,25799,87716.6,PMO - US,"Strides, Bangalore, India.",Nevirapine,3.4,N/A - From RDC,SO-959,Pre-PQ Process,Pre-PQ Process,ARV,104-CI-T01,30-Aug-07,MIssing,Adult,60,0.06,SCMS from RDC,N/A - From RDC,See DN-320 (ID#:10593)
84613,DN-2078,Generic,Zambia,13-Jan-11,13-Jan-11,150mg,Tablet,Yes,2355.79,From RDC,"Lamivudine 150mg, tablets, 60 Tabs",60.68,12080,28146.4,PMO - US,Hetero Unit III Hyderabad IN,Lamivudine,2.33,N/A - From RDC,SO-38150,FPQ-6222,8/20/10,ARV,110-ZM-T30,01-Apr-11,Truck,Adult,60,0.04,SCMS from RDC,N/A - From RDC,503
52945,ASN-19232,Generic,Haiti,25-Jul-13,25-Jul-13,150/300/200mg,Tablet - FDC,Yes,7567.99,Direct Drop,"Lamivudine/Nevirapine/Zidovudine 150/200/300mg, tablets, 60 Tabs",305.65,30096,247088.16,PMO - US,Hetero Unit III Hyderabad IN,Lamivudine/Nevirapine/Zidovudine,8.21,03-07-13,SCMS-177161,FPQ-11442,1/30/13,ARV,106-HT-T30,25-Jul-13,Ocean,Adult,60,0.14,HETERO LABS LIMITED,EXW,4278
400,ASN-1465,Capillus,Ethiopia,11-Mar-08,11-Mar-08,MIssing,Test kit,Yes,Freight Included in Commodity Cost,Direct Drop,"HIV 1/2, Capillus HIV Kit, 100 Tests",21.44,63,13399.25,PMO - US,"Trinity Biotech, Plc","HIV 1/2, Capillus HIV Kit",212.69,2/29/08,SCMS-18430,Pre-PQ Process,Pre-PQ Process,HRDT,117-ET-T01,11-Mar-08,MIssing,HIV test,100,2.13,TURE PHARMACEUTICALS & MEDICAL SUPPLIES P.L.C.,DDP,Weight Captured Separately
83427,DN-1827,Generic,Ethiopia,04-May-10,04-May-10,300mg,Tablet,Yes,2211.22,From RDC,"Zidovudine 300mg, tablets, 60 Tabs",77.72,5000,36050.0,PMO - US,"Aurobindo Unit III, India",Zidovudine,7.21,N/A - From RDC,SO-36650,FPQ-5450,04-06-10,ARV,117-ET-T30,02-Jul-10,Air,Adult,60,0.12,SCMS from RDC,N/A - From RDC,276
84504,DN-1505,Generic,Guyana,03-Nov-09,03-Nov-09,600mg,Tablet,Yes,6061.01,From RDC,"Efavirenz 600mg, tablets, 30 Tabs",59.03,4737,27379.86,PMO - US,"Aurobindo Unit III, India",Efavirenz,5.78,N/A - From RDC,SO-34480,FPQ-4438,10/15/09,ARV,105-GY-T30,23-Nov-09,Air,Adult,30,0.19,SCMS from RDC,N/A - From RDC,427
85687,DN-1924,Generic,Nigeria,28-Jun-10,28-Jun-10,150/300mg+600mg,Tablet - FDC + co-blister,No,Freight Included in Commodity Cost,From RDC,"Lamivudine/Zidovudine+Efavirenz 150/300mg+600mg, tablets, co-blister 60+30 Tabs",9.64,213,4473.0,PMO - US,"Strides, Bangalore, India.",Lamivudine/Zidovudine+Efavirenz,21.0,N/A - From RDC,SO-36530,FPQ-5023,02-10-10,ARV,151-NG-T30,15-Jul-10,Air,Adult,90,0.23,SCMS from RDC,N/A - From RDC,Weight Captured Separately
65803,ASN-28037,Generic,South Africa,29-Aug-14,29-Aug-14,300mg,Tablet,No,Freight Included in Commodity Cost,Direct Drop,"Zidovudine 300mg, tablets, 60 Tabs",0.64,19,515.11,PMO - US,"Aurobindo Unit III, India",Zidovudine,27.11,8/29/14,SCMS-199289,FPQ-12522,07-11-13,ARV,116-ZA-T30,29-Aug-14,Truck,Adult,60,0.45,S. BUYS WHOLESALER,DDP,Weight Captured Separately
74320,ASN-24412,Generic,Haiti,09-May-14,12-May-14,200mg,Tablet,No,See ASN-24412 (ID#:64757),Direct Drop,"Nevirapine 200mg, tablets, 60 Tabs",29.19,10725,23595.0,PMO - US,Hetero Unit III Hyderabad IN,Nevirapine,2.2,10/25/13,SCMS-210510,FPQ-12590,8/21/13,ARV,106-HT-T30,09-May-14,Ocean,Adult,60,0.04,HETERO LABS LIMITED,EXW,See ASN-24412 (ID#:64757)
51755,ASN-11399,Determine,Zambia,22-Jul-11,22-Jul-11,MIssing,Test kit,Yes,15123.48,Direct Drop,"HIV 1/2, Determine Complete HIV Kit, 100 Tests",228.23,1729,138320.0,PMO - US,Inverness Japan,"HIV 1/2, Determine Complete HIV Kit",80.0,4/21/11,SCMS-106740,FPQ-7439,04-01-11,HRDT,110-ZM-T30,22-Jul-11,Air,HIV test,100,0.8,"Orgenics, Ltd",EXW,667
85357,DN-3127,Generic,Uganda,04-Jun-13,04-Jun-13,300/300mg,Tablet - FDC,Yes,11803.13,From RDC,"Lamivudine/Tenofovir Disoproxil Fumarate 300/300mg, tablets, 30 Tabs",156.63,26940,126618.0,PMO - US,"Aurobindo Unit VII, IN",Lamivudine/Tenofovir Disoproxil Fumarate,4.7,N/A - From RDC,SO-43880,FPQ-11133,12/13/12,ARV,114-UG-T30,04-Jun-13,Truck,Adult,30,0.16,SCMS from RDC,N/A - From RDC,2517
23156,ASN-26928,Generic,Vietnam,30-Jul-14,01-Aug-14,600/300/300mg,Tablet - FDC,Yes,5173.14,Direct Drop,"Efavirenz/Lamivudine/Tenofovir Disoproxil Fumarate 600/300/300mg, tablets, 30 Tabs",178.4,16528,173544.0,PMO - US,Hetero Unit III Hyderabad IN,Efavirenz/Lamivudine/Tenofovir Disoproxil Fumarate,10.5,03-10-14,SCMS-226260,FPQ-13524,02-06-14,ARV,108-VN-T30,13-Aug-14,Air,Adult,30,0.35,HETERO LABS LIMITED,EXW,3283
82203,ASN-18844,Videx,Haiti,11-Apr-13,11-Apr-13,2g,Powder for oral solution,Yes,817.99,Direct Drop,"Didanosine 2g [Videx], powder for oral solution 10mg/ml, reconstitute to 200 ml",1.53,98,1233.82,PMO - US,Bristol-Myers Squibb Anagni IT,Didanosine,12.59,02-05-13,SCMS-176250,FPQ-11285,1/16/13,ARV,106-HT-T30,11-Apr-13,Air,Pediatric,200,0.06,LAWRENCE LABORATORIES (SUBSIDIARY OF BRISTOL MYERS SQUIBB),FCA,22
19344,ASN-6490,Generic,Guyana,09-Apr-10,09-Apr-10,60/100/12mg,Chewable/dispersible tablet - FDC,Yes,541.88,Direct Drop,"Lamivudine/Nevirapine/Stavudine 60/100/12mg, dispersible tablets, 60 Tabs",0.83,90,387.0,PMO - US,"Cipla, Goa, India",Lamivudine/Nevirapine/Stavudine,4.3,1/28/10,SCMS-63980,FPQ-4922,1/19/10,ARV,105-GY-T30,09-Apr-10,Air,Pediatric,60,0.07,CIPLA LIMITED,EXW,9
70733,ASN-17741,Generic,Vietnam,30-Jan-13,30-Jan-13,150mg,Tablet,Yes,2040.93,Direct Drop,"Lamivudine 150mg, tablets, 60 Tabs",57.86,22430,41271.2,PMO - US,"Micro labs, Verna, Goa, India",Lamivudine,1.84,9/24/12,SCMS-161070,FPQ-10644,9/19/12,ARV,108-VN-T30,30-Jan-13,Air,Adult,60,0.03,MICRO LABS LIMITED,EXW,939
10927,DN-628,Trizivir,Mozambique,05-Apr-08,05-Apr-08,300/150/300mg,Tablet - FDC,No,See DN-628 (ID#:10654),From RDC,"Abacavir/Lamivudine/Zidovudine 300/150/300mg [Trizivir], tablets, 60 Tabs",23.86,213,14910.0,PMO - US,GSK Ware (UK),Abacavir/Lamivudine/Zidovudine,70.0,N/A - From RDC,SO-1039,Pre-PQ Process,Pre-PQ Process,ARV,111-MZ-T01,08-Apr-08,Air,Adult,60,1.17,SCMS from RDC,N/A - From RDC,See DN-628 (ID#:10654)
84192,DN-2862,Generic,Mozambique,10-Oct-12,10-Oct-12,200mg,Tablet,No,See DN-2862 (ID#:83083),From RDC,"Nevirapine 200mg, tablets, 60 Tabs",0.89,263,636.46,PMO - US,Hetero Unit III Hyderabad IN,Nevirapine,2.42,N/A - From RDC,SO-42820,FPQ-10210,6/28/12,ARV,111-MZ-T30,31-Oct-12,Truck,Adult,60,0.04,SCMS from RDC,N/A - From RDC,See DN-2862 (ID#:83083)
11293,DN-1073,Generic,Tanzania,06-Mar-09,06-Mar-09,20mg/ml,Oral solution,Yes,6708.25,From RDC,"Abacavir 20mg/ml, oral solution, Bottle, 240 ml",140.51,4439,71689.85,PMO - US,"Aurobindo Unit III, India",Abacavir,16.15,N/A - From RDC,SO-18710,Pre-PQ Process,Pre-PQ Process,ARV,109-TZ-T01,06-Mar-09,Truck,Pediatric,240,0.07,SCMS from RDC,N/A - From RDC,1592
68437,ASN-9835,Uni-Gold,Mozambique,07-Apr-11,07-Apr-11,MIssing,Test kit,Yes,897.87,Direct Drop,"HIV 1/2, Uni-Gold HIV Kit, 20 Tests",5.7,108,3456.0,PMO - US,"Trinity Biotech, Plc","HIV 1/2, Uni-Gold HIV Kit",32.0,01-12-11,SCMS-93750,FPQ-6562,11/16/10,HRDT,111-MZ-T30,07-Apr-11,Air,HIV test,20,1.6,"Trinity Biotech, Plc",EXW,41
27881,ASN-11005,Videx EC,Tanzania,14-Jul-11,14-Jul-11,250mg,Delayed-release capsules - blister,Yes,10816.49,Direct Drop,"Didanosine EC 250mg [Videx EC], delayed-release capsules, Blister 3 x 10 Caps",192.37,6357,116587.38,PMO - US,Bristol-Myers Squibb Anagni IT,Didanosine EC,18.34,4/14/11,SCMS-103291,FPQ-6795,1/27/11,ARV,109-TZ-T30,14-Jul-11,Air,Adult,30,0.61,LAWRENCE LABORATORIES (SUBSIDIARY OF BRISTOL MYERS SQUIBB),FCA,1272
82739,DN-3966,Generic,CÃte dIvoire,17-Oct-14,07-Nov-14,300mg,Tablet,Yes,2440.19,From RDC,"Tenofovir Disoproxil Fumarate 300mg, tablets, 30 Tabs",21.97,5905,21376.1,PMO - US,Hetero Unit III Hyderabad IN,Tenofovir Disoproxil Fumarate,3.62,N/A - From RDC,SO-49880,FPQ-13628,1/29/14,ARV,104-CI-T30,31-Oct-14,Truck,Adult,30,0.12,SCMS from RDC,N/A - From RDC,599
7849,ASN-4378,Videx EC,Uganda,06-Jul-09,06-Jul-09,250mg,Delayed-release capsules - blister,Yes,390.81,Direct Drop,"Didanosine EC 250mg [Videx EC], delayed-release capsules, Blister 3 x 10 Caps",3.02,84,1540.56,PMO - US,"BMS Meymac, France",Didanosine EC,18.34,05-11-09,SCMS-45660,Pre-PQ Process,Pre-PQ Process,ARV,114-UG-T01,06-Jul-09,Air,Adult,30,0.61,BRISTOL-MYERS SQUIBB,CIP,4
82490,DN-2744,Generic,Uganda,26-Jul-12,26-Jul-12,150/300/200mg,Tablet - FDC,Yes,4911,From RDC,"Lamivudine/Nevirapine/Zidovudine 150/200/300mg, tablets, 60 Tabs",2.16,157,1540.17,PMO - US,"Strides, Bangalore, India.",Lamivudine/Nevirapine/Zidovudine,9.81,N/A - From RDC,SO-41593,FPQ-9355,2/20/12,ARV,114-UG-T30,05-Sep-12,Truck,Adult,60,0.16,SCMS from RDC,N/A - From RDC,836
85238,DN-2558,Generic,Tanzania,14-Feb-12,14-Feb-12,300mg,Tablet,No,See DN-2558 (ID#:82453),From RDC,"Zidovudine 300mg, tablets, 60 Tabs",456.39,39402,276602.04,PMO - US,Hetero Unit III Hyderabad IN,Zidovudine,7.02,N/A - From RDC,SO-40613,FPQ-8297,8/22/11,ARV,109-TZ-T30,06-Apr-12,Truck,Adult,60,0.12,SCMS from RDC,N/A - From RDC,See DN-2558 (ID#:82453)
46411,ASN-23737,Determine,CÃte dIvoire,22-Jan-14,27-Jan-14,MIssing,Test kit,Yes,23237.62,Direct Drop,"HIV 1/2, Determine Complete HIV Kit, 100 Tests",435.42,4400,352000.0,PMO - US,"Alere Medical Co., Ltd.","HIV 1/2, Determine Complete HIV Kit",80.0,5/21/13,SCMS-188310,FPQ-12135,4/18/13,HRDT,104-CI-T30,22-Jan-14,Air,HIV test,100,0.8,"Orgenics, Ltd",EXW,1808
78727,ASN-6747,Viracept,Rwanda,30-Apr-10,30-Apr-10,50mg/g,Oral powder,Yes,1253.71,Direct Drop,"Nelfinavir 50mg/g [Viracept], oral powder, 144g",11.71,148,5429.5,PMO - US,Roche Basel,Nelfinavir,36.69,1/20/10,SCMS-63651,FPQ-4854,01-06-10,ARV,107-RW-T30,30-Apr-10,Air,Pediatric,144,0.25,Hoffmann-La Roche ltd Basel,FCA,27
85378,DN-3232,Generic,Zimbabwe,06-Aug-13,06-Aug-13,30/50/60mg,Chewable/dispersible tablet - FDC,Yes,11133.66,From RDC,"Lamivudine/Nevirapine/Zidovudine 30/50/60mg, dispersible tablets, 60 Tabs",251.54,49000,203350.0,PMO - US,Mylan (formerly Matrix) Nashik,Lamivudine/Nevirapine/Zidovudine,4.15,N/A - From RDC,SO-44290,FPQ-11478,1/16/13,ARV,103-ZW-T30,30-Jul-13,Truck,Pediatric,60,0.07,SCMS from RDC,N/A - From RDC,3573
83450,DN-1982,Generic,CÃte dIvoire,23-Aug-10,23-Aug-10,600mg,Tablet,No,See DN-1982 (ID#:82910),From RDC,"Efavirenz 600mg, tablets, 30 Tabs",375.56,39144,174190.8,PMO - US,"Strides, Bangalore, India.",Efavirenz,4.45,N/A - From RDC,SO-36311,FPQ-5201,03-03-10,ARV,104-CI-T30,23-Aug-10,Air,Adult,30,0.15,SCMS from RDC,N/A - From RDC,See DN-1982 (ID#:82910)
85926,DN-2983,Generic,Tanzania,18-Feb-13,18-Feb-13,600/200/300mg,Tablet - FDC,Yes,Freight Included in Commodity Cost,From RDC,"Efavirenz/Emtricitabine/Tenofovir Disoproxil Fumarate 600/200/300mg, tablets, 30 Tabs",1254.84,65379,895038.51,PMO - US,Mylan (formerly Matrix) Nashik,Efavirenz/Emtricitabine/Tenofovir Disoproxil Fumarate,13.69,N/A - From RDC,SO-43100,FPQ-10545,8/24/12,ARV,109-TZ-T30,11-Mar-13,Truck,Adult,30,0.46,SCMS from RDC,N/A - From RDC,7385
75345,ASN-5061,Aluvia,CÃte dIvoire,23-Oct-09,23-Oct-09,200/50mg,Tablet,Yes,18459.58,Direct Drop,"Lopinavir/Ritonavir 200/50mg [Aluvia], tablets, 120 Tabs",890.17,12560,454169.6,PMO - US,ABBVIE Ludwigshafen Germany,Lopinavir/Ritonavir,36.16,09-11-09,SCMS-52600,FPQ-3967,8/21/09,ARV,104-CI-T30,23-Oct-09,Air,Adult,120,0.3,ABBVIE LOGISTICS (FORMERLY ABBOTT LOGISTICS BV),FCA,3080
11940,DN-853,Generic,Tanzania,29-Aug-08,29-Aug-08,150/200/30mg,Tablet - FDC,Yes,36855.6,From RDC,"Lamivudine/Nevirapine/Stavudine 150/200/30mg, tablets, 60 Tabs",23.81,2011,14881.4,PMO - US,"Cipla, Goa, India",Lamivudine/Nevirapine/Stavudine,7.4,N/A - From RDC,SO-2565,Pre-PQ Process,Pre-PQ Process,ARV,109-TZ-T01,29-Aug-08,Air,Adult,60,0.12,SCMS from RDC,N/A - From RDC,6650
85321,DN-2965,Generic,Mozambique,11-Jan-13,11-Jan-13,150/300/200mg,Tablet - FDC,Yes,7433.02,From RDC,"Lamivudine/Nevirapine/Zidovudine 150/200/300mg, tablets, 60 Tabs",1144.73,84875,816497.5,PMO - US,"Cipla, Goa, India",Lamivudine/Nevirapine/Zidovudine,9.62,N/A - From RDC,SO-42832,FPQ-10210,6/28/12,ARV,111-MZ-T30,11-Jan-13,Truck,Adult,60,0.16,SCMS from RDC,N/A - From RDC,18031
11201,DN-440,Generic,CÃte dIvoire,29-Nov-07,29-Nov-07,30mg,Capsule,No,See DN-440 (ID#:11200),From RDC,"Stavudine 30mg, capsules, 60 Caps",11.19,3996,6993.0,PMO - US,"Aurobindo Unit III, India",Stavudine,1.75,N/A - From RDC,SO-1145,Pre-PQ Process,Pre-PQ Process,ARV,104-CI-T01,29-Nov-07,Air,Adult,60,0.03,SCMS from RDC,N/A - From RDC,See DN-440 (ID#:11200)
24581,ASN-32138,Intelence,South Africa,12-May-15,12-May-15,100mg,Tablet,No,Freight Included in Commodity Cost,Direct Drop,"Etravirine 100mg [Intelence], tablets, 120 Tabs",0.08,3,76.78,PMO - US,"Janssen-Cilag, Latina, IT",Etravirine,25.59,05-11-15,SCMS-259075,FPQ-14942,09-11-14,ARV,116-ZA-T30,12-May-15,Truck,Adult,120,0.21,PHARMACY DIRECT,DDP,Weight Captured Separately
84547,DN-1760,Generic,Uganda,08-Apr-10,08-Apr-10,300mg,Tablet,No,See DN-1760 (ID#:82876),From RDC,"Zidovudine 300mg, tablets, 60 Tabs",0.81,50,375.0,PMO - US,"Aurobindo Unit III, India",Zidovudine,7.5,N/A - From RDC,SO-36100,FPQ-5238,03-02-10,ARV,114-UG-T30,26-May-10,Air,Adult,60,0.12,SCMS from RDC,N/A - From RDC,See DN-1760 (ID#:82876)
85109,DN-1811,Generic,Guyana,25-May-10,25-May-10,100mg,Chewable/dispersible tablet,Yes,1721.53,From RDC,"Didanosine 100mg, chewable/dispersible tablets, 60 Tabs",5.49,330,2547.6,PMO - US,"Aurobindo Unit III, India",Didanosine,7.72,N/A - From RDC,SO-36641,FPQ-5470,04-07-10,ARV,105-GY-T30,30-Jun-10,Air,Pediatric,60,0.13,SCMS from RDC,N/A - From RDC,71
83760,DN-3520,Generic,Rwanda,25-Feb-14,12-Mar-14,150/300mg,Tablet - FDC,Yes,9828.73,From RDC,"Lamivudine/Zidovudine 150/300mg, tablets, 60 Tabs",71.6,8600,57878.0,PMO - US,"Cipla, Goa, India",Lamivudine/Zidovudine,6.73,N/A - From RDC,SO-46490,FPQ-12766,08-02-13,ARV,107-RW-T30,31-Jan-14,Truck,Adult,60,0.11,SCMS from RDC,N/A - From RDC,770
84829,DN-3228,Generic,Cameroon,14-Jul-13,14-Jul-13,300/300mg,Tablet - FDC,No,See DN-3228 (ID#:82588),From RDC,"Lamivudine/Tenofovir Disoproxil Fumarate 300/300mg, tablets, 30 Tabs",33.72,5800,27260.0,PMO - US,"Aurobindo Unit VII, IN",Lamivudine/Tenofovir Disoproxil Fumarate,4.7,N/A - From RDC,SO-45830,FPQ-12520,6/21/13,ARV,901-CM-T30,22-Jul-13,Air Charter,Adult,30,0.16,SCMS from RDC,N/A - From RDC,See DN-3228 (ID#:82588)
8378,ASN-2043,Generic,Vietnam,17-Jul-08,17-Jul-08,600mg,Tablet,Yes,4408.29,Direct Drop,"Efavirenz 600mg, tablets, 30 Tabs",185.15,10080,115718.4,PMO - US,Mylan (formerly Matrix) Nashik,Efavirenz,11.48,3/31/08,SCMS-20360,Pre-PQ Process,Pre-PQ Process,ARV,108-VN-T01,17-Jul-08,Air,Adult,30,0.38,MYLAN LABORATORIES LTD (FORMERLY MATRIX LABORATORIES),EXW,772
68230,ASN-6188,Aluvia,Vietnam,15-Mar-10,15-Mar-10,200/50mg,Tablet,Yes,4755.76,Direct Drop,"Lopinavir/Ritonavir 200/50mg [Aluvia], tablets, 120 Tabs",322.55,1820,149604.0,PMO - US,ABBVIE Ludwigshafen Germany,Lopinavir/Ritonavir,82.2,01-11-10,SCMS-62380,FPQ-4720,01-04-09,ARV,108-VN-T30,15-Mar-10,Air,Adult,120,0.68,ABBVIE LOGISTICS (FORMERLY ABBOTT LOGISTICS BV),FCA,445
84593,DN-2012,Generic,CÃte dIvoire,25-Sep-10,25-Sep-10,150/30mg,Tablet - FDC,No,See DN-2012 (ID#:84040),From RDC,"Lamivudine/Stavudine 150/30mg, tablets, 60 Tabs",39.77,5624,18446.72,PMO - US,Mylan (formerly Matrix) Nashik,Lamivudine/Stavudine,3.28,N/A - From RDC,SO-36881,FPQ-5623,05-07-10,ARV,104-CI-T30,19-Oct-10,Truck,Adult,60,0.05,SCMS from RDC,N/A - From RDC,See DN-2012 (ID#:84040)
51340,ASN-20370,Generic,Haiti,24-Jul-13,24-Jul-13,30/50/60mg,Chewable/dispersible tablet - FDC,Yes,3456.02,Direct Drop,"Lamivudine/Nevirapine/Zidovudine 30/50/60mg, dispersible tablets, 60 Tabs",20.26,4095,16380.0,PMO - US,"Strides, Bangalore, India.",Lamivudine/Nevirapine/Zidovudine,4.0,3/22/13,SCMS-180990,FPQ-11443,02-07-13,ARV,106-HT-T30,24-Jul-13,Air,Pediatric,60,0.07,STRIDES ARCOLAB LIMITED,EXW,176
14578,ASN-18919,Generic,Haiti,07-Aug-13,07-Aug-13,200mg,Capsule,Yes,8768.76,Direct Drop,"Efavirenz 200mg, capsule, 90 Caps",25.04,3680,20240.0,PMO - US,"Aurobindo Unit III, India",Efavirenz,5.5,03-11-13,SCMS-177180,FPQ-11442,1/30/13,ARV,106-HT-T30,07-Aug-13,Ocean,Pediatric,90,0.06,Aurobindo Pharma Limited,EXW,6385
86072,DN-3628,Generic,Mozambique,24-Jun-14,14-Jul-14,600mg,Tablet,No,See DN-3628 (ID#:83234),From RDC,"Efavirenz 600mg, tablets, 30 Tabs",215.66,63000,209790.0,PMO - US,"Strides, Bangalore, India.",Efavirenz,3.33,N/A - From RDC,SO-47041,FPQ-13124,10/21/13,ARV,111-MZ-T30,14-Jun-14,Truck,Adult,30,0.11,SCMS from RDC,N/A - From RDC,See DN-3628 (ID#:83234)
76881,ASN-32567,Generic,Cameroon,17-Jun-15,17-Jun-15,50mg,Chewable/dispersible tablet,Yes,Invoiced Separately,Direct Drop,"Nevirapine 50mg, dispersible tablets (tablets for oral suspension), 30 Tabs",6.5,4416,5520.0,PMO - US,"Aurobindo Unit III, India",Nevirapine,1.25,06-02-15,SCMS-289310,FPQ-16210,4/28/15,ARV,103-CM-T30,17-Jun-15,Air,Pediatric,30,0.04,Aurobindo Pharma Limited,EXW,Weight Captured Separately
64208,ASN-33269,Generic,Vietnam,03-Sep-15,03-Sep-15,600/300/300mg,Tablet - FDC,No,See ASN-33269 (ID#:25323),Direct Drop,"Efavirenz/Lamivudine/Tenofovir Disoproxil Fumarate 600/300/300mg, tablets, 30 Tabs",153.59,13736,130492.0,PMO - US,Hetero Unit III Hyderabad IN,Efavirenz/Lamivudine/Tenofovir Disoproxil Fumarate,9.5,5/13/15,SCMS-285500,FPQ-16194,4/14/15,ARV,108-VN-T30,03-Sep-15,Air,Adult,30,0.32,HETERO LABS LIMITED,EXW,See ASN-33269 (ID#:25323)
85244,DN-2594,Aluvia,Burundi,04-May-12,04-May-12,200/50mg,Tablet,No,See DN-2594 (ID#:83021),From RDC,"Lopinavir/Ritonavir 200/50mg [Aluvia], tablets, 120 Tabs",11.35,240,8097.6,PMO - US,ABBVIE Ludwigshafen Germany,Lopinavir/Ritonavir,33.74,N/A - From RDC,SO-41530,FPQ-9229,1/25/12,ARV,102-BI-T30,26-Apr-12,Air,Adult,120,0.28,SCMS from RDC,N/A - From RDC,See DN-2594 (ID#:83021)
82531,DN-2946,Generic,Nigeria,04-Dec-12,04-Dec-12,200mg,Tablet,Yes,51090,From RDC,"Nevirapine 200mg, tablets, 60 Tabs",57.24,16870,40825.4,PMO - US,"Strides, Bangalore, India.",Nevirapine,2.42,N/A - From RDC,SO-43435,FPQ-9968,5/23/12,ARV,151-NG-T30,04-Dec-12,Air,Adult,60,0.04,SCMS from RDC,N/A - From RDC,7973
39966,ASN-5952,Uni-Gold,Namibia,12-Feb-10,12-Feb-10,MIssing,Test kit,Yes,5061.46,Direct Drop,"HIV 1/2, Uni-Gold HIV Kit, 20 Tests",96.59,1400,44800.0,PMO - US,"Trinity Biotech, Plc","HIV 1/2, Uni-Gold HIV Kit",32.0,10/13/09,SCMS-54910,FPQ-4398,10-07-09,HRDT,119-NA-T30,12-Feb-10,Air,HIV test,20,1.6,"Trinity Biotech, Plc",EXW,500
44643,ASN-32258,Generic,Vietnam,13-Jul-15,14-Jul-15,300mg,Tablet,No,See ASN-32258 (ID#:29880),Direct Drop,"Abacavir 300mg, tablets, 60 Tabs",25.78,2000,21900.0,PMO - US,Hetero Unit III Hyderabad IN,Abacavir,10.95,2/17/15,SCMS-274370,FPQ-15692,1/28/15,ARV,108-VN-T30,13-Jul-15,Air,Adult,60,0.18,HETERO LABS LIMITED,EXW,See ASN-32258 (ID#:29880)
85449,DN-3580,Generic,Mozambique,14-Apr-14,17-Apr-14,150/300/200mg,Tablet - FDC,No,See DN-3580 (ID#:83772),From RDC,"Lamivudine/Nevirapine/Zidovudine 150/200/300mg, tablets, 60 Tabs",0.81,95,784.7,PMO - US,Mylan (formerly Matrix) Nashik,Lamivudine/Nevirapine/Zidovudine,8.26,N/A - From RDC,SO-47083,FPQ-13123,10/21/13,ARV,111-MZ-T30,15-Apr-14,Truck,Adult,60,0.14,SCMS from RDC,N/A - From RDC,See DN-3580 (ID#:83772)
72557,ASN-20241,Determine,Uganda,15-Jul-13,15-Jul-13,MIssing,Test kit,Yes,47892.57,Direct Drop,"HIV 1/2, Determine Complete HIV Kit, 100 Tests",300.05,3032,242560.0,PMO - US,"Alere Medical Co., Ltd.","HIV 1/2, Determine Complete HIV Kit",80.0,05-09-13,SCMS-188330,FPQ-12154,4/23/13,HRDT,114-UG-T30,11-Jul-13,Air,HIV test,100,0.8,"Orgenics, Ltd",EXW,1317
83193,DN-3448,Generic,Zambia,25-Mar-14,02-Apr-14,30/50/60mg,Chewable/dispersible tablet - FDC,Yes,3526.69,From RDC,"Lamivudine/Nevirapine/Zidovudine 30/50/60mg, dispersible tablets, 60 Tabs",182.75,37979,147738.31,PMO - US,"Strides, Bangalore, India.",Lamivudine/Nevirapine/Zidovudine,3.89,N/A - From RDC,SO-45070,FPQ-12066,4/19/13,ARV,110-ZM-T30,25-Mar-14,Truck,Pediatric,60,0.06,SCMS from RDC,N/A - From RDC,1628
44783,ASN-11160,Bioline,CÃte dIvoire,30-Jun-11,30-Jun-11,MIssing,Test kit,Yes,7894.76,Direct Drop,"HIV 1/2, Bioline 3.0 Kit, (no accessories), 30 Tests",95.75,2418,58032.0,PMO - US,"Standard Diagnostics, Korea","HIV 1/2, Bioline 3.0 Kit (no accessories)",24.0,4/18/11,SCMS-104290,FPQ-7192,2/17/11,HRDT,104-CI-T30,30-Jun-11,Air,HIV test,30,0.8,"Standard Diagnostics, Inc.",EXW,859
17865,ASN-27750,Kaletra,South Africa,13-Aug-14,13-Aug-14,80/20mg/ml,Oral solution,Yes,Freight Included in Commodity Cost,Direct Drop,"Lopinavir/Ritonavir 80/20mg/ml [Kaletra], oral solution, cool, Bottle 5 x 60 ml",0.06,2,46.9,PMO - US,ABBVIE (Abbott) Logis. UK,Lopinavir/Ritonavir,23.45,8/13/14,SCMS-199287,FPQ-12522,07-11-13,ARV,116-ZA-T30,13-Aug-14,Truck,Pediatric,300,0.08,S. BUYS WHOLESALER,DDP,Weight Captured Separately
10998,DN-858,Generic,Mozambique,05-Sep-08,05-Sep-08,150/200/30mg,Tablet - FDC,Yes,Freight Included in Commodity Cost,From RDC,"Lamivudine/Nevirapine/Stavudine 150/200/30mg, tablets, 60 Tabs",921.6,80000,576000.0,PMO - US,"Strides, Bangalore, India.",Lamivudine/Nevirapine/Stavudine,7.2,N/A - From RDC,SO-2524,Pre-PQ Process,Pre-PQ Process,ARV,111-MZ-T01,05-Sep-08,Truck,Adult,60,0.12,SCMS from RDC,N/A - From RDC,11515
12289,DN-1257,Generic,Nigeria,05-Jun-09,05-Jun-09,150/300mg,Tablet - FDC,Yes,1012.18,From RDC,"Lamivudine/Zidovudine 150/300mg, tablets, 60 Tabs",30,1747,15303.72,PMO - US,Mylan (formerly Matrix) Nashik,Lamivudine/Zidovudine,8.76,N/A - From RDC,SO-21052,Pre-PQ Process,Pre-PQ Process,ARV,112-NG-T01,05-Jun-09,Air,Adult,60,0.15,SCMS from RDC,N/A - From RDC,148
1502,ASN-990,Viread,Rwanda,28-Jan-08,28-Jan-08,300mg,Tablet,Yes,7922.24,Direct Drop,"Tenofovir Disoproxil Fumarate 300mg [Viread], tablets, 30 Tabs",43.76,1609,27353.0,PMO - US,"Aspen-OSD, Port Elizabeth, SA",Tenofovir Disoproxil Fumarate,17.0,11-12-07,SCMS-13900,Pre-PQ Process,Pre-PQ Process,ARV,107-RW-T01,28-Jan-08,Air,Adult,30,0.57,ASPEN PHARMACARE,EXW,157
83610,DN-2783,Generic,Rwanda,17-Aug-12,17-Aug-12,150/300mg,Tablet - FDC,Yes,16152,From RDC,"Lamivudine/Zidovudine 150/300mg, tablets, 60 Tabs",325.92,29880,232466.4,PMO - US,"Aurobindo Unit III, India",Lamivudine/Zidovudine,7.78,N/A - From RDC,SO-42730,FPQ-10119,6/18/12,ARV,107-RW-T30,28-Sep-12,Air,Adult,60,0.13,SCMS from RDC,N/A - From RDC,2699
83134,DN-3120,Generic,Uganda,09-May-13,09-May-13,200mg,Tablet,Yes,3483.79,From RDC,"Nevirapine 200mg, tablets, 60 Tabs",32.12,11490,25967.4,PMO - US,Hetero Unit III Hyderabad IN,Nevirapine,2.26,N/A - From RDC,SO-43943,FPQ-11143,12/13/12,ARV,114-UG-T30,30-Apr-13,Air,Adult,60,0.04,SCMS from RDC,N/A - From RDC,722
82273,DN-1474,Generic,CÃte dIvoire,23-Oct-09,23-Oct-09,200mg,Tablet,Yes,4266.24,From RDC,"Nevirapine 200mg, tablets, 60 Tabs",14.78,2600,7540.0,PMO - US,Hetero Unit III Hyderabad IN,Nevirapine,2.9,N/A - From RDC,SO-33520,FPQ-4187,09-09-09,ARV,104-CI-T30,23-Oct-09,Air,Adult,60,0.05,SCMS from RDC,N/A - From RDC,373
64452,ASN-20894,Generic,Haiti,20-Aug-13,20-Aug-13,150/30mg,Tablet - FDC,Yes,1180.73,Direct Drop,"Lamivudine/Stavudine 150/30mg, tablets, 60 Tabs",1.18,384,956.16,PMO - US,Hetero Unit III Hyderabad IN,Lamivudine/Stavudine,2.49,02-05-13,SCMS-176390,FPQ-11287,1/16/13,ARV,106-HT-T30,20-Aug-13,Air,Adult,60,0.04,HETERO LABS LIMITED,EXW,30
83495,DN-2152,Generic,Tanzania,28-Mar-11,28-Mar-11,600mg,Tablet,Yes,15707.3,From RDC,"Efavirenz 600mg, tablets, 30 Tabs",341.19,49000,206780.0,PMO - US,Mylan (formerly Matrix) Nashik,Efavirenz,4.22,N/A - From RDC,SO-39000,FPQ-7347,03-07-11,ARV,109-TZ-T30,07-Apr-11,Air,Adult,30,0.14,SCMS from RDC,N/A - From RDC,4030
83558,DN-2503,Generic,Guyana,04-Feb-12,04-Feb-12,20mg/ml,Oral solution,No,See DN-2503 (ID#:83007),From RDC,"Abacavir 20mg/ml, oral solution w/syringe, Bottle, 240 ml",0.96,55,687.5,PMO - US,"Aurobindo Unit III, India",Abacavir,12.5,N/A - From RDC,SO-41000,FPQ-8620,10/27/11,ARV,105-GY-T30,30-Mar-12,Air,Pediatric,240,0.05,SCMS from RDC,N/A - From RDC,See DN-2503 (ID#:83007)
1674,ASN-1665,Norvir,South Africa,24-Apr-08,24-Apr-08,80mg/ml,Oral solution,No,Freight Included in Commodity Cost,Direct Drop,"Ritonavir 80mg/ml [Norvir], oral solution, cool, Bottle, 90 ml",0.08,6,47.28,PMO - US,ABBVIE (Abbott) France,Ritonavir,7.88,2/20/08,SCMS-19800,Pre-PQ Process,Pre-PQ Process,ARV,116-ZA-T01,24-Apr-08,Truck,Pediatric,90,0.09,S. BUYS WHOLESALER,DDP,Weight Captured Separately
15405,ASN-9332,Generic,Rwanda,07-Jan-11,07-Jan-11,200/50mg,Tablet,Yes,Freight Included in Commodity Cost,Direct Drop,"Lopinavir/Ritonavir 200/50mg, tablets, 120 Tabs",88.89,1202,41228.6,PMO - US,Cipla Ltd A-42 MIDC Mahar. IN,Lopinavir/Ritonavir,34.3,9/27/10,SCMS-83330,FPQ-6186,8/13/10,ARV,107-RW-T30,07-Jan-11,Air,Adult,120,0.29,CIPLA LIMITED,CIP,Weight Captured Separately
86439,DN-2495,Generic,"Congo, DRC",14-Feb-12,14-Feb-12,200/50mg,Tablet,No,See DN-2495 (ID#:83555),From RDC,"Lopinavir/Ritonavir 200/50mg, tablets, 120 Tabs",1.09,23,776.02,PMO - US,"Aurobindo Unit III, India",Lopinavir/Ritonavir,33.74,N/A - From RDC,SO-41133,FPQ-8840,11/21/11,ARV,101-CD-T30,16-Mar-12,Air,Adult,120,0.28,SCMS from RDC,N/A - From RDC,See DN-2495 (ID#:83555)
85528,DN-3927,Generic,"Congo, DRC",27-Oct-14,12-Nov-14,200mg,Tablet,No,See DN-3927 (ID#:83845),From RDC,"Efavirenz 200mg, scored tablets, 90 Tabs",6.81,710,6624.3,PMO - US,"Strides, Bangalore, India.",Efavirenz,9.33,N/A - From RDC,SO-49300,FPQ-14576,7/14/14,ARV,101-CD-T30,30-Oct-14,Air,Pediatric,90,0.1,SCMS from RDC,N/A - From RDC,See DN-3927 (ID#:83845)
40580,ASN-21309,Determine,Cameroon,27-Aug-13,27-Aug-13,MIssing,Test kit,Yes,37942.89,Direct Drop,"HIV 1/2, Determine Complete HIV Kit, 100 Tests",494.8,5000,400000.0,PMO - US,"Alere Medical Co., Ltd.","HIV 1/2, Determine Complete HIV Kit",80.0,7/22/13,SCMS-198570,FPQ-12571,07-02-13,HRDT,800-CM-T30,27-Aug-13,Air,HIV test,100,0.8,"Orgenics, Ltd",EXW,2268
86338,DN-2017,Generic,Guyana,19-Sep-10,19-Sep-10,100mg,Capsule,No,See DN-2017 (ID#:82918),From RDC,"Zidovudine 100mg, capsules, 100 Caps",4.77,457,2211.88,PMO - US,"Aurobindo Unit III, India",Zidovudine,4.84,N/A - From RDC,SO-37400,FPQ-6307,8/30/10,ARV,105-GY-T30,23-Nov-10,Air,Pediatric,100,0.05,SCMS from RDC,N/A - From RDC,See DN-2017 (ID#:82918)
22670,ASN-27474,Determine,Nigeria,05-Sep-14,17-Sep-14,MIssing,Test kit,Yes,25709.5,Direct Drop,"HIV 1/2, Determine Complete HIV Kit, 100 Tests",382.16,4177,371753.0,PMO - US,"Alere Medical Co., Ltd.","HIV 1/2, Determine Complete HIV Kit",89.0,06-02-14,SCMS-240830,FPQ-14305,5/16/14,HRDT,133-NG-T30,19-Aug-14,Air,HIV test,100,0.89,"Orgenics, Ltd",EXW,2755
84751,DN-2830,Generic,Uganda,18-Oct-12,18-Oct-12,200mg,Tablet,Yes,9325.16,From RDC,"Nevirapine 200mg, tablets, 60 Tabs",2.17,635,1549.4,PMO - US,"Strides, Bangalore, India.",Nevirapine,2.44,N/A - From RDC,SO-42052,FPQ-9875,05-09-12,ARV,114-UG-T30,18-Oct-12,Air,Adult,60,0.04,SCMS from RDC,N/A - From RDC,1779
64603,ASN-26736,Determine,"Congo, DRC",11-Aug-14,27-Aug-14,MIssing,Test kit,Yes,40965.77,Direct Drop,"HIV 1/2, Determine Complete HIV Kit, 100 Tests",257,3125,250000.0,PMO - US,"Alere Medical Co., Ltd.","HIV 1/2, Determine Complete HIV Kit",80.0,5/20/14,SCMS-239710,FPQ-14100,4/23/14,HRDT,101-CD-T30,11-Aug-14,Air,HIV test,100,0.8,"Orgenics, Ltd",EXW,1581
42505,ASN-28033,Generic,South Africa,29-Aug-14,29-Aug-14,200/300mg,Tablet - FDC,No,Freight Included in Commodity Cost,Direct Drop,"Emtricitabine/Tenofovir Disoproxil Fumarate 200/300mg, tablets, 30 Tabs",2.27,55,1833.08,PMO - US,"Aurobindo Unit III, India",Emtricitabine/Tenofovir Disoproxil Fumarate,33.33,8/29/14,SCMS-199289,FPQ-12522,07-11-13,ARV,116-ZA-T30,29-Aug-14,Truck,Adult,30,1.11,S. BUYS WHOLESALER,DDP,Weight Captured Separately
42116,ASN-5473,Generic,South Africa,27-Oct-09,27-Oct-09,50mg,Capsule,Yes,Freight Included in Commodity Cost,Direct Drop,"Efavirenz 50mg, capsule, 30 Caps",4.14,500,2112.45,PMO - US,"Aurobindo Unit III, India",Efavirenz,4.22,10/15/09,SCMS-54970,FPQ-4359,10-08-09,ARV,116-ZA-T30,27-Oct-09,Truck,Pediatric,30,0.14,S. BUYS WHOLESALER,DDP,Weight Captured Separately
84971,DN-3901,Generic,"Congo, DRC",24-Oct-14,10-Nov-14,10mg/ml,Oral solution,Yes,5580.44,From RDC,"Zidovudine 10mg/ml, oral solution w/syringe, Bottle, 240 ml",2.35,1090,2289.0,PMO - US,"Cipla, Goa, India",Zidovudine,2.1,N/A - From RDC,SO-48851,FPQ-14252,05-07-14,ARV,101-CD-T30,30-Sep-14,Air,Pediatric,240,0.01,SCMS from RDC,N/A - From RDC,408
85844,DN-2594,Generic,Burundi,04-May-12,04-May-12,10mg/ml,Oral suspension,No,See DN-2594 (ID#:83021),From RDC,"Nevirapine 10mg/ml, oral suspension w/syringe, Bottle, 240 ml",0.46,170,331.5,PMO - US,"Aurobindo Unit III, India",Nevirapine,1.95,N/A - From RDC,SO-41530,FPQ-9229,1/25/12,ARV,102-BI-T30,26-Apr-12,Air,Pediatric,240,0.01,SCMS from RDC,N/A - From RDC,See DN-2594 (ID#:83021)
78387,ASN-7974,Intelence,Uganda,01-Sep-10,01-Sep-10,100mg,Tablet,Yes,435,Direct Drop,"Etravirine 100mg [Intelence], tablets, 120 Tabs",9.05,50,4199.01,PMO - US,"Janssen-Cilag, Latina, IT",Etravirine,83.98,08-11-10,SCMS-80710,FPQ-5837,6/25/10,ARV,114-UG-T30,01-Sep-10,Air,Adult,120,0.7,ASPEN PHARMACARE,DDU,10
7172,ASN-2024,Generic,Nigeria,31-Jul-08,31-Jul-08,500/25mg,Tablet - FDC,Yes,20134.43,Direct Drop,"Sulfadoxine/Pyrimethamine 500/25mg, tablets, 1000 Tabs",0.84,20,527.0,PMO - US,"Micro Labs Ltd. (Brown & Burk), India",Sulfadoxine/Pyrimethamine,26.35,06-02-08,SCMS-24590,Pre-PQ Process,Pre-PQ Process,ANTM,130-NG-T01,31-Jul-08,Air,Malaria,1000,0.03,IDA FOUNDATION,EXW,1920
84509,DN-1530,Generic,Haiti,30-Nov-09,30-Nov-09,15mg,Capsule,No,See DN-1530 (ID#:83964),From RDC,"Stavudine 15mg, capsules, 60 Caps",0.35,108,162.0,PMO - US,"Aurobindo Unit III, India",Stavudine,1.5,N/A - From RDC,SO-34240,FPQ-4469,9/23/09,ARV,106-HT-T30,30-Nov-09,Air,Adult,60,0.02,SCMS from RDC,N/A - From RDC,See DN-1530 (ID#:83964)
47302,ASN-18805,Generic,Guyana,18-Apr-13,18-Apr-13,100mg,Capsule,No,See ASN-18805 (ID#:18997),Direct Drop,"Zidovudine 100mg, capsules, 100 Caps",1.24,218,1002.8,PMO - US,"Aurobindo Unit III, India",Zidovudine,4.6,03-06-13,SCMS-180000,FPQ-11562,02-07-13,ARV,105-GY-T30,18-Apr-13,Air,Pediatric,100,0.05,Aurobindo Pharma Limited,EXW,See ASN-18805 (ID#:18997)
837,ASN-3553,Zerit,South Africa,09-Oct-08,09-Oct-08,1mg/ml,Powder for oral solution,No,Freight Included in Commodity Cost,Direct Drop,"Stavudine 1mg/ml [Zerit], powder for oral solution, Bottle, 200 ml",1.68,600,858.0,PMO - US,"BMS Meymac, France",Stavudine,1.43,Date Not Captured,SCMS-33320,Pre-PQ Process,Pre-PQ Process,ARV,116-ZA-T01,17-May-09,Truck,Pediatric,200,0.01,S. BUYS WHOLESALER,DDP,Weight Captured Separately
86502,DN-2787,Generic,CÃte dIvoire,12-Aug-12,12-Aug-12,600mg,Tablet,No,See DN-2787 (ID#:83063),From RDC,"Efavirenz 600mg, tablets, 30 Tabs",41.05,7684,29276.04,PMO - US,"Strides, Bangalore, India.",Efavirenz,3.81,N/A - From RDC,SO-41341,FPQ-9063,12/21/11,ARV,104-CI-T30,31-Aug-12,Truck,Adult,30,0.13,SCMS from RDC,N/A - From RDC,See DN-2787 (ID#:83063)
53338,ASN-8795,Generic,South Africa,08-Dec-10,08-Dec-10,300mg,Tablet,Yes,3161.68,Direct Drop,"Zidovudine 300mg, tablets, 60 Tabs",1219.13,77143,565458.19,PMO - US,"Aurobindo Unit III, India",Zidovudine,7.33,9/24/10,SCMS-83830,FPQ-6262,8/31/10,ARV,161-ZA-T30,08-Dec-10,Ocean,Adult,60,0.12,Aurobindo Pharma Limited,DDP,3894
85648,DN-1599,Generic,Uganda,15-Jan-10,15-Jan-10,150mg,Tablet,Yes,2528.69,From RDC,"Lamivudine 150mg, tablets, 60 Tabs",33.41,6985,17043.4,PMO - US,"Aurobindo Unit III, India",Lamivudine,2.44,N/A - From RDC,SO-33880,FPQ-4275,9/17/09,ARV,114-UG-T30,25-Feb-10,Air,Adult,60,0.04,SCMS from RDC,N/A - From RDC,336
11723,DN-81,Generic,CÃte dIvoire,30-Apr-07,30-Apr-07,150/200/30mg,Tablet - FDC,Yes,3155,From RDC,"Lamivudine/Nevirapine/Stavudine 150/200/30mg, tablets, 60 Tabs",MIssing,9000,67500.0,PMO - US,"Cipla, Goa, India",Lamivudine/Nevirapine/Stavudine,7.5,N/A - From RDC,SO-435,Pre-PQ Process,Pre-PQ Process,ARV,100-CI-T01,30-Apr-07,MIssing,Adult,60,0.12,SCMS from RDC,N/A - From RDC,969
1730,ASN-1797,Generic,Nigeria,28-May-08,28-May-08,MIssing,Test kit - Ancillary,Yes,Invoiced Separately,Direct Drop,"HIV, Lancet, Safety, for HIV Test kits, 100 Pcs",0.02,1130,11.3,PMO - US,Inverness Japan,"HIV, Lancet, Safety, for HIV Test kits, 100 Pcs",0.01,Date Not Captured,SCMS-21580,Pre-PQ Process,Pre-PQ Process,HRDT,102-NG-T01,28-May-08,Air,HIV test - Ancillary,100,0.0,"Orgenics, Ltd",EXW,Weight Captured Separately
56505,ASN-11256,Generic,South Africa,06-Dec-11,06-Dec-11,200mg,Tablet,Yes,Freight Included in Commodity Cost,Direct Drop,"Nevirapine 200mg, tablets, 60 Tabs",579.77,129183,351377.76,PMO - US,"Cipla, Goa, India",Nevirapine,2.72,3/28/11,SCMS-104060,FPQ-7175,03-10-11,ARV,161-ZA-T30,06-Dec-11,Ocean,Adult,60,0.05,CIPLA LIMITED,DDP,Weight Captured Separately
10678,DN-828,Generic,Zambia,29-Jul-08,29-Jul-08,150/300mg,Tablet - FDC,Yes,2882.85,From RDC,"Lamivudine/Zidovudine 150/300mg, tablets, 60 Tabs",213.55,14124,133471.8,PMO - US,"Cipla, Goa, India",Lamivudine/Zidovudine,9.45,N/A - From RDC,SO-2485,Pre-PQ Process,Pre-PQ Process,ARV,110-ZM-T01,29-Jul-08,Truck,Adult,60,0.16,SCMS from RDC,N/A - From RDC,2115
44702,ASN-20675,Colloidal Gold,Ethiopia,30-Jul-13,30-Jul-13,MIssing,Test kit,Yes,34137.03,Direct Drop,"HIV 1/2, SKB Colloidal Gold, Diagnostic Kit, Antibody, 50 Tests",126.14,4162,101969.0,PMO - US,"KHB Test Kit Facility, Shanghai China","HIV 1/2, Colloidal Gold, Diagnostic Kit, Antibody",24.5,5/22/13,SCMS-190800,FPQ-12272,05-09-13,HRDT,117-ET-T30,30-Jul-13,Air,HIV test,1,24.5,"SHANGHAI KEHUA BIOENGINEERING CO.,LTD.  (KHB)",EXW,2777
65091,ASN-31449,Generic,Zimbabwe,22-Apr-15,23-Apr-15,100/25mg,Tablet,No,See ASN-31449 (ID#:41304),Direct Drop,"Lopinavir/Ritonavir 100/25mg [Aluvia], tablets, 60 Tabs",100.13,14322,85072.68,PMO - US,ABBVIE Ludwigshafen Germany,Lopinavir/Ritonavir,5.94,10/30/14,SCMS-261580,FPQ-15220,10/27/14,ARV,103-ZW-T30,22-Apr-15,Air,Pediatric,60,0.1,ABBVIE LOGISTICS (FORMERLY ABBOTT LOGISTICS BV),FCA,See ASN-31449 (ID#:41304)
85407,DN-3355,Generic,Dominican Republic,10-Oct-13,29-Oct-13,600mg,Tablet,No,See DN-3355 (ID#:83726),From RDC,"Efavirenz 600mg, tablets, 30 Tabs",169.23,41083,136806.39,PMO - US,"Aurobindo Unit III, India",Efavirenz,3.33,N/A - From RDC,SO-46150,FPQ-11920,3/18/13,ARV,103-DO-T30,29-Oct-13,Air,Adult,30,0.11,SCMS from RDC,N/A - From RDC,See DN-3355 (ID#:83726)
82353,DN-2021,Generic,Haiti,21-Oct-10,21-Oct-10,150/300mg,Tablet - FDC,Yes,31214.27,From RDC,"Lamivudine/Zidovudine 150/300mg, tablets, 60 Tabs",1184.21,64241,549260.55,PMO - US,Hetero Unit III Hyderabad IN,Lamivudine/Zidovudine,8.55,N/A - From RDC,SO-36780,FPQ-5523,4/19/10,ARV,106-HT-T30,20-Oct-10,Air,Adult,60,0.14,SCMS from RDC,N/A - From RDC,6234
83830,DN-3845,Generic,Rwanda,01-Aug-14,22-Aug-14,300mg,Tablet,Yes,1171.2,From RDC,"Tenofovir Disoproxil Fumarate 300mg, tablets, 30 Tabs",2.97,715,2888.6,PMO - US,Mylan (formerly Matrix) Nashik,Tenofovir Disoproxil Fumarate,4.04,N/A - From RDC,SO-48150,FPQ-13812,03-04-14,ARV,107-RW-T30,16-Sep-14,Truck,Adult,30,0.13,SCMS from RDC,N/A - From RDC,44
41414,ASN-27976,Generic,South Africa,27-Aug-14,27-Aug-14,600mg,Tablet,No,Freight Included in Commodity Cost,Direct Drop,"Efavirenz 600mg, tablets, 30 Tabs",5.32,257,4298.6,PMO - US,Hetero Unit III Hyderabad IN,Efavirenz,16.73,8/27/14,SCMS-199283,FPQ-12522,07-11-13,ARV,116-ZA-T30,27-Aug-14,Truck,Adult,30,0.56,S. BUYS WHOLESALER,DDP,Weight Captured Separately
8909,ASN-3424,OraQuick,Botswana,03-Mar-09,03-Mar-09,MIssing,Test kit,Yes,810.85,Direct Drop,"HIV 1/2, OraQuick Advance HIV Rapid Antibody Kit, 100 Tests",3.43,5,1750.0,PMO - US,"Pacific Biotech, Thailand","HIV 1/2, OraQuick Advance HIV Rapid Antibody Kit",350.0,02-06-09,SCMS-38050,Pre-PQ Process,Pre-PQ Process,HRDT,144-BW-T01,03-Mar-09,Air,HIV test,100,3.5,Orasure Technologies Inc.,EXW,12
7721,ASN-3634,Generic,South Africa,02-Dec-08,02-Dec-08,600mg,Tablet,No,Freight Included in Commodity Cost,Direct Drop,"Efavirenz 600mg, tablets, 30 Tabs",192.83,6734,98383.74,PMO - US,"Cipla, Goa, India",Efavirenz,14.61,Date Not Captured,SCMS-40810,Pre-PQ Process,Pre-PQ Process,ARV,116-ZA-T01,31-Mar-09,Air,Adult,30,0.49,S. BUYS WHOLESALER,DDP,Weight Captured Separately
12318,DN-1428,Generic,CÃte dIvoire,21-Sep-09,21-Sep-09,200/300mg,Tablet - FDC,Yes,1713.01,From RDC,"Emtricitabine/Tenofovir Disoproxil Fumarate 200/300mg, tablets, 30 Tabs",15.34,666,7825.5,PMO - US,Mylan (formerly Matrix) Nashik,Emtricitabine/Tenofovir Disoproxil Fumarate,11.75,N/A - From RDC,SO-33250,Pre-PQ Process,Date Not Captured,ARV,104-CI-T01,21-Sep-09,Air,Adult,30,0.39,SCMS from RDC,N/A - From RDC,54
83264,DN-3825,Generic,Zimbabwe,29-Jun-14,04-Aug-14,200mg,Tablet,No,See DN-3825 (ID#:82702),From RDC,"Nevirapine 200mg, tablets, 60 Tabs",268.92,120000,261600.0,PMO - US,"Cipla, Goa, India",Nevirapine,2.18,N/A - From RDC,SO-47540,FPQ-13508,12/24/13,ARV,113-ZW-T30,30-Sep-14,Truck,Adult,60,0.04,SCMS from RDC,N/A - From RDC,See DN-3825 (ID#:82702)
83520,DN-2304,Generic,CÃte dIvoire,12-Sep-11,12-Sep-11,300mg,Tablet,No,See DN-2304 (ID#:82395),From RDC,"Abacavir 300mg, tablets, 60 Tabs",114.58,4617,69439.68,PMO - US,"Aurobindo Unit III, India",Abacavir,15.04,N/A - From RDC,SO-40121,FPQ-7659,05-03-11,ARV,104-CI-T30,27-Sep-11,Air,Adult,60,0.25,SCMS from RDC,N/A - From RDC,See DN-2304 (ID#:82395)
84384,DN-3798,Generic,CÃte dIvoire,09-Jul-14,07-Aug-14,600/300mg,Tablet - FDC,Yes,22.29,From RDC,"Abacavir/Lamivudine 600/300mg, tablets, 30 Tabs",0.99,71,959.92,PMO - US,"Cipla, Patalganga, India",Abacavir/Lamivudine,13.52,N/A - From RDC,SO-47135,FPQ-13142,10/22/13,ARV,104-CI-T30,09-Jul-14,Truck,Adult,30,0.45,SCMS from RDC,N/A - From RDC,7
12748,DN-446,Trizivir,CÃte dIvoire,30-Nov-07,30-Nov-07,300/150/300mg,Tablet - FDC,No,See DN-446 (ID#:11204),From RDC,"Abacavir/Lamivudine/Zidovudine 300/150/300mg [Trizivir], tablets, 60 Tabs",54.66,488,34160.0,PMO - US,GSK Ware (UK),Abacavir/Lamivudine/Zidovudine,70.0,N/A - From RDC,SO-604,Pre-PQ Process,Pre-PQ Process,ARV,104-CI-T01,30-Nov-07,Air,Adult,60,1.17,SCMS from RDC,N/A - From RDC,See DN-446 (ID#:11204)
30075,ASN-20983,Generic,Cameroon,28-Aug-13,28-Aug-13,150/300/200mg,Tablet - FDC,Yes,49502.92,Direct Drop,"Lamivudine/Nevirapine/Zidovudine 150/200/300mg, tablets, 60 Tabs",425.36,42452,343861.2,PMO - US,"Cipla, Goa, India",Lamivudine/Nevirapine/Zidovudine,8.1,6/28/13,SCMS-196490,FPQ-12528,6/21/13,ARV,901-CM-T30,28-Aug-13,Air,Adult,60,0.13,CIPLA LIMITED,EXW,5753
12667,DN-268,Generic,CÃte dIvoire,14-Aug-07,14-Aug-07,10mg/ml,Oral solution,No,See DN-268 (ID#:12074),From RDC,"Zidovudine 10mg/ml, oral solution, Bottle, 240 ml",32.08,5076,20050.2,PMO - US,"Aurobindo Unit III, India",Zidovudine,3.95,N/A - From RDC,SO-524,Pre-PQ Process,Pre-PQ Process,ARV,104-CI-T01,14-Aug-07,MIssing,Pediatric,240,0.02,SCMS from RDC,N/A - From RDC,See DN-268 (ID#:12074)
38409,ASN-10166,Uni-Gold,Tanzania,26-Apr-11,26-Apr-11,MIssing,Test kit,Yes,2918.12,Direct Drop,"HIV 1/2, Uni-Gold HIV Kit, 20 Tests",33,625,20000.0,PMO - US,"Trinity Biotech, Plc","HIV 1/2, Uni-Gold HIV Kit",32.0,2/25/11,SCMS-100640,FPQ-6936,12/27/10,HRDT,109-TZ-T30,26-Apr-11,Air,HIV test,20,1.6,"Trinity Biotech, Plc",EXW,200
85822,DN-2512,Generic,"Congo, DRC",14-Mar-12,14-Mar-12,300mg,Tablet,No,See DN-2512 (ID#:82443),From RDC,"Zidovudine 300mg, tablets, 60 Tabs",21.62,2197,15422.94,PMO - US,Hetero Unit III Hyderabad IN,Zidovudine,7.02,N/A - From RDC,SO-41148,FPQ-8840,11/21/11,ARV,101-CD-T30,16-Mar-12,Air,Adult,60,0.12,SCMS from RDC,N/A - From RDC,See DN-2512 (ID#:82443)
27234,ASN-29892,Generic,Rwanda,15-Jan-15,24-Feb-15,100/25mg,Tablet,Yes,1026.4,Direct Drop,"Lopinavir/Ritonavir 100/25mg, tablets, 60 Tabs",5.02,607,4880.28,PMO - US,"Aurobindo Unit III, India",Lopinavir/Ritonavir,8.04,12/15/14,SCMS-261770,FPQ-14813,10-09-14,ARV,107-RW-T30,15-Jan-15,Air,Pediatric,60,0.13,Aurobindo Pharma Limited,EXW,66
76217,ASN-18530,Determine,Mozambique,01-Apr-13,01-Apr-13,MIssing,Test kit,Yes,13146.21,Direct Drop,"HIV 1/2, Determine Complete HIV Kit, 100 Tests",283.32,2863,229040.0,PMO - US,"Alere Medical Co., Ltd.","HIV 1/2, Determine Complete HIV Kit",80.0,11-06-12,SCMS-164000,FPQ-10880,10/18/12,HRDT,111-MZ-T30,20-Mar-13,Air,HIV test,100,0.8,"Orgenics, Ltd",EXW,1298
12018,DN-1490,Generic,Uganda,29-Oct-09,29-Oct-09,300mg,Tablet,Yes,747.17,From RDC,"Zidovudine 300mg, tablets, 60 Tabs",9.56,589,4435.17,PMO - US,"Aurobindo Unit III, India",Zidovudine,7.53,N/A - From RDC,SO-33150,Pre-PQ Process,Date Not Captured,ARV,114-UG-T01,29-Oct-09,Air,Adult,60,0.13,SCMS from RDC,N/A - From RDC,33
74930,ASN-5854,Determine,Zambia,28-Jan-10,28-Jan-10,MIssing,Test kit,Yes,21714.68,Direct Drop,"HIV 1/2, Determine Complete HIV Kit, 100 Tests",408.97,2898,208656.0,PMO - US,Inverness Japan,"HIV 1/2, Determine Complete HIV Kit",72.0,09-11-09,SCMS-53261,FPQ-4141,8/31/09,HRDT,110-ZM-T30,28-Jan-10,Air,HIV test,100,0.72,"Orgenics, Ltd",EXW,1409
86010,DN-3364,Aluvia,Nigeria,14-Oct-13,24-Oct-13,200/50mg,Tablet,Yes,20225.08,From RDC,"Lopinavir/Ritonavir 200/50mg [Aluvia], tablets, 120 Tabs",1407.18,56260,1137577.2,PMO - US,ABBVIE Ludwigshafen Germany,Lopinavir/Ritonavir,20.22,N/A - From RDC,SO-44753,FPQ-11771,2/28/13,ARV,151-NG-T30,31-Oct-13,Air Charter,Adult,120,0.17,SCMS from RDC,N/A - From RDC,12427
39391,ASN-32267,Generic,Vietnam,07-Jul-15,07-Jul-15,600/300/300mg,Tablet - FDC,Yes,4784.19,Direct Drop,"Efavirenz/Lamivudine/Tenofovir Disoproxil Fumarate 600/300/300mg, tablets, 30 Tabs",209.04,17760,177600.0,PMO - US,Hetero Unit III Hyderabad IN,Efavirenz/Lamivudine/Tenofovir Disoproxil Fumarate,10.0,2/17/15,SCMS-274390,FPQ-15692,1/28/15,ARV,108-VN-T30,10-Jul-15,Air,Adult,30,0.33,HETERO LABS LIMITED,EXW,2523
8459,ASN-2485,Generic,Vietnam,06-Oct-08,06-Oct-08,150/200/30mg,Tablet - FDC,Yes,5136.08,Direct Drop,"Lamivudine/Nevirapine/Stavudine 150/200/30mg, tablets, 60 Tabs",115.94,9792,72460.8,PMO - US,"Cipla, Goa, India",Lamivudine/Nevirapine/Stavudine,7.4,5/13/08,SCMS-23300,Pre-PQ Process,Pre-PQ Process,ARV,108-VN-T01,06-Oct-08,Air,Adult,60,0.12,CIPLA LIMITED,EXW,836
74699,ASN-7220,Generic,Vietnam,01-Jul-10,01-Jul-10,150/200/30mg,Tablet - FDC,Yes,12067.26,Direct Drop,"Lamivudine/Nevirapine/Stavudine 150/200/30mg, tablets, 60 Tabs",369.01,30080,171155.2,PMO - US,"Cipla, Goa, India",Lamivudine/Nevirapine/Stavudine,5.69,3/26/10,SCMS-69440,FPQ-5317,3/22/10,ARV,108-VN-T30,01-Jul-10,Air,Adult,60,0.09,CIPLA LIMITED,EXW,2933
44265,ASN-9691,Generic,Rwanda,08-Feb-11,08-Feb-11,400mg,Delayed-release capsules,Yes,Freight Included in Commodity Cost,Direct Drop,"Didanosine 400mg, delayed-release capsules, 30 Caps",12.13,276,6187.92,PMO - US,"Aurobindo Unit III, India",Didanosine,22.42,07-07-09,SCMS-48873,FPQ-3859,6/30/09,ARV,107-RW-T30,08-Feb-11,Air,Adult,30,0.75,Aurobindo Pharma Limited,CIP,Weight Captured Separately
12761,DN-622,Generic,Uganda,11-Mar-08,11-Mar-08,150/200/30mg,Tablet - FDC,Yes,1617.52,From RDC,"Lamivudine/Nevirapine/Stavudine 150/200/30mg, tablets, 60 Tabs",22.02,1860,13764.0,PMO - US,"Cipla, Goa, India",Lamivudine/Nevirapine/Stavudine,7.4,N/A - From RDC,SO-1820,Pre-PQ Process,Pre-PQ Process,ARV,114-UG-T01,11-Mar-08,MIssing,Adult,60,0.12,SCMS from RDC,N/A - From RDC,192
5260,ASN-61,Generic,CÃte dIvoire,06-Sep-06,06-Sep-06,150mg,Tablet,Yes,20257.08,Direct Drop,"Lamivudine 150mg, tablets, 60 Tabs",MIssing,16683,65897.85,PMO - US,"Aurobindo Unit III, India",Lamivudine,3.95,Date Not Captured,SCMS-103,Pre-PQ Process,Pre-PQ Process,ARV,104-CI-T01,06-Sep-06,Air,Adult,60,0.07,Aurobindo Pharma Limited,EXW,1498
67263,ASN-12162,Bioline,Tanzania,05-Oct-11,05-Oct-11,MIssing,Test kit,Yes,22523.12,Direct Drop,"HIV 1/2, Bioline 3.0 Kit, Lancets, Capillary pipets, Alcohol swabs included, 25 Tests",330,10000,200000.0,PMO - US,"Standard Diagnostics, Korea","HIV 1/2, Bioline 3.0 Kit, Lancets, Capillary pipets, Alcohol swabs included",20.0,7/18/11,SCMS-114990,FPQ-7909,6/24/11,HRDT,109-TZ-T30,29-Sep-11,Air,HIV test,25,0.8,"Standard Diagnostics, Inc.",EXW,3334
86376,DN-2168,Generic,Nigeria,11-May-11,11-May-11,600/200/300mg,Tablet - FDC,Yes,12601.07,From RDC,"Efavirenz/Emtricitabine/Tenofovir Disoproxil Fumarate 600/200/300mg, tablets, 30 Tabs",986.04,30000,597600.0,PMO - US,Mylan (formerly Matrix) Nashik,Efavirenz/Emtricitabine/Tenofovir Disoproxil Fumarate,19.92,N/A - From RDC,SO-39180,FPQ-6800,12-07-10,ARV,151-NG-T30,21-Jun-11,Air Charter,Adult,30,0.66,SCMS from RDC,N/A - From RDC,3272
82380,DN-2188,Generic,Haiti,04-May-11,04-May-11,200mg,Capsule,Yes,2452.54,From RDC,"Efavirenz 200mg, capsule, 90 Caps",26.38,1260,12234.6,PMO - US,"Aurobindo Unit III, India",Efavirenz,9.71,N/A - From RDC,SO-39310,FPQ-6484,10/13/10,ARV,106-HT-T30,12-May-11,Air,Pediatric,90,0.11,SCMS from RDC,N/A - From RDC,194
85831,DN-2555,Generic,CÃte dIvoire,24-Feb-12,24-Feb-12,600/200/300mg,Tablet - FDC,Yes,4646.14,From RDC,"Efavirenz/Emtricitabine/Tenofovir Disoproxil Fumarate 600/200/300mg, tablets, 30 Tabs",197.1,7140,119452.2,PMO - US,Mylan (formerly Matrix) Nashik,Efavirenz/Emtricitabine/Tenofovir Disoproxil Fumarate,16.73,N/A - From RDC,SO-40841,FPQ-8363,8/29/11,ARV,104-CI-T30,30-Mar-12,Truck,Adult,30,0.56,SCMS from RDC,N/A - From RDC,779
11859,DN-823,Generic,Zambia,23-Jul-08,23-Jul-08,150/200/30mg,Tablet - FDC,No,See DN-823 (ID#:11271),From RDC,"Lamivudine/Nevirapine/Stavudine 150/200/30mg, tablets, 60 Tabs",576,50000,360000.0,PMO - US,"Strides, Bangalore, India.",Lamivudine/Nevirapine/Stavudine,7.2,N/A - From RDC,SO-2549,Pre-PQ Process,Pre-PQ Process,ARV,110-ZM-T01,23-Jul-08,Truck,Adult,60,0.12,SCMS from RDC,N/A - From RDC,See DN-823 (ID#:11271)
5049,ASN-3760,Retrovir,South Africa,26-Nov-08,26-Nov-08,300mg,Tablet,Yes,1521.4,Direct Drop,"Zidovudine 300mg [Retrovir], tablets, 60 Tabs",12.85,500,6555.0,PMO - US,GSK Aranda,Zidovudine,13.11,Date Not Captured,SCMS-41160,Pre-PQ Process,Pre-PQ Process,ARV,116-ZA-T01,01-Apr-09,Air,Adult,60,0.22,S. BUYS WHOLESALER,DDP,Weight Captured Separately
84391,DN-3824,Generic,Zimbabwe,29-Jun-14,04-Aug-14,30/60mg,Tablet - FDC,Yes,7500,From RDC,"Lamivudine/Zidovudine 30/60mg, tablets, 60 Tabs",49.1,23999,47758.01,PMO - US,Mylan (formerly Matrix) Nashik,Lamivudine/Zidovudine,1.99,N/A - From RDC,SO-48431,FPQ-13967,04-02-14,ARV,103-ZW-T30,30-Nov-14,Truck,Pediatric,60,0.03,SCMS from RDC,N/A - From RDC,1069
86790,DN-4187,Aluvia,Nigeria,18-Mar-15,20-Mar-15,200/50mg,Tablet,Yes,4495.29,From RDC,"Lopinavir/Ritonavir 200/50mg [Aluvia], tablets, 120 Tabs",251.6,13130,244743.2,PMO - US,ABBVIE Ludwigshafen Germany,Lopinavir/Ritonavir,18.64,N/A - From RDC,SO-49931,FPQ-14989,9/19/14,ARV,151-NG-T30,30-Jun-15,Air Charter,Adult,120,0.16,SCMS from RDC,N/A - From RDC,3232
660,ASN-2767,Generic,Vietnam,27-Nov-08,27-Nov-08,600mg,Tablet,Yes,4686.88,Direct Drop,"Efavirenz 600mg, tablets, 30 Tabs",335.54,16800,171192.0,PMO - US,Mylan (formerly Matrix) Nashik,Efavirenz,10.19,7/24/08,SCMS-27360,Pre-PQ Process,Pre-PQ Process,ARV,108-VN-T01,27-Nov-08,Air,Adult,30,0.34,MYLAN LABORATORIES LTD (FORMERLY MATRIX LABORATORIES),EXW,1224
25476,ASN-30671,Generic,South Africa,12-Feb-15,12-Feb-15,200/300mg,Tablet - FDC,No,Freight Included in Commodity Cost,Direct Drop,"Emtricitabine/Tenofovir Disoproxil Fumarate 200/300mg, tablets, 30 Tabs",0.25,11,240.13,PMO - US,"Aurobindo Unit III, India",Emtricitabine/Tenofovir Disoproxil Fumarate,21.83,02-12-15,SCMS-259073,FPQ-14942,09-11-14,ARV,116-ZA-T30,12-Feb-15,Truck,Adult,30,0.73,PHARMACY DIRECT,DDP,Weight Captured Separately
83514,DN-2285,Generic,Zimbabwe,11-Aug-11,11-Aug-11,150/30mg,Tablet - FDC,Yes,2143.49,From RDC,"Lamivudine/Stavudine 150/30mg, tablets, 60 Tabs",33.02,4669,15314.32,PMO - US,"Cipla, Goa, India",Lamivudine/Stavudine,3.28,N/A - From RDC,SO-37842,FPQ-6470,10/13/10,ARV,113-ZW-T30,15-Aug-11,Truck,Adult,60,0.05,SCMS from RDC,N/A - From RDC,357
2153,ASN-2888,Generic,Vietnam,27-Nov-08,27-Nov-08,200mg,Tablet,Yes,2653.27,Direct Drop,"Nevirapine 200mg, tablets, 60 Tabs",34.1,6000,17400.0,PMO - US,"Aurobindo Unit III, India",Nevirapine,2.9,11-03-08,SCMS-33070,Pre-PQ Process,Pre-PQ Process,ARV,108-VN-T01,27-Nov-08,Air,Adult,60,0.05,Aurobindo Pharma Limited,EXW,581
12435,DN-435,Generic,Uganda,10-Dec-07,10-Dec-07,300mg,Tablet,No,See DN-435 (ID#:10908),From RDC,"Zidovudine 300mg, tablets, 60 Tabs",1.83,140,1141.0,PMO - US,"Aurobindo Unit III, India",Zidovudine,8.15,N/A - From RDC,SO-1300,Pre-PQ Process,Pre-PQ Process,ARV,114-UG-T01,10-Dec-07,Air,Adult,60,0.14,SCMS from RDC,N/A - From RDC,See DN-435 (ID#:10908)
6753,ASN-707,Determine,Nigeria,07-May-07,07-May-07,MIssing,Test kit,Yes,Freight Included in Commodity Cost,Direct Drop,"HIV 1/2, Determine Complete HIV Kit, 100 Tests",64,500,40000.0,PMO - US,ABBVIE GmbH & Co.KG Wiesbaden,"HIV 1/2, Determine Complete HIV Kit",80.0,Date Not Captured,SCMS-12240,Pre-PQ Process,Pre-PQ Process,HRDT,102-NG-T01,07-Sep-07,MIssing,HIV test,100,0.8,ACCOUN NIGERIA LIMITED,CIP,Weight Captured Separately
84047,DN-2026,Generic,Uganda,25-Oct-10,25-Oct-10,600mg,Tablet,Yes,56372.66,From RDC,"Efavirenz 600mg, tablets, 30 Tabs",255.48,27304,118499.36,PMO - US,Mylan (formerly Matrix) Nashik,Efavirenz,4.34,N/A - From RDC,SO-37460,FPQ-6403,9/16/10,ARV,102-UG-T30,20-Oct-10,Air,Adult,30,0.14,SCMS from RDC,N/A - From RDC,13087
10504,ASN-4310,Uni-Gold,Namibia,29-Jun-09,29-Jun-09,MIssing,Test kit,Yes,1862.27,Direct Drop,"HIV 1/2, Uni-Gold HIV Kit, 20 Tests",7.53,120,3840.0,PMO - US,"Trinity Biotech, Plc","HIV 1/2, Uni-Gold HIV Kit",32.0,06-04-09,SCMS-47150,Pre-PQ Process,Pre-PQ Process,HRDT,119-NA-T01,29-Jun-09,Air,HIV test,20,1.6,"Trinity Biotech, Plc",EXW,41
59500,ASN-27606,Generic,South Africa,05-Aug-14,05-Aug-14,300mg,Tablet,No,Freight Included in Commodity Cost,Direct Drop,"Zidovudine 300mg, tablets, 60 Tabs",0.03,1,24.95,PMO - US,"Aurobindo Unit III, India",Zidovudine,24.95,08-05-14,SCMS-238552,FPQ-13973,4/30/14,ARV,116-ZA-T30,05-Aug-14,Truck,Adult,60,0.42,PHARMACY DIRECT,DDP,Weight Captured Separately
11837,DN-535,Generic,Nigeria,09-Jan-08,09-Jan-08,600mg,Tablet,No,See DN-535 (ID#:10658),From RDC,"Efavirenz 600mg, tablets, 30 Tabs",16.26,818,10159.56,PMO - US,"Aurobindo Unit III, India",Efavirenz,12.42,N/A - From RDC,SO-1570,Pre-PQ Process,Pre-PQ Process,ARV,112-NG-T01,09-Jan-08,Air,Adult,30,0.41,SCMS from RDC,N/A - From RDC,See DN-535 (ID#:10658)
86507,DN-2811,Generic,Guyana,29-Aug-12,29-Aug-12,20mg/ml,Oral solution,No,See DN-2811 (ID#:83067),From RDC,"Abacavir 20mg/ml, oral solution w/syringe, Bottle, 240 ml",2.26,129,1612.5,PMO - US,"Aurobindo Unit III, India",Abacavir,12.5,N/A - From RDC,SO-42780,FPQ-10252,07-05-12,ARV,105-GY-T30,02-Oct-12,Air,Pediatric,240,0.05,SCMS from RDC,N/A - From RDC,See DN-2811 (ID#:83067)
38793,ASN-12242,Determine,Zimbabwe,19-Oct-11,19-Oct-11,MIssing,Test kit,Yes,26846.59,Direct Drop,"HIV 1/2, Determine Complete HIV Kit, 100 Tests",376.99,2856,228480.0,PMO - US,Inverness Japan,"HIV 1/2, Determine Complete HIV Kit",80.0,05-05-11,SCMS-108000,FPQ-7521,04-07-11,HRDT,113-ZW-T30,19-Oct-11,Air,HIV test,100,0.8,"Orgenics, Ltd",EXW,1102
84600,DN-2044,Generic,Nigeria,10-Nov-10,10-Nov-10,200mg,Tablet,Yes,20264.93,From RDC,"Nevirapine 200mg, tablets, 60 Tabs",55.62,10000,25800.0,PMO - US,"Aurobindo Unit III, India",Nevirapine,2.58,N/A - From RDC,SO-36952,FPQ-5688,5/27/10,ARV,151-NG-T30,18-Nov-10,Air Charter,Adult,60,0.04,SCMS from RDC,N/A - From RDC,1130
84157,DN-2612,Generic,CÃte dIvoire,19-Apr-12,19-Apr-12,150/300mg,Tablet - FDC,Yes,4029.71,From RDC,"Lamivudine/Zidovudine 150/300mg, tablets, 60 Tabs",99.12,7273,60074.98,PMO - US,"Cipla, Goa, India",Lamivudine/Zidovudine,8.26,N/A - From RDC,SO-40830,FPQ-8363,8/29/11,ARV,104-CI-T30,27-Apr-12,Truck,Adult,60,0.14,SCMS from RDC,N/A - From RDC,650
42659,ASN-13167,Generic,South Africa,23-Jan-12,23-Jan-12,600mg,Tablet,Yes,7292.27,Direct Drop,"Efavirenz 600mg, tablets, 30 Tabs",248.52,35357,150620.82,PMO - US,"Aurobindo Unit III, India",Efavirenz,4.26,9/30/11,SCMS-123590,FPQ-7175,03-10-11,ARV,161-ZA-T30,16-Jan-12,Ocean,Adult,30,0.14,Aurobindo Pharma Limited,DDP,2806
84928,DN-3702,Generic,Zimbabwe,30-May-14,23-Jun-14,600/300/300mg,Tablet - FDC,Yes,15873.95,From RDC,"Efavirenz/Lamivudine/Tenofovir Disoproxil Fumarate 600/300/300mg, tablets, 30 Tabs",3000.34,225000,2425500.0,PMO - US,"Aurobindo Unit VII, IN",Efavirenz/Lamivudine/Tenofovir Disoproxil Fumarate,10.78,N/A - From RDC,SO-46650,FPQ-12950,09-10-13,ARV,113-ZW-T30,30-May-14,Truck,Adult,30,0.36,SCMS from RDC,N/A - From RDC,37973
64351,ASN-11803,Generic,South Africa,10-Oct-11,10-Oct-11,600mg,Tablet,Yes,Freight Included in Commodity Cost,Direct Drop,"Efavirenz 600mg, tablets, 30 Tabs",671.77,90273,407131.23,PMO - US,"Aurobindo Unit III, India",Efavirenz,4.51,3/24/11,SCMS-103510,FPQ-7175,03-10-11,ARV,161-ZA-T30,10-Oct-11,Ocean,Adult,30,0.15,Aurobindo Pharma Limited,DDP,Weight Captured Separately
7326,ASN-2503,Zerit,South Africa,14-Aug-08,14-Aug-08,1mg/ml,Powder for oral solution,No,Freight Included in Commodity Cost,Direct Drop,"Stavudine 1mg/ml [Zerit], powder for oral solution, Bottle, 200 ml",0.28,120,176.4,PMO - US,"BMS Meymac, France",Stavudine,1.47,Date Not Captured,SCMS-28830,Pre-PQ Process,Pre-PQ Process,ARV,116-ZA-T01,25-Aug-08,Truck,Pediatric,200,0.01,S. BUYS WHOLESALER,DDP,Weight Captured Separately
77750,ASN-16913,Kaletra,Zimbabwe,22-Nov-12,22-Nov-12,80/20mg/ml,Oral solution,Yes,15578.89,Direct Drop,"Lopinavir/Ritonavir 80/20mg/ml [Kaletra], oral solution, cool, Bottle 5 x 60 ml",58.94,1364,42038.48,PMO - US,ABBVIE (Abbott) Logis. UK,Lopinavir/Ritonavir,30.82,7/18/12,SCMS-148290,FPQ-9905,5/29/12,ARV,103-ZW-T30,08-Nov-12,Air,Pediatric,300,0.1,ABBVIE LOGISTICS (FORMERLY ABBOTT LOGISTICS BV),FCA,1309
84254,DN-3133,Generic,Mozambique,26-Jul-13,26-Jul-13,600mg,Tablet,Yes,5496.08,From RDC,"Efavirenz 600mg, tablets, 30 Tabs",140.88,34200,113886.0,PMO - US,"Hetero, Jadcherla, unit 5, IN",Efavirenz,3.33,N/A - From RDC,SO-43820,FPQ-11033,11-12-12,ARV,111-MZ-T30,21-Jul-13,Truck,Adult,30,0.11,SCMS from RDC,N/A - From RDC,7908
84529,DN-1665,Generic,Haiti,03-Mar-10,03-Mar-10,10mg/ml,Oral suspension,Yes,6036.96,From RDC,"Nevirapine 10mg/ml, oral suspension, Bottle, 240 ml",4.43,1069,2052.48,PMO - US,"Aurobindo Unit III, India",Nevirapine,1.92,N/A - From RDC,SO-35430,FPQ-4384,10/23/09,ARV,106-HT-T30,24-Mar-10,Air,Pediatric,240,0.01,SCMS from RDC,N/A - From RDC,396
44630,ASN-20043,Generic,Vietnam,13-Jul-13,13-Jul-13,600/300/300mg,Tablet - FDC,Yes,15006.27,Direct Drop,"Efavirenz/Lamivudine/Tenofovir Disoproxil Fumarate 600/300/300mg, tablets, 30 Tabs",431.21,30339,348595.11,PMO - US,Mylan (formerly Matrix) Nashik,Efavirenz/Lamivudine/Tenofovir Disoproxil Fumarate,11.49,2/13/13,SCMS-177630,FPQ-11560,02-07-13,ARV,108-VN-T30,13-Jul-13,Air,Adult,30,0.38,MYLAN LABORATORIES LTD (FORMERLY MATRIX LABORATORIES),EXW,3419
58491,ASN-30748,Generic,"Congo, DRC",03-Apr-15,15-Apr-15,500/25mg,Tablet - FDC,Yes,3958.28,Direct Drop,"Sulfadoxine/Pyrimethamine 500/25mg, tablets, 1000 Tabs",22.6,580,19198.0,PMO - US,"Micro Labs, Hosur, India",Sulfadoxine/Pyrimethamine,33.1,02-09-15,SCMS-275290,FPQ-15736,1/26/15,ANTM,101-CD-T30,03-Apr-15,Air,Malaria,1000,0.03,AMSTELFARMA B.V.,EXW,500
82925,DN-2047,Generic,Nigeria,09-Nov-10,09-Nov-10,200mg,Tablet,Yes,20265,From RDC,"Nevirapine 200mg, tablets, 60 Tabs",484.33,87071,224643.18,PMO - US,Hetero Unit III Hyderabad IN,Nevirapine,2.58,N/A - From RDC,SO-37920,FPQ-5688,5/27/10,ARV,151-NG-T30,18-Nov-10,Air Charter,Adult,60,0.04,SCMS from RDC,N/A - From RDC,6291
83901,DN-4191,Generic,Mozambique,13-May-15,15-May-15,600/300/300mg,Tablet - FDC,No,See DN-4191 (ID#:83900),From RDC,"Efavirenz/Lamivudine/Tenofovir Disoproxil Fumarate 600/300/300mg, tablets, 30 Tabs",1383.58,122449,1175510.4,PMO - US,Mylan (formerly Matrix) Nashik,Efavirenz/Lamivudine/Tenofovir Disoproxil Fumarate,9.6,N/A - From RDC,SO-50140,FPQ-15195,10/17/14,ARV,111-MZ-T30,31-May-15,Truck,Adult,30,0.32,SCMS from RDC,N/A - From RDC,See DN-4191 (ID#:83900)
85158,DN-2025,Generic,Nigeria,10-Nov-10,10-Nov-10,300/300mg,Tablet - FDC,No,See DN-2025 (ID#:83460),From RDC,"Lamivudine/Tenofovir Disoproxil Fumarate 300/300mg, tablets, 30 Tabs",444.31,21400,206082.0,PMO - US,Mylan (formerly Matrix) Nashik,Lamivudine/Tenofovir Disoproxil Fumarate,9.63,N/A - From RDC,SO-37500,FPQ-5688,5/27/10,ARV,151-NG-T30,22-Oct-10,Air,Adult,30,0.32,SCMS from RDC,N/A - From RDC,See DN-2025 (ID#:83460)
84608,DN-2064,Generic,CÃte dIvoire,09-Dec-10,09-Dec-10,300mg,Tablet,No,See DN-2064 (ID#:83469),From RDC,"Abacavir 300mg, tablets, 60 Tabs",21.27,600,9864.0,PMO - US,"Aurobindo Unit III, India",Abacavir,16.44,N/A - From RDC,SO-37740,FPQ-5925,6/23/10,ARV,104-CI-T30,30-Nov-10,Air,Adult,60,0.27,SCMS from RDC,N/A - From RDC,See DN-2064 (ID#:83469)
6915,ASN-1520,Epivir,South Africa,04-Jan-08,04-Jan-08,150mg,Tablet,No,Freight Included in Commodity Cost,Direct Drop,"Lamivudine 150mg [Epivir], tablets, 60 Tabs",23.24,2500,14525.0,PMO - US,GSK Cape Town Factory (South Africa),Lamivudine,5.81,01-04-08,SCMS-16600,Pre-PQ Process,Pre-PQ Process,ARV,116-ZA-T01,21-Jan-08,MIssing,Adult,60,0.1,"JSI R&T INSTITUTE, INC.",DDP,Weight Captured Separately
7929,ASN-37,Determine,Zambia,19-Sep-06,19-Sep-06,MIssing,Test kit,Yes,2373.73,Direct Drop,"HIV 1/2, Determine Complete HIV Kit, 100 Tests",MIssing,1000,80000.0,PMO - US,ABBVIE GmbH & Co.KG Wiesbaden,"HIV 1/2, Determine Complete HIV Kit",80.0,Date Not Captured,SCMS-39,Pre-PQ Process,Pre-PQ Process,HRDT,110-ZM-T01,19-Sep-06,Air,HIV test,100,0.8,Abbott GmbH & Co. KG,FCA,343
11933,DN-917,Truvada,Nigeria,24-Sep-08,24-Sep-08,300/200mg,Tablet - FDC,No,See DN-917 (ID#:10745),From RDC,"Emtricitabine/Tenofovir Disoproxil Fumarate 200/300mg [Truvada], tablets, 30 Tabs",0.17,4,105.0,PMO - US,"Aspen-OSD, Port Elizabeth, SA",Emtricitabine/Tenofovir Disoproxil Fumarate,26.25,N/A - From RDC,SO-2728,Pre-PQ Process,Pre-PQ Process,ARV,112-NG-T01,24-Sep-08,Air,Adult,30,0.88,SCMS from RDC,N/A - From RDC,See DN-917 (ID#:10745)
12205,DN-650,Generic,Namibia,17-Apr-08,17-Apr-08,MIssing,Test kit - Ancillary,No,See DN-650 (ID#:11897),From RDC,"HIV, Lancet, Safety, for HIV Test kits, 100 Pcs",0,90,0.9,PMO - US,Inverness Japan,"HIV, Lancet, Safety, for HIV Test kits, 100 Pcs",0.01,N/A - From RDC,SO-1929,Pre-PQ Process,Pre-PQ Process,HRDT,119-NA-T01,17-Apr-08,Air,HIV test - Ancillary,100,0.0,SCMS from RDC,N/A - From RDC,See DN-650 (ID#:11897)
86090,DN-3732,Generic,Uganda,30-Jun-14,01-Jul-14,150/300/200mg,Tablet - FDC,No,See DN-3732 (ID#:82680),From RDC,"Lamivudine/Nevirapine/Zidovudine 150/200/300mg, tablets, 60 Tabs",0.25,30,243.3,PMO - US,"Cipla, Goa, India",Lamivudine/Nevirapine/Zidovudine,8.11,N/A - From RDC,SO-46875,FPQ-13108,10/16/13,ARV,114-UG-T30,30-Jun-14,Truck,Adult,60,0.14,SCMS from RDC,N/A - From RDC,See DN-3732 (ID#:82680)
9200,ASN-4819,Generic,South Africa,21-Jul-09,21-Jul-09,600mg,Tablet,No,Freight Included in Commodity Cost,Direct Drop,"Efavirenz 600mg, tablets, 30 Tabs",33.36,1000,17020.0,PMO - US,"Cipla, Goa, India",Efavirenz,17.02,06-05-09,SCMS-47050,Pre-PQ Process,Pre-PQ Process,ARV,116-ZA-T01,12-Oct-09,Truck,Adult,30,0.57,S. BUYS WHOLESALER,DDP,Weight Captured Separately
41298,ASN-31456,Norvir,Mozambique,06-May-15,11-Jun-15,100mg,Tablet,Yes,Invoiced Separately,Direct Drop,"Ritonavir 100mg [Norvir], film coated tablets, 60 Tabs",0.97,120,822.0,PMO - US,ABBVIE Ludwigshafen Germany,Ritonavir,6.85,11-07-14,SCMS-263010,FPQ-15276,10/28/14,ARV,111-MZ-T30,06-May-15,Air,Adult,60,0.11,ABBVIE LOGISTICS (FORMERLY ABBOTT LOGISTICS BV),FCA,Weight Captured Separately
12656,DN-160,Viracept,CÃte dIvoire,15-Jun-07,15-Jun-07,250mg,Tablet,No,See DN-160 (ID#:11397),From RDC,"Nelfinavir (as mesilate) 250mg [Viracept], tablets, 270 Tabs",MIssing,460,37453.2,PMO - US,Roche Madrid,Nelfinavir (as mesilate),81.42,N/A - From RDC,SO-517,Pre-PQ Process,Pre-PQ Process,ARV,104-CI-T01,15-Jun-07,MIssing,Adult,270,0.3,SCMS from RDC,N/A - From RDC,See DN-160 (ID#:11397)
63412,ASN-15640,Stat-Pak,CÃte dIvoire,16-Aug-12,16-Aug-12,MIssing,Test kit,Yes,7727.12,Direct Drop,"HIV 1/2, Stat-Pak HIV, Kit, 20 Tests",87.62,2155,62495.0,PMO - US,Chembio Diagnostics Sys. Inc.,"HIV 1/2, Stat-Pak HIV, Kit",29.0,6/13/12,SCMS-147550,FPQ-9823,05-04-12,HRDT,104-CI-T30,16-Aug-12,Air,HIV test,20,1.45,"CHEMBIO DIAGNOSTIC SYSTEMS, INC.",EXW,622
43244,ASN-12868,Aluvia,Guyana,30-Nov-11,30-Nov-11,200/50mg,Tablet,Yes,5178.47,Direct Drop,"Lopinavir/Ritonavir 200/50mg [Aluvia], tablets, 120 Tabs",304.49,2245,184539.0,PMO - US,ABBVIE Ludwigshafen Germany,Lopinavir/Ritonavir,82.2,7/27/11,SCMS-116140,FPQ-8012,07-11-11,ARV,105-GY-T30,30-Nov-11,Air,Adult,120,0.68,ABBVIE LOGISTICS (FORMERLY ABBOTT LOGISTICS BV),FCA,598
86460,DN-2594,Generic,Burundi,04-May-12,04-May-12,300mg,Tablet,No,See DN-2594 (ID#:83021),From RDC,"Abacavir 300mg, tablets, 60 Tabs",7.18,350,5120.5,PMO - US,Mylan (formerly Matrix) Nashik,Abacavir,14.63,N/A - From RDC,SO-41530,FPQ-9229,1/25/12,ARV,102-BI-T30,26-Apr-12,Air,Adult,60,0.24,SCMS from RDC,N/A - From RDC,See DN-2594 (ID#:83021)
35120,ASN-29937,Determine,Nigeria,20-Jan-15,22-Jan-15,MIssing,Test kit,Yes,30132.32,Direct Drop,"HIV 1/2, Determine Complete HIV Kit, 100 Tests",549.87,6010,534890.0,PMO - US,"Alere Medical Co., Ltd.","HIV 1/2, Determine Complete HIV Kit",89.0,10/29/14,SCMS-260700,FPQ-14995,9/22/14,HRDT,133-NG-T30,19-Jan-15,Air,HIV test,100,0.89,"Orgenics, Ltd",EXW,6010
84656,DN-2256,Generic,Uganda,28-Jun-11,28-Jun-11,300mg,Tablet,Yes,1661,From RDC,"Tenofovir Disoproxil Fumarate 300mg, tablets, 30 Tabs",21.8,2011,13212.27,PMO - US,Mylan (formerly Matrix) Nashik,Tenofovir Disoproxil Fumarate,6.57,N/A - From RDC,SO-39490,FPQ-7652,4/29/11,ARV,114-UG-T30,01-Aug-11,Truck,Adult,30,0.22,SCMS from RDC,N/A - From RDC,126
6621,ASN-127,Generic,Uganda,21-Dec-06,21-Dec-06,30mg,Capsule,No,See ASN-127 (ID#:3955),Direct Drop,"Stavudine 30mg, capsules, 60 Caps",MIssing,6349,12380.55,PMO - US,"Aurobindo Unit III, India",Stavudine,1.95,Date Not Captured,SCMS-157,Pre-PQ Process,Pre-PQ Process,ARV,114-UG-T01,21-Dec-06,Air,Adult,60,0.03,Aurobindo Pharma Limited,EXW,See ASN-127 (ID#:3955)
13568,ASN-31070,Generic,South Africa,09-Mar-15,09-Mar-15,600mg,Tablet,Yes,Freight Included in Commodity Cost,Direct Drop,"Efavirenz 600mg, tablets, 30 Tabs",1.61,139,1566.38,PMO - US,"Aurobindo Unit III, India",Efavirenz,11.27,03-09-15,SCMS-259074,FPQ-14942,09-11-14,ARV,116-ZA-T30,09-Mar-15,Truck,Adult,30,0.38,PHARMACY DIRECT,DDP,Weight Captured Separately
85143,DN-1998,Generic,Uganda,23-Aug-10,23-Aug-10,600mg,Tablet,No,See DN-1998 (ID#:84589),From RDC,"Efavirenz 600mg, tablets, 30 Tabs",6.4,667,2968.15,PMO - US,Mylan (formerly Matrix) Nashik,Efavirenz,4.45,N/A - From RDC,SO-37260,FPQ-6202,08-06-10,ARV,102-UG-T30,30-Sep-10,Air,Adult,30,0.15,SCMS from RDC,N/A - From RDC,See DN-1998 (ID#:84589)
65940,ASN-11663,Determine,Haiti,25-Jul-11,25-Jul-11,MIssing,Test kit,Yes,Freight Included in Commodity Cost,Direct Drop,"HIV 1/2, Determine Complete HIV Kit, 100 Tests",271.72,1432,164680.0,PMO - US,Inverness Japan,"HIV 1/2, Determine Complete HIV Kit",115.0,4/29/11,SCMS-106780,FPQ-7459,3/29/11,HRDT,106-HT-T30,25-Jul-11,Air,HIV test,100,1.15,REINBOLD EXPORT IMPORT,DDU,Weight Captured Separately
86678,DN-3652,Generic,Mozambique,23-May-14,13-Jun-14,150/300/200mg,Tablet - FDC,No,See DN-3652 (ID#:85463),From RDC,"Lamivudine/Nevirapine/Zidovudine 150/200/300mg, tablets, 60 Tabs",1444.89,173309,1405535.99,PMO - US,"Cipla, Goa, India",Lamivudine/Nevirapine/Zidovudine,8.11,N/A - From RDC,SO-47085,FPQ-13123,10/21/13,ARV,111-MZ-T30,16-Jun-14,Truck,Adult,60,0.14,SCMS from RDC,N/A - From RDC,See DN-3652 (ID#:85463)
85983,DN-3245,Generic,CÃte dIvoire,23-Jul-13,23-Jul-13,600/300mg,Tablet - FDC,Yes,1478.34,From RDC,"Abacavir/Lamivudine 600/300mg, scored tablets, 30 Tabs",29.92,1789,24187.28,PMO - US,Mylan (formerly Matrix) Nashik,Abacavir/Lamivudine,13.52,N/A - From RDC,SO-45651,FPQ-12144,4/22/13,ARV,104-CI-T30,31-Oct-13,Truck,Adult,30,0.45,SCMS from RDC,N/A - From RDC,162
11419,DN-220,Generic,CÃte dIvoire,18-Jul-07,18-Jul-07,150/200/30mg,Tablet - FDC,No,See DN-220 (ID#:10585),From RDC,"Lamivudine/Nevirapine/Stavudine 150/200/30mg, tablets, 60 Tabs",2.51,209,1567.5,PMO - US,"Cipla, Goa, India",Lamivudine/Nevirapine/Stavudine,7.5,N/A - From RDC,SO-590,Pre-PQ Process,Pre-PQ Process,ARV,104-CI-T01,18-Jul-07,MIssing,Adult,60,0.12,SCMS from RDC,N/A - From RDC,See DN-220 (ID#:10585)
3094,ASN-2023,Generic,Vietnam,07-Jul-08,07-Jul-08,300mg,Tablet,Yes,5260.46,Direct Drop,"Abacavir 300mg, tablets, 60 Tabs",20.8,520,13000.0,PMO - US,"Aurobindo Unit III, India",Abacavir,25.0,3/31/08,SCMS-20181,Pre-PQ Process,Pre-PQ Process,ARV,108-VN-T01,07-Jul-08,Air,Adult,60,0.42,Aurobindo Pharma Limited,EXW,137
13027,ASN-26923,Generic,Vietnam,29-Jul-14,06-Aug-14,600mg,Tablet,Yes,5616.02,Direct Drop,"Efavirenz 600mg, tablets, 30 Tabs",19.07,5300,18550.0,PMO - US,Hetero Unit III Hyderabad IN,Efavirenz,3.5,03-10-14,SCMS-226220,FPQ-13524,02-06-14,ARV,108-VN-T30,29-Jul-14,Air,Adult,30,0.12,HETERO LABS LIMITED,EXW,2922
12438,DN-448,Generic,CÃte dIvoire,18-Dec-07,18-Dec-07,30mg,Capsule,Yes,4147.9,From RDC,"Stavudine 30mg, capsules, 60 Caps",17.36,6200,10850.0,PMO - US,"Aurobindo Unit III, India",Stavudine,1.75,N/A - From RDC,SO-1308,Pre-PQ Process,Pre-PQ Process,ARV,104-CI-T01,18-Dec-07,Air,Adult,60,0.03,SCMS from RDC,N/A - From RDC,354
11206,DN-453,Generic,Zambia,06-Dec-07,06-Dec-07,600mg,Tablet,Yes,636.52,From RDC,"Efavirenz 600mg, tablets, 30 Tabs",3,96,1872.0,PMO - US,"Cipla, Goa, India",Efavirenz,19.5,N/A - From RDC,SO-1084,Pre-PQ Process,Pre-PQ Process,ARV,110-ZM-T01,06-Dec-07,MIssing,Adult,30,0.65,SCMS from RDC,N/A - From RDC,5
70259,ASN-20912,Generic,Cameroon,28-Aug-13,28-Aug-13,600mg,Tablet,Yes,15773.2,Direct Drop,"Efavirenz 600mg, tablets, 30 Tabs",76.93,19195,62191.8,PMO - US,"Hetero, Jadcherla, unit 5, IN",Efavirenz,3.24,07-01-13,SCMS-196530,FPQ-12528,6/21/13,ARV,901-CM-T30,28-Aug-13,Air,Adult,30,0.11,HETERO LABS LIMITED,EXW,1632
86469,DN-2628,Generic,Rwanda,08-Apr-12,08-Apr-12,600mg,Tablet,Yes,18446.92,From RDC,"Efavirenz 600mg, tablets, 30 Tabs",155.74,26962,111083.44,PMO - US,"Strides, Bangalore, India.",Efavirenz,4.12,N/A - From RDC,SO-41810,FPQ-9637,3/28/12,ARV,107-RW-T30,26-Apr-12,Air,Adult,30,0.14,SCMS from RDC,N/A - From RDC,1638
83238,DN-3660,Generic,Haiti,12-Jun-14,12-Jun-14,150/300mg,Tablet - FDC,Yes,5698.48,From RDC,"Lamivudine/Zidovudine 150/300mg, tablets, 60 Tabs",94.27,13626,91702.98,PMO - US,Hetero Unit III Hyderabad IN,Lamivudine/Zidovudine,6.73,N/A - From RDC,SO-47810,FPQ-13648,02-03-14,ARV,106-HT-T30,07-May-14,Air,Adult,60,0.11,SCMS from RDC,N/A - From RDC,1216
45178,ASN-22040,Determine,South Sudan,08-Nov-13,11-Nov-13,MIssing,Test kit,Yes,2997.85,Direct Drop,"HIV 1/2, Determine Complete HIV Kit, 100 Tests",49.54,450,40050.0,PMO - US,"Alere Medical Co., Ltd.","HIV 1/2, Determine Complete HIV Kit",89.0,08-05-13,SCMS-200910,FPQ-12623,7/18/13,HRDT,105-SS-T30,08-Nov-13,Air,HIV test,100,0.89,"Orgenics, Ltd",EXW,188
82956,DN-2246,Generic,CÃte dIvoire,26-Jun-11,26-Jun-11,10mg/ml,Oral solution,Yes,2503.33,From RDC,"Zidovudine 10mg/ml, oral solution w/syringe, Bottle, 240 ml",1.77,390,819.0,PMO - US,"Aurobindo Unit III, India",Zidovudine,2.1,N/A - From RDC,SO-39860,FPQ-6495,10-04-10,ARV,104-CI-T30,30-Jun-11,Air,Pediatric,240,0.01,SCMS from RDC,N/A - From RDC,140
82345,DN-1967,Generic,Nigeria,17-Aug-10,17-Aug-10,200/300mg,Tablet - FDC,Yes,6147.18,From RDC,"Emtricitabine/Tenofovir Disoproxil Fumarate 200/300mg, tablets, 30 Tabs",157.14,6203,72885.25,PMO - US,Mylan (formerly Matrix) Nashik,Emtricitabine/Tenofovir Disoproxil Fumarate,11.75,N/A - From RDC,SO-36413,FPQ-5023,02-10-10,ARV,151-NG-T30,09-Aug-10,Air Charter,Adult,30,0.39,SCMS from RDC,N/A - From RDC,560
65263,ASN-30941,Generic,Vietnam,31-Mar-15,01-Apr-15,300mg,Tablet,No,See ASN-30941 (ID#:32306),Direct Drop,"Tenofovir Disoproxil Fumarate 300mg, tablets, 30 Tabs",29.2,8000,28400.0,PMO - US,Hetero Unit III Hyderabad IN,Tenofovir Disoproxil Fumarate,3.55,12-08-14,SCMS-263660,FPQ-15040,10/30/14,ARV,108-VN-T30,31-Mar-15,Air,Adult,30,0.12,HETERO LABS LIMITED,EXW,See ASN-30941 (ID#:32306)
10915,DN-465,Generic,Zambia,30-Nov-07,30-Nov-07,200mg,Capsule,Yes,1448.2,From RDC,"Efavirenz 200mg, capsule, 90 Caps",52.89,2066,33056.0,PMO - US,"Aurobindo Unit III, India",Efavirenz,16.0,N/A - From RDC,SO-1329,Pre-PQ Process,Pre-PQ Process,ARV,110-ZM-T01,30-Nov-07,MIssing,Pediatric,90,0.18,SCMS from RDC,N/A - From RDC,236
37987,ASN-8794,Generic,South Africa,12-Jan-11,12-Jan-11,300mg,Tablet,Yes,6147.09,Direct Drop,"Tenofovir Disoproxil Fumarate 300mg, tablets, 30 Tabs",53.92,3619,25007.29,PMO - US,"Aurobindo Unit III, India",Tenofovir Disoproxil Fumarate,6.91,6/17/10,SCMS-75990,FPQ-5648,06-02-10,ARV,161-ZA-T30,12-Jan-11,Ocean,Adult,30,0.23,Aurobindo Pharma Limited,DDP,338
40479,ASN-26381,Kaletra,Tanzania,30-Sep-14,07-Oct-14,80/20mg/ml,Oral solution,Yes,5656.74,Direct Drop,"Lopinavir/Ritonavir 80/20mg/ml [Kaletra], oral solution, cool, Bottle 5 x 60 ml",9.63,304,9369.28,PMO - US,ABBVIE (Abbott) Logis. UK,Lopinavir/Ritonavir,30.82,5/16/14,SCMS-239390,FPQ-14049,04-11-14,ARV,109-TZ-T30,30-Sep-14,Air,Pediatric,300,0.1,ABBVIE LOGISTICS (FORMERLY ABBOTT LOGISTICS BV),FCA,278
78698,ASN-12624,Generic,South Africa,25-Nov-11,25-Nov-11,10mg/ml,Oral solution,Yes,6617.84,Direct Drop,"Lamivudine 10mg/ml, oral solution, Bottle, 240 ml",169.95,50000,103000.0,PMO - US,"Cipla, Goa, India",Lamivudine,2.06,3/28/11,SCMS-103790,FPQ-7175,03-10-11,ARV,161-ZA-T30,25-Nov-11,Ocean,Pediatric,240,0.01,CIPLA LIMITED,DDP,18467
86285,DN-1694,Generic,Nigeria,31-Mar-10,31-Mar-10,300mg,Tablet,Yes,Freight Included in Commodity Cost,From RDC,"Zidovudine 300mg, tablets, 60 Tabs",80.85,5000,37500.0,PMO - US,Mylan (formerly Matrix) Nashik,Zidovudine,7.5,N/A - From RDC,SO-35091,FPQ-4537,11-06-09,ARV,151-NG-T30,19-Apr-10,Air Charter,Adult,60,0.12,SCMS from RDC,N/A - From RDC,264
11056,DN-1292,Generic,Nigeria,16-Jun-09,16-Jun-09,150/300/200mg,Tablet - FDC,Yes,7329.83,From RDC,"Lamivudine/Nevirapine/Zidovudine 150/200/300mg, tablets, 60 Tabs",89.24,3994,45531.6,PMO - US,"Aurobindo Unit III, India",Lamivudine/Nevirapine/Zidovudine,11.4,N/A - From RDC,SO-30023,Pre-PQ Process,Pre-PQ Process,ARV,151-NG-T01,16-Jun-09,Air Charter,Adult,60,0.19,SCMS from RDC,N/A - From RDC,452
82710,DN-3844,Generic,Guyana,30-Jul-14,05-Sep-14,300mg,Tablet,Yes,7663.16,From RDC,"Abacavir 300mg, tablets, 60 Tabs",0.61,53,595.19,PMO - US,"Aurobindo Unit III, India",Abacavir,11.23,N/A - From RDC,SO-48520,FPQ-14042,04-09-14,ARV,105-GY-T30,30-Sep-14,Air,Adult,60,0.19,SCMS from RDC,N/A - From RDC,516
85153,DN-2020,Generic,Haiti,21-Oct-10,21-Oct-10,1mg/ml,Oral solution,Yes,29153.27,From RDC,"Stavudine 1mg/ml, powder for oral solution, 200 ml",1.75,600,810.0,PMO - US,"Aurobindo Unit III, India",Stavudine,1.35,N/A - From RDC,SO-37440,FPQ-6391,09-10-10,ARV,106-HT-T30,08-Oct-10,Air,Pediatric,200,0.01,SCMS from RDC,N/A - From RDC,69
19080,ASN-30652,Aluvia,Haiti,11-Mar-15,16-Mar-15,200/50mg,Tablet,Yes,16386.12,Direct Drop,"Lopinavir/Ritonavir 200/50mg [Aluvia], tablets, 120 Tabs",295.44,15560,287393.2,PMO - US,ABBVIE Ludwigshafen Germany,Lopinavir/Ritonavir,18.47,11/14/14,SCMS-258570,FPQ-14895,9/24/14,ARV,106-HT-T30,11-Mar-15,Air,Adult,120,0.15,ABBVIE LOGISTICS (FORMERLY ABBOTT LOGISTICS BV),FCA,3834
3007,ASN-1492,Videx,CÃte dIvoire,08-Apr-08,08-Apr-08,25mg,Chewable/dispersible tablet,Yes,Freight Included in Commodity Cost,Direct Drop,"Didanosine 25mg [Videx], chewable tablets, 60 Tabs",6.12,546,3822.0,PMO - US,"BMS Meymac, France",Didanosine,7.0,1/24/08,SCMS-16740,Pre-PQ Process,Pre-PQ Process,ARV,104-CI-T01,08-Apr-08,Air,Pediatric,60,0.12,BRISTOL-MYERS SQUIBB,CIP,108
47084,ASN-33865,Generic,South Africa,24-Aug-15,24-Aug-15,300mg,Tablet,No,Freight Included in Commodity Cost,Direct Drop,"Tenofovir Disoproxil Fumarate 300mg, tablets, 30 Tabs",0.46,30,445.57,PMO - US,Mylan (formerly Matrix) Nashik,Tenofovir Disoproxil Fumarate,14.85,8/24/15,SCMS-295800,FPQ-14942,09-11-14,ARV,116-ZA-T30,24-Aug-15,Truck,Adult,30,0.5,PHARMACY DIRECT,DDP,Weight Captured Separately
12897,DN-1324,Generic,Zambia,04-Sep-09,04-Sep-09,600mg,Tablet,Yes,2448.71,From RDC,"Efavirenz 600mg, tablets, 30 Tabs",479.93,22260,244860.0,PMO - US,"Aurobindo Unit III, India",Efavirenz,11.0,N/A - From RDC,SO-17640,Pre-PQ Process,Date Not Captured,ARV,110-ZM-T01,04-Sep-09,Air,Adult,30,0.37,SCMS from RDC,N/A - From RDC,1921
5978,ASN-2503,Zerit,South Africa,14-Aug-08,14-Aug-08,30mg,Capsule,No,Freight Included in Commodity Cost,Direct Drop,"Stavudine 30mg [Zerit], capsules, 60 Caps",2.78,350,1736.0,PMO - US,"BMS Meymac, France",Stavudine,4.96,Date Not Captured,SCMS-28830,Pre-PQ Process,Pre-PQ Process,ARV,116-ZA-T01,25-Aug-08,Truck,Adult,60,0.08,S. BUYS WHOLESALER,DDP,Weight Captured Separately
4193,ASN-1595,Generic,Rwanda,22-Apr-08,22-Apr-08,150/200/30mg,Tablet - FDC,Yes,10500,Direct Drop,"Lamivudine/Nevirapine/Stavudine 150/200/30mg, tablets, 60 Tabs",434.38,38784,271488.0,PMO - US,"Cipla, Goa, India",Lamivudine/Nevirapine/Stavudine,7.0,11/21/07,SCMS-14221,Pre-PQ Process,Pre-PQ Process,ARV,107-RW-T01,28-Apr-08,Air,Adult,60,0.12,CIPLA LIMITED,CIP,4124
12182,DN-840,Generic,Nigeria,03-Aug-08,03-Aug-08,150/200/30mg,Tablet - FDC,No,See DN-840 (ID#:12179),From RDC,"Lamivudine/Nevirapine/Stavudine 150/200/30mg, tablets, 60 Tabs",55.47,4685,34669.0,PMO - US,"Cipla, Goa, India",Lamivudine/Nevirapine/Stavudine,7.4,N/A - From RDC,SO-10030,Pre-PQ Process,Pre-PQ Process,ARV,112-NG-T01,03-Aug-08,Air,Adult,60,0.12,SCMS from RDC,N/A - From RDC,See DN-840 (ID#:12179)
49359,ASN-30174,Generic,South Africa,09-Jan-15,09-Jan-15,600/200/300mg,Tablet - FDC,Yes,Freight Included in Commodity Cost,Direct Drop,"Efavirenz/Emtricitabine/Tenofovir Disoproxil Fumarate 600/200/300mg, tablets, 30 Tabs",218.66,5000,185776.9,PMO - US,Mylan (formerly Matrix) Nashik,Efavirenz/Emtricitabine/Tenofovir Disoproxil Fumarate,37.16,12/17/14,SCMS-266770,FPQ-15271,10/29/14,ARV,116-ZA-T30,09-Jan-15,Truck,Adult,30,1.24,PHARMACY DIRECT,DDP,Weight Captured Separately
56950,ASN-9846,Generic,South Africa,17-Mar-11,17-Mar-11,10mg/ml,Oral solution,Yes,Freight Included in Commodity Cost,Direct Drop,"Lamivudine 10mg/ml, oral solution w/syringe, Bottle, 240 ml",153.01,33476,70969.12,PMO - US,"Aurobindo Unit III, India",Lamivudine,2.12,6/17/10,SCMS-75650,FPQ-5648,06-02-10,ARV,161-ZA-T30,17-Mar-11,Ocean,Pediatric,240,0.01,Aurobindo Pharma Limited,DDP,Weight Captured Separately
11432,DN-307,Generic,Mozambique,04-Sep-07,04-Sep-07,150/300mg,Tablet - FDC,Yes,1998.5,From RDC,"Lamivudine/Zidovudine 150/300mg, tablets, 60 Tabs",164.16,10800,102600.0,PMO - US,"Aurobindo Unit III, India",Lamivudine/Zidovudine,9.5,N/A - From RDC,SO-925,Pre-PQ Process,Pre-PQ Process,ARV,111-MZ-T01,04-Sep-07,Air,Adult,60,0.16,SCMS from RDC,N/A - From RDC,1020
57997,ASN-19790,Determine,Tanzania,25-Jun-13,25-Jun-13,MIssing,Test kit,Yes,5187.9,Direct Drop,"HIV 1/2, Determine Complete HIV Kit, 100 Tests",60.37,610,48800.0,PMO - US,"Alere Medical Co., Ltd.","HIV 1/2, Determine Complete HIV Kit",80.0,04-11-13,SCMS-182820,FPQ-11881,3/14/13,HRDT,109-TZ-T30,25-Jun-13,Air,HIV test,100,0.8,"Orgenics, Ltd",EXW,268
86273,DN-1666,Generic,Haiti,03-Mar-10,03-Mar-10,150/300mg,Tablet - FDC,Yes,6036.96,From RDC,"Lamivudine/Zidovudine 150/300mg, tablets, 60 Tabs",359.9,19056,166930.56,PMO - US,Mylan (formerly Matrix) Nashik,Lamivudine/Zidovudine,8.76,N/A - From RDC,SO-35530,FPQ-4469,9/23/09,ARV,106-HT-T30,12-Mar-10,Air,Adult,60,0.15,SCMS from RDC,N/A - From RDC,1517
12483,DN-658,Determine,Haiti,19-Mar-08,19-Mar-08,MIssing,Test kit,Yes,1328.2,From RDC,"HIV 1/2, Determine HIV Kit, without Lancets, 100 Tests",36.98,345,23115.0,PMO - US,Inverness Japan,"HIV 1/2, Determine HIV Kit, without Lancets",67.0,N/A - From RDC,SO-1916,Pre-PQ Process,Pre-PQ Process,HRDT,106-HT-T01,19-Mar-08,Air,HIV test,100,0.67,SCMS from RDC,N/A - From RDC,60
28923,ASN-19519,Generic,Uganda,24-May-13,24-May-13,300mg,Capsule,Yes,1025.37,Direct Drop,"Atazanavir 300mg, capsules, 30 Caps",3.27,132,2640.0,PMO - US,"Emcure Plot No.P-2, I.T-B.T. Park, Phase II, MIDC, Hinjwadi, Pune, India",Atazanavir,20.0,02-04-13,SCMS-173470,FPQ-11141,12/13/12,ARV,114-UG-T30,24-May-13,Air,Adult,30,0.67,EMCURE PHARMACEUTICALS LTD,EXW,12
2536,ASN-4462,Generic,Rwanda,20-Jul-09,20-Jul-09,150/300/200mg,Tablet - FDC,Yes,30661.5,Direct Drop,"Lamivudine/Nevirapine/Zidovudine 150/200/300mg, tablets, 60 Tabs",622.36,26932,317528.28,PMO - US,Mylan (formerly Matrix) Nashik,Lamivudine/Nevirapine/Zidovudine,11.79,4/15/09,SCMS-43880,Pre-PQ Process,Pre-PQ Process,ARV,107-RW-T01,20-Jul-09,Air,Adult,60,0.2,MYLAN LABORATORIES LTD (FORMERLY MATRIX LABORATORIES),CIP,3393
31156,ASN-24721,Uni-Gold,"Congo, DRC",04-Apr-14,28-Apr-14,MIssing,Test kit,No,See ASN-24721 (ID#:13708),Direct Drop,"HIV 1/2, Uni-Gold HIV Kit, 20 Tests",0.07,2,64.0,PMO - US,"Trinity Biotech, Plc","HIV 1/2, Uni-Gold HIV Kit",32.0,1/28/14,SCMS-224840,FPQ-13548,1/22/14,HRDT,101-CD-T30,04-Apr-14,Air,HIV test,20,1.6,"Trinity Biotech, Plc",EXW,See ASN-24721 (ID#:13708)
83452,DN-1982,Generic,CÃte dIvoire,23-Aug-10,23-Aug-10,10mg/ml,Oral solution,No,See DN-1982 (ID#:82910),From RDC,"Lamivudine 10mg/ml, oral solution, Bottle, 240 ml",18.06,4340,8376.2,PMO - US,"Aurobindo Unit III, India",Lamivudine,1.93,N/A - From RDC,SO-36311,FPQ-5201,03-03-10,ARV,104-CI-T30,23-Aug-10,Air,Pediatric,240,0.01,SCMS from RDC,N/A - From RDC,See DN-1982 (ID#:82910)
10763,DN-1209,Generic,Nigeria,08-May-09,08-May-09,150/300/200mg,Tablet - FDC,Yes,15128.37,From RDC,"Lamivudine/Nevirapine/Zidovudine 150/200/300mg, tablets, 60 Tabs",679.59,30415,346731.0,PMO - US,"Aurobindo Unit III, India",Lamivudine/Nevirapine/Zidovudine,11.4,N/A - From RDC,SO-22527,Pre-PQ Process,Pre-PQ Process,ARV,151-NG-T01,08-May-09,Air Charter,Adult,60,0.19,SCMS from RDC,N/A - From RDC,3415
83752,DN-3483,Generic,Mozambique,10-Feb-14,17-Mar-14,600/300/300mg,Tablet - FDC,No,See DN-3483 (ID#:82633),From RDC,"Efavirenz/Lamivudine/Tenofovir Disoproxil Fumarate 600/300/300mg, tablets, 30 Tabs",911.05,66054,736502.1,PMO - US,Hetero Unit III Hyderabad IN,Efavirenz/Lamivudine/Tenofovir Disoproxil Fumarate,11.15,N/A - From RDC,SO-45896,FPQ-12416,6/28/13,ARV,111-MZ-T30,31-Jan-14,Truck,Adult,30,0.37,SCMS from RDC,N/A - From RDC,See DN-3483 (ID#:82633)
83555,DN-2495,Generic,"Congo, DRC",14-Feb-12,14-Feb-12,600mg,Tablet,Yes,912.36,From RDC,"Efavirenz 600mg, tablets, 30 Tabs",0.17,30,123.6,PMO - US,"Strides, Bangalore, India.",Efavirenz,4.12,N/A - From RDC,SO-41133,FPQ-8840,11/21/11,ARV,101-CD-T30,16-Mar-12,Air,Adult,30,0.14,SCMS from RDC,N/A - From RDC,55
12334,DN-32,Generic,Zimbabwe,23-Mar-07,23-Mar-07,600mg,Tablet,Yes,1886.21,From RDC,"Efavirenz 600mg, tablets, 30 Tabs",MIssing,7000,113750.0,PMO - US,"Aurobindo Unit III, India",Efavirenz,16.25,N/A - From RDC,SO-224,Pre-PQ Process,Pre-PQ Process,ARV,113-ZW-T01,23-Mar-07,MIssing,Adult,30,0.54,SCMS from RDC,N/A - From RDC,581
12808,DN-683,Generic,Uganda,17-Apr-08,17-Apr-08,10mg/ml,Oral suspension,Yes,740.34,From RDC,"Nevirapine 10mg/ml, oral suspension, Bottle, 240 ml",0.39,127,243.84,PMO - US,"Aurobindo Unit III, India",Nevirapine,1.92,N/A - From RDC,SO-1995,Pre-PQ Process,Pre-PQ Process,ARV,114-UG-T01,17-Apr-08,Air,Pediatric,240,0.01,SCMS from RDC,N/A - From RDC,46
19959,ASN-29257,Generic,South Africa,05-Nov-14,05-Nov-14,150mg,Tablet,Yes,Freight Included in Commodity Cost,Direct Drop,"Lamivudine 150mg, tablets, 60 Tabs",1.91,203,1855.98,PMO - US,"Aurobindo Unit III, India",Lamivudine,9.14,11-04-14,SCMS-238555,FPQ-13973,4/30/14,ARV,116-ZA-T30,05-Nov-14,Truck,Adult,60,0.15,PHARMACY DIRECT,DDP,Weight Captured Separately
71469,ASN-15329,Generic,Rwanda,28-Jun-12,28-Jun-12,60/12mg,Chewable/dispersible tablet - FDC,Yes,3011.72,Direct Drop,"Lamivudine/Stavudine 60/12mg, dispersible tablets, 60 Tabs",3.46,672,2466.24,PMO - US,"Cipla, Goa, India",Lamivudine/Stavudine,3.67,03-09-12,SCMS-129510,FPQ-8741,11/30/11,ARV,107-RW-T30,28-Jun-12,Air,Pediatric,60,0.06,CIPLA LIMITED,CIP,50
82772,DN-4085,Generic,Rwanda,09-Feb-15,20-Feb-15,200mg,Tablet,Yes,2124.48,From RDC,"Efavirenz 200mg, scored tablets, 90 Tabs",8.3,868,8072.4,PMO - US,"Strides, Bangalore, India.",Efavirenz,9.3,N/A - From RDC,SO-49950,FPQ-14811,10/15/14,ARV,107-RW-T30,30-Jan-15,Truck,Pediatric,90,0.1,SCMS from RDC,N/A - From RDC,173
52364,ASN-28699,Generic,Uganda,06-Nov-14,07-Nov-14,100/25mg,Tablet,Yes,1042.36,Direct Drop,"Lopinavir/Ritonavir 100/25mg [Aluvia], tablets, 60 Tabs",4.42,724,4300.56,PMO - US,ABBVIE Ludwigshafen Germany,Lopinavir/Ritonavir,5.94,6/23/14,SCMS-244450,FPQ-14407,06-11-14,ARV,114-UG-T30,06-Nov-14,Air,Pediatric,60,0.1,ABBVIE LOGISTICS (FORMERLY ABBOTT LOGISTICS BV),FCA,82
82437,DN-2500,Generic,"Congo, DRC",14-Feb-12,14-Feb-12,200/50mg,Tablet,No,See DN-2500 (ID#:82436),From RDC,"Lopinavir/Ritonavir 200/50mg, tablets, 120 Tabs",6.95,147,4959.78,PMO - US,"Aurobindo Unit III, India",Lopinavir/Ritonavir,33.74,N/A - From RDC,SO-41138,FPQ-8840,11/21/11,ARV,101-CD-T30,10-Feb-12,Air,Adult,120,0.28,SCMS from RDC,N/A - From RDC,See DN-2500 (ID#:82436)
4459,ASN-2524,Videx,Vietnam,30-Sep-08,30-Sep-08,25mg,Chewable/dispersible tablet,Yes,2035.66,Direct Drop,"Didanosine 25mg [Videx], chewable tablets, 60 Tabs",4.48,400,2800.0,PMO - US,"BMS Meymac, France",Didanosine,7.0,5/13/08,SCMS-23380,Pre-PQ Process,Pre-PQ Process,ARV,108-VN-T01,30-Sep-08,Air,Pediatric,60,0.12,BRISTOL-MYERS SQUIBB,CIP,81
56550,ASN-5095,Norvir,Tanzania,17-Nov-09,17-Nov-09,100mg,Capsule,Yes,7015.04,Direct Drop,"Ritonavir 100mg [Norvir], capsules, cool, 4 x 84 Caps",48.49,645,24742.2,PMO - US,ABBVIE (Abbott) Logis. UK,Ritonavir,38.36,6/23/09,SCMS-47741,FPQ-3782,06-11-09,ARV,109-TZ-T30,17-Nov-09,Air,Adult,336,0.11,ABBVIE LOGISTICS (FORMERLY ABBOTT LOGISTICS BV),FCA,1210
11249,DN-659,Generic,Ethiopia,12-Mar-08,12-Mar-08,150mg,Tablet,Yes,2963.8,From RDC,"Lamivudine 150mg, tablets, 60 Tabs",68.31,14044,42693.76,PMO - US,"Ranbaxy, Paonta Shahib, India",Lamivudine,3.04,N/A - From RDC,SO-1964,Pre-PQ Process,Pre-PQ Process,ARV,117-ET-T01,12-Mar-08,Air,Adult,60,0.05,SCMS from RDC,N/A - From RDC,732
82845,DN-1522,Generic,Uganda,30-Nov-09,30-Nov-09,150/300/200mg,Tablet - FDC,Yes,15170.33,From RDC,"Lamivudine/Nevirapine/Zidovudine 150/200/300mg, tablets, 60 Tabs",342.71,15584,174852.48,PMO - US,"Aurobindo Unit III, India",Lamivudine/Nevirapine/Zidovudine,11.22,N/A - From RDC,SO-33860,FPQ-4275,9/17/09,ARV,114-UG-T30,03-Dec-09,Air,Adult,60,0.19,SCMS from RDC,N/A - From RDC,6843
82352,DN-2018,Generic,Zambia,12-Oct-10,12-Oct-10,200/300mg,Tablet - FDC,Yes,16981.15,From RDC,"Emtricitabine/Tenofovir Disoproxil Fumarate 200/300mg, tablets, 30 Tabs",3560.65,140554,1651509.5,PMO - US,Mylan (formerly Matrix) Nashik,Emtricitabine/Tenofovir Disoproxil Fumarate,11.75,N/A - From RDC,SO-36841,FPQ-5702,5/20/10,ARV,110-ZM-T30,04-Nov-10,Truck,Adult,30,0.39,SCMS from RDC,N/A - From RDC,16961
82416,DN-2414,Generic,Mozambique,25-Jan-12,25-Jan-12,10mg/ml,Oral suspension,Yes,2779.53,From RDC,"Nevirapine 10mg/ml, oral suspension w/syringe, Bottle, 240 ml",9.43,2930,5713.5,PMO - US,"Aurobindo Unit III, India",Nevirapine,1.95,N/A - From RDC,SO-38637,FPQ-7053,1/24/11,ARV,111-MZ-T30,25-Jan-12,Truck,Pediatric,240,0.01,SCMS from RDC,N/A - From RDC,1102
61286,ASN-22354,Determine,Nigeria,13-Nov-13,17-Nov-13,MIssing,Test kit,Yes,21084.84,Direct Drop,"HIV 1/2, Determine Complete HIV Kit, 100 Tests",338.65,3076,273764.0,PMO - US,"Alere Medical Co., Ltd.","HIV 1/2, Determine Complete HIV Kit",89.0,07-10-13,SCMS-196561,FPQ-12456,06-10-13,HRDT,133-NG-T30,07-Nov-13,Air,HIV test,100,0.89,"Orgenics, Ltd",EXW,1249
24366,ASN-14914,Colloidal Gold,Ethiopia,18-May-12,18-May-12,MIssing,Test kit,Yes,9718.85,Direct Drop,"HIV 1/2, SKB Colloidal Gold, Diagnostic Kit, Antibody, 50 Tests",46.78,1362,33369.0,PMO - US,"KHB Test Kit Facility, Shanghai China","HIV 1/2, Colloidal Gold, Diagnostic Kit, Antibody",24.5,1/23/12,SCMS-133590,FPQ-9098,01-10-12,HRDT,117-ET-T30,18-May-12,Air,HIV test,1,24.5,"SHANGHAI KEHUA BIOENGINEERING CO.,LTD.  (KHB)",EXW,970
84514,DN-1554,Generic,Zimbabwe,07-Dec-09,07-Dec-09,150/200/30mg,Tablet - FDC,Yes,15328.58,From RDC,"Lamivudine/Nevirapine/Stavudine 150/200/30mg, tablets, 60 Tabs",992.07,76000,506160.0,PMO - US,"Cipla, Goa, India",Lamivudine/Nevirapine/Stavudine,6.66,N/A - From RDC,SO-27200,FPQ-4472,3/17/09,ARV,113-ZW-T30,18-Dec-09,Truck,Adult,60,0.11,SCMS from RDC,N/A - From RDC,8280
86496,DN-2765,Generic,Nigeria,24-Jul-12,24-Jul-12,600/300/300mg,Tablet - FDC,Yes,16532.5,From RDC,"Efavirenz/Lamivudine/Tenofovir Disoproxil Fumarate 600/300/300mg, tablets, 30 Tabs",130.23,7000,92890.0,PMO - US,Mylan (formerly Matrix) Nashik,Efavirenz/Lamivudine/Tenofovir Disoproxil Fumarate,13.27,N/A - From RDC,SO-42800,FPQ-8952,12-08-11,ARV,151-NG-T30,30-Jul-12,Air Charter,Adult,30,0.44,SCMS from RDC,N/A - From RDC,858
10622,DN-380,Determine,Zambia,17-Oct-07,17-Oct-07,MIssing,Test kit,Yes,2938.27,From RDC,"HIV 1/2, Determine Complete HIV Kit, 100 Tests",144.38,1128,90240.0,PMO - US,ABBVIE GmbH & Co.KG Wiesbaden,"HIV 1/2, Determine Complete HIV Kit",80.0,N/A - From RDC,SO-535,Pre-PQ Process,Pre-PQ Process,HRDT,110-ZM-T01,17-Oct-07,MIssing,HIV test,100,0.8,SCMS from RDC,N/A - From RDC,629
12284,DN-1234,Generic,CÃte dIvoire,11-Jun-09,11-Jun-09,150/300/200mg,Tablet - FDC,No,See DN-1234 (ID#:11970),From RDC,"Lamivudine/Nevirapine/Zidovudine 150/200/300mg, tablets, 60 Tabs",339.86,15000,173400.0,PMO - US,"Aurobindo Unit III, India",Lamivudine/Nevirapine/Zidovudine,11.56,N/A - From RDC,SO-27520,Pre-PQ Process,Pre-PQ Process,ARV,104-CI-T01,11-Jun-09,Air,Adult,60,0.19,SCMS from RDC,N/A - From RDC,See DN-1234 (ID#:11970)
83399,DN-1644,Generic,Zambia,05-Mar-10,05-Mar-10,200mg,Tablet,Yes,3379.64,From RDC,"Nevirapine 200mg, tablets, 60 Tabs",107.02,20000,54600.0,PMO - US,"Aurobindo Unit III, India",Nevirapine,2.73,N/A - From RDC,SO-35220,FPQ-4035,08-05-09,ARV,110-ZM-T30,02-Mar-10,Truck,Adult,60,0.05,SCMS from RDC,N/A - From RDC,1946
86782,DN-4153,Generic,Mozambique,10-Apr-15,20-Apr-15,10mg/ml,Oral suspension,No,See DN-4153 (ID#:86170),From RDC,"Nevirapine 10mg/ml, oral suspension w/syringe, Bottle, 240 ml",44.2,24871,37555.21,PMO - US,"Aurobindo Unit III, India",Nevirapine,1.51,N/A - From RDC,SO-50121,FPQ-15195,10/17/14,ARV,111-MZ-T30,30-Jun-15,Truck,Pediatric,240,0.01,SCMS from RDC,N/A - From RDC,See DN-4153 (ID#:86170)
10573,DN-196,Generic,CÃte dIvoire,28-Jun-07,28-Jun-07,150/200/30mg,Tablet - FDC,Yes,17587,From RDC,"Lamivudine/Nevirapine/Stavudine 150/200/30mg, tablets, 60 Tabs",484.93,40411,303082.5,PMO - US,"Cipla, Goa, India",Lamivudine/Nevirapine/Stavudine,7.5,N/A - From RDC,SO-603,Pre-PQ Process,Pre-PQ Process,ARV,104-CI-T01,28-Jun-07,MIssing,Adult,60,0.12,SCMS from RDC,N/A - From RDC,7185
5937,ASN-2862,Videx,Vietnam,21-Nov-08,21-Nov-08,25mg,Chewable/dispersible tablet,Yes,1516.05,Direct Drop,"Didanosine 25mg [Videx], chewable tablets, 60 Tabs",3.84,280,1960.0,PMO - US,"BMS Meymac, France",Didanosine,7.0,7/23/08,SCMS-27340,Pre-PQ Process,Pre-PQ Process,ARV,108-VN-T01,21-Nov-08,Air,Pediatric,60,0.12,BRISTOL-MYERS SQUIBB,CIP,60
80329,ASN-15470,Generic,"Congo, DRC",07-Dec-12,07-Dec-12,500/25mg,Tablet - FDC,Yes,7393.13,Direct Drop,"Sulfadoxine/Pyrimethamine 500/25mg, tablets, 1000 Tabs",21.35,602,15230.6,PMO - US,"Micro Labs, Hosur, India",Sulfadoxine/Pyrimethamine,25.3,6/14/12,SCMS-149100,FPQ-9884,5/31/12,ANTM,101-CD-T30,07-Dec-12,Air,Malaria,1000,0.03,AMSTELFARMA B.V.,EXW,488
14658,ASN-31638,Kaletra,Zambia,25-Apr-15,30-Apr-15,80/20mg/ml,Oral solution,Yes,14603.71,Direct Drop,"Lopinavir/Ritonavir 80/20mg/ml [Kaletra], oral solution, cool, Bottle 5 x 60 ml",71.76,2265,69807.3,PMO - US,ABBVIE (Abbott) Logis. UK,Lopinavir/Ritonavir,30.82,8/20/14,SCMS-253020,FPQ-14790,8/13/14,ARV,110-ZM-T30,25-Apr-15,Air,Pediatric,300,0.1,ABBVIE LOGISTICS (FORMERLY ABBOTT LOGISTICS BV),FCA,2272
85211,DN-2434,Generic,Zambia,28-Nov-11,28-Nov-11,300mg,Tablet,No,See DN-2434 (ID#:84684),From RDC,"Zidovudine 300mg, tablets, 60 Tabs",59.2,5111,35879.22,PMO - US,Hetero Unit III Hyderabad IN,Zidovudine,7.02,N/A - From RDC,SO-40272,FPQ-7767,7/26/11,ARV,110-ZM-T30,28-Feb-12,Truck,Adult,60,0.12,SCMS from RDC,N/A - From RDC,See DN-2434 (ID#:84684)
86417,DN-2400,Generic,Zambia,04-Nov-11,04-Nov-11,200/300mg,Tablet - FDC,Yes,2882.6,From RDC,"Emtricitabine/Tenofovir Disoproxil Fumarate 200/300mg, tablets, 30 Tabs",148.23,10015,89834.55,PMO - US,Mylan (formerly Matrix) Nashik,Emtricitabine/Tenofovir Disoproxil Fumarate,8.97,N/A - From RDC,SO-40741,FPQ-8383,09-11-11,ARV,110-ZM-T30,19-Jan-12,Truck,Adult,30,0.3,SCMS from RDC,N/A - From RDC,819
83493,DN-2144,Generic,Uganda,01-Apr-11,01-Apr-11,150/300mg,Tablet - FDC,Yes,23675.63,From RDC,"Lamivudine/Zidovudine 150/300mg, tablets, 60 Tabs",536.16,30107,248683.82,PMO - US,"Aurobindo Unit III, India",Lamivudine/Zidovudine,8.26,N/A - From RDC,SO-38760,FPQ-6427,9/29/10,ARV,114-UG-T30,31-Mar-11,Truck,Adult,60,0.14,SCMS from RDC,N/A - From RDC,2875
19241,ASN-23875,Generic,South Africa,13-Jan-14,13-Jan-14,20mg/ml,Oral solution,No,Freight Included in Commodity Cost,Direct Drop,"Abacavir 20mg/ml, oral solution w/syringe, Bottle, 240 ml",0.38,16,367.09,PMO - US,"Aurobindo Unit III, India",Abacavir,22.94,12-02-13,SCMS-215410,FPQ-13214,11/14/13,ARV,116-ZA-T30,13-Jan-14,Truck,Pediatric,240,0.1,S. BUYS WHOLESALER,DDP,Weight Captured Separately
32738,ASN-15140,Generic,Rwanda,23-Aug-12,23-Aug-12,600/300/300mg,Tablet - FDC,Yes,11186.24,Direct Drop,"Efavirenz/Lamivudine/Tenofovir Disoproxil Fumarate 600/300/300mg, tablets, 30 Tabs",849.57,46613,605969.0,PMO - US,Mylan (formerly Matrix) Nashik,Efavirenz/Lamivudine/Tenofovir Disoproxil Fumarate,13.0,4/20/12,SCMS-137530,FPQ-8742,12-07-11,ARV,107-RW-T30,23-Aug-12,Ocean,Adult,30,0.43,MYLAN LABORATORIES LTD (FORMERLY MATRIX LABORATORIES),EXW,5245
10626,DN-373,Generic,Nigeria,20-Sep-07,20-Sep-07,10mg/ml,Oral solution,No,See DN-373 (ID#:10623),From RDC,"Zidovudine 10mg/ml, oral solution, Bottle, 240 ml",10.45,1653,6529.35,PMO - US,"Aurobindo Unit III, India",Zidovudine,3.95,N/A - From RDC,SO-565,Pre-PQ Process,Pre-PQ Process,ARV,112-NG-T01,20-Sep-07,Air,Pediatric,240,0.02,SCMS from RDC,N/A - From RDC,See DN-373 (ID#:10623)
84441,DN-4090,Aluvia,Haiti,13-Feb-15,16-Feb-15,200/50mg,Tablet,Yes,5413.7,From RDC,"Lopinavir/Ritonavir 200/50mg [Aluvia], tablets, 120 Tabs",44.49,2000,37800.0,PMO - US,ABBVIE Ludwigshafen Germany,Lopinavir/Ritonavir,18.9,N/A - From RDC,SO-50590,FPQ-15610,12/17/14,ARV,106-HT-T30,30-Jan-15,Air,Adult,120,0.16,SCMS from RDC,N/A - From RDC,457
43749,ASN-28279,Uni-Gold,"Congo, DRC",04-Nov-14,20-Nov-14,MIssing,Test kit,No,See ASN-28279 (ID#:13547),Direct Drop,"HIV 1/2, Uni-Gold HIV Kit, 20 Tests",2.14,65,2080.0,PMO - US,"Trinity Biotech, Plc","HIV 1/2, Uni-Gold HIV Kit",32.0,8/27/14,SCMS-253260,FPQ-14654,08-11-14,HRDT,101-CD-T30,04-Nov-14,Air,HIV test,20,1.6,"Trinity Biotech, Plc",EXW,See ASN-28279 (ID#:13547)
19019,ASN-22955,Uni-Gold,South Sudan,11-Feb-14,11-Feb-14,MIssing,Test kit,Yes,2395.42,Direct Drop,"HIV 1/2, Uni-Gold HIV Kit, 20 Tests",0.99,25,800.0,PMO - US,"Trinity Biotech, Plc","HIV 1/2, Uni-Gold HIV Kit",32.0,08-06-13,SCMS-200921,FPQ-12623,7/18/13,HRDT,105-SS-T30,11-Feb-14,Air,HIV test,20,1.6,"Trinity Biotech, Plc",EXW,159
58555,ASN-13012,Generic,Vietnam,20-Dec-11,20-Dec-11,150mg,Tablet,Yes,5440.01,Direct Drop,"Lamivudine 150mg, tablets, 60 Tabs",64.54,16645,39115.75,PMO - US,"Strides, Bangalore, India.",Lamivudine,2.35,07-08-11,SCMS-113610,FPQ-7898,6/27/11,ARV,108-VN-T30,20-Dec-11,Air,Adult,60,0.04,STRIDES ARCOLAB LIMITED,EXW,742
12630,DN-88,Stocrin/Sustiva,Mozambique,04-May-07,04-May-07,50mg,Capsule,Yes,679.6,From RDC,"Efavirenz 50mg [Stocrin/Sustiva], capsule, 30 Caps",MIssing,3756,12845.52,PMO - US,"MSD Manati, Puerto Rico, (USA)",Efavirenz,3.42,N/A - From RDC,SO-380,Pre-PQ Process,Pre-PQ Process,ARV,111-MZ-T01,04-May-07,Air,Pediatric,30,0.11,SCMS from RDC,N/A - From RDC,Weight Captured Separately
8603,ASN-2855,Aluvia,Vietnam,03-Dec-08,03-Dec-08,200/50mg,Tablet,Yes,2985.93,Direct Drop,"Lopinavir/Ritonavir 200/50mg [Aluvia], tablets, 120 Tabs",174,1080,88776.0,PMO - US,ABBVIE Ludwigshafen Germany,Lopinavir/Ritonavir,82.2,7/24/08,SCMS-27300,Pre-PQ Process,Pre-PQ Process,ARV,108-VN-T01,03-Dec-08,Air,Adult,120,0.68,ABBVIE LOGISTICS (FORMERLY ABBOTT LOGISTICS BV),FCA,259
83570,DN-2554,Generic,CÃte dIvoire,24-Feb-12,24-Feb-12,600/200/300mg,Tablet - FDC,Yes,4466.99,From RDC,"Efavirenz/Emtricitabine/Tenofovir Disoproxil Fumarate 600/200/300mg, tablets, 30 Tabs",246.29,8922,149265.06,PMO - US,Mylan (formerly Matrix) Nashik,Efavirenz/Emtricitabine/Tenofovir Disoproxil Fumarate,16.73,N/A - From RDC,SO-40751,FPQ-8295,8/25/11,ARV,104-CI-T30,12-Mar-12,Truck,Adult,30,0.56,SCMS from RDC,N/A - From RDC,973
25830,ASN-8160,Generic,South Africa,08-Dec-10,08-Dec-10,10mg/ml,Oral solution,Yes,12917.3,Direct Drop,"Lamivudine 10mg/ml, oral solution w/syringe, Bottle, 240 ml",75.29,11640,34920.0,PMO - US,"Aurobindo Unit III, India",Lamivudine,3.0,3/19/10,SCMS-68980,FPQ-5303,3/18/10,ARV,161-ZA-T30,24-Aug-10,Air,Pediatric,240,0.01,Aurobindo Pharma Limited,DDP,4386
18740,ASN-14350,Videx,Guatemala,21-May-12,21-May-12,50mg,Chewable/dispersible tablet,Yes,Freight Included in Commodity Cost,Direct Drop,"Didanosine 50mg [Videx], chewable tablets, 60 Tabs",20.09,161,12174.82,PMO - US,Bristol-Myers Squibb Anagni IT,Didanosine,75.62,1/25/11,SCMS-98041,FPQ-6944,1/17/11,ARV,202-GT-T30,21-May-12,Air,Pediatric,60,1.26,IDIS LIMITED,DDU,Weight Captured Separately
30065,ASN-8940,Uni-Gold,Nigeria,17-Dec-10,17-Dec-10,MIssing,Test kit,Yes,16036.98,Direct Drop,"HIV 1/2, Uni-Gold HIV Kit, 20 Tests",198,3750,120000.0,PMO - US,"Trinity Biotech, Plc","HIV 1/2, Uni-Gold HIV Kit",32.0,11-09-10,SCMS-91790,FPQ-6606,10/29/10,HRDT,133-NG-T30,17-Dec-10,Air,HIV test,20,1.6,"Trinity Biotech, Plc",EXW,1072
1134,ASN-4343,Determine,Kenya,10-Jul-09,10-Jul-09,MIssing,Test kit,Yes,16835.31,Direct Drop,"HIV 1/2, Determine Complete HIV Kit, 100 Tests",1176,7500,600000.0,PMO - US,Inverness Japan,"HIV 1/2, Determine Complete HIV Kit",80.0,04-04-09,SCMS-42980,Pre-PQ Process,Pre-PQ Process,HRDT,102-KE-T01,10-Jul-09,Air,HIV test,100,0.8,"Orgenics, Ltd",EXW,2215
85732,DN-2090,Generic,Nigeria,16-Feb-11,16-Feb-11,150/300/200mg,Tablet - FDC,No,See DN-2090 (ID#:82366),From RDC,"Lamivudine/Nevirapine/Zidovudine 150/200/300mg, tablets, 60 Tabs",2419.03,100000,1122000.0,PMO - US,Mylan (formerly Matrix) Nashik,Lamivudine/Nevirapine/Zidovudine,11.22,N/A - From RDC,SO-38320,FPQ-6243,8/25/10,ARV,151-NG-T30,22-Feb-11,Air Charter,Adult,60,0.19,SCMS from RDC,N/A - From RDC,See DN-2090 (ID#:82366)
3851,ASN-4419,Generic,Vietnam,10-Jul-09,10-Jul-09,30mg,Capsule,Yes,9931.49,Direct Drop,"Stavudine 30mg, capsules, 60 Caps",45.36,15960,23142.0,PMO - US,"Aurobindo Unit III, India",Stavudine,1.45,4/29/09,SCMS-45070,Pre-PQ Process,Pre-PQ Process,ARV,108-VN-T01,10-Jul-09,Air,Adult,60,0.02,Aurobindo Pharma Limited,EXW,1815
52854,ASN-19166,Ziagen,South Africa,16-Apr-13,16-Apr-13,20mg/ml,Oral solution,No,Freight Included in Commodity Cost,Direct Drop,"Abacavir 20mg/ml [Ziagen], oral solution, Bottle, 240 ml",2.57,91,2074.51,South Africa Field Office,GSK Mississauga (Canada),Abacavir,22.8,Date Not Captured,SCMS-183950,FPQ-11828,3/18/13,ARV,116-ZA-T30,16-Apr-13,Truck,Pediatric,240,0.1,S. BUYS WHOLESALER,DDP,Weight Captured Separately
5243,ASN-26,Reveal,CÃte dIvoire,08-Aug-06,08-Aug-06,MIssing,Test kit,Yes,859.53,Direct Drop,"HIV, Reveal G3 Rapid HIV-1 Antibody Test, 30 Tests",MIssing,19,551.0,PMO - US,Ranbaxy Fine Chemicals LTD,"HIV, Reveal G3 Rapid HIV-1 Antibody Test",29.0,Date Not Captured,SCMS-40,Pre-PQ Process,Pre-PQ Process,HRDT,104-CI-T01,08-Aug-06,Air,HIV test,30,0.97,RANBAXY Fine Chemicals LTD.,EXW,13
7125,ASN-2293,Kaletra,South Africa,08-May-08,08-May-08,80/20mg/ml,Oral solution,No,Freight Included in Commodity Cost,Direct Drop,"Lopinavir/Ritonavir 80/20mg/ml [Kaletra], oral solution, cool, Bottle 5 x 60 ml",2.37,40,1479.6,PMO - US,ABBVIE (Abbott) Logis. UK,Lopinavir/Ritonavir,36.99,Date Not Captured,SCMS-23500,Pre-PQ Process,Pre-PQ Process,ARV,116-ZA-T01,20-Aug-08,Truck,Pediatric,300,0.12,S. BUYS WHOLESALER,DDP,Weight Captured Separately
82474,DN-2655,Generic,Zimbabwe,25-May-12,25-May-12,200mg,Tablet,Yes,15219.71,From RDC,"Nevirapine 200mg, tablets, 60 Tabs",67.93,16873,41170.12,PMO - US,"Aurobindo Unit III, India",Nevirapine,2.44,N/A - From RDC,SO-40861,FPQ-8464,10-04-11,ARV,113-ZW-T30,31-May-12,Truck,Adult,60,0.04,SCMS from RDC,N/A - From RDC,8433
84762,DN-2906,Generic,Nigeria,06-Nov-12,06-Nov-12,200mg,Capsule,Yes,15459.09,From RDC,"Efavirenz 200mg, capsule, 90 Caps",29.51,2548,21046.48,PMO - US,"Aurobindo Unit III, India",Efavirenz,8.26,N/A - From RDC,SO-42687,FPQ-9968,5/23/12,ARV,151-NG-T30,06-Nov-12,Air,Pediatric,90,0.09,SCMS from RDC,N/A - From RDC,370
86042,DN-3531,Generic,Tanzania,19-Feb-14,24-Feb-14,10mg/ml,Oral suspension,No,See DN-3531 (ID#:83761),From RDC,"Nevirapine 10mg/ml, oral suspension w/syringe, Bottle, 100 ml",21.18,13171,17122.3,PMO - US,"Aurobindo Unit III, India",Nevirapine,1.3,N/A - From RDC,SO-45999,FPQ-12587,07-04-13,ARV,109-TZ-T30,31-Jan-14,Truck,Pediatric,100,0.01,SCMS from RDC,N/A - From RDC,See DN-3531 (ID#:83761)
38480,ASN-19651,Generic,Vietnam,21-Jun-13,21-Jun-13,600mg,Tablet,Yes,6969.97,Direct Drop,"Efavirenz 600mg, tablets, 30 Tabs",31.49,7882,25458.86,PMO - US,"Micro labs, Verna, Goa, India",Efavirenz,3.23,02-05-13,SCMS-176230,FPQ-11418,1/29/13,ARV,108-VN-T30,21-Jun-13,Air,Adult,30,0.11,MICRO LABS LIMITED,EXW,472
962,ASN-3521,Generic,Vietnam,23-Mar-09,23-Mar-09,150/200/30mg,Tablet - FDC,Yes,4225.93,Direct Drop,"Lamivudine/Nevirapine/Stavudine 150/200/30mg, tablets, 60 Tabs",142.81,10560,72864.0,PMO - US,"Cipla, Goa, India",Lamivudine/Nevirapine/Stavudine,6.9,1/16/09,SCMS-37180,Pre-PQ Process,Pre-PQ Process,ARV,108-VN-T01,23-Mar-09,Air,Adult,60,0.12,CIPLA LIMITED,EXW,924
57449,ASN-29588,Aluvia,Vietnam,15-Jan-15,22-Jan-15,200/50mg,Tablet,Yes,1475.94,Direct Drop,"Lopinavir/Ritonavir 200/50mg [Aluvia], tablets, 120 Tabs",275.1,4400,267608.0,PMO - US,ABBVIE Ludwigshafen Germany,Lopinavir/Ritonavir,60.82,08-11-14,SCMS-249030,FPQ-14516,07-09-14,ARV,108-VN-T30,15-Jan-15,Air,Adult,120,0.51,ABBVIE LOGISTICS (FORMERLY ABBOTT LOGISTICS BV),FCA,1073
85569,DN-4174,Generic,CÃte dIvoire,26-Mar-15,30-Mar-15,300mg,Tablet,Yes,707.7,From RDC,"Tenofovir Disoproxil Fumarate 300mg, tablets, 30 Tabs",6.44,1764,6262.2,PMO - US,Mylan (formerly Matrix) Nashik,Tenofovir Disoproxil Fumarate,3.55,N/A - From RDC,SO-49054,FPQ-14370,5/23/14,ARV,104-CI-T30,31-Mar-15,Truck,Adult,30,0.12,SCMS from RDC,N/A - From RDC,110
40496,ASN-27610,Prezista,South Africa,05-Aug-14,05-Aug-14,300mg,Tablet,Yes,Freight Included in Commodity Cost,Direct Drop,"Darunavir 300mg [Prezista], tablets, 120 Tabs",1.29,18,1254.77,PMO - US,"Janssen-Cilag, Latina, IT",Darunavir,69.71,08-05-14,SCMS-238552,FPQ-13973,4/30/14,ARV,116-ZA-T30,05-Aug-14,Truck,Adult,120,0.58,PHARMACY DIRECT,DDP,Weight Captured Separately
86317,DN-1948,Generic,Zimbabwe,22-Jul-10,22-Jul-10,150/30mg,Tablet - FDC,No,See DN-1948 (ID#:82906),From RDC,"Lamivudine/Stavudine 150/30mg, tablets, 60 Tabs",0.7,99,324.72,PMO - US,"Cipla, Goa, India",Lamivudine/Stavudine,3.28,N/A - From RDC,SO-35351,FPQ-4694,12-08-09,ARV,113-ZW-T30,30-Jul-10,Air,Adult,60,0.05,SCMS from RDC,N/A - From RDC,See DN-1948 (ID#:82906)
27938,ASN-12827,Uni-Gold,Zambia,30-Nov-11,30-Nov-11,MIssing,Test kit,Yes,25136.39,Direct Drop,"HIV 1/2, Uni-Gold HIV Kit, 20 Tests",312.58,5920,189440.0,PMO - US,"Trinity Biotech, Plc","HIV 1/2, Uni-Gold HIV Kit",32.0,9/19/11,SCMS-120581,FPQ-8315,8/31/11,HRDT,110-ZM-T30,30-Nov-11,Air,HIV test,20,1.6,"Trinity Biotech, Plc",EXW,1896
1972,ASN-2592,Stat-Pak,Ethiopia,13-Oct-08,13-Oct-08,MIssing,Test kit,Yes,11066.17,Direct Drop,"HIV 1/2, Stat-Pak HIV, Kit, 20 Tests",257.39,5958,160866.0,PMO - US,Chembio Diagnostics Sys. Inc.,"HIV 1/2, Stat-Pak HIV, Kit",27.0,7/30/08,SCMS-27800,Pre-PQ Process,Pre-PQ Process,HRDT,117-ET-T01,03-Nov-08,Air,HIV test,20,1.35,"CHEMBIO DIAGNOSTIC SYSTEMS, INC.",EXW,2147
51155,ASN-6064,OraQuick,Haiti,02-Mar-10,02-Mar-10,MIssing,Test kit,Yes,5362.39,Direct Drop,"HIV 1/2, OraQuick Advance HIV Rapid Antibody Kit, 100 Tests",75.46,100,35000.0,PMO - US,"Pacific Biotech, Thailand","HIV 1/2, OraQuick Advance HIV Rapid Antibody Kit",350.0,1/21/10,SCMS-63790,FPQ-4822,01-07-10,HRDT,106-HT-T30,02-Mar-10,Air,HIV test,100,3.5,Orasure Technologies Inc.,EXW,240
56524,ASN-11344,Uni-Gold,Mozambique,22-Nov-11,22-Nov-11,MIssing,Test kit,Yes,23408.33,Direct Drop,"HIV 1/2, Uni-Gold HIV Kit, 20 Tests",702.24,13300,425600.0,PMO - US,"Trinity Biotech, Plc","HIV 1/2, Uni-Gold HIV Kit",32.0,3/30/11,SCMS-103130,FPQ-7270,03-04-11,HRDT,111-MZ-T30,22-Nov-11,Ocean,HIV test,20,1.6,"Trinity Biotech, Plc",EXW,4472
30112,ASN-11751,Kaletra,Zimbabwe,15-Sep-11,15-Sep-11,80/20mg/ml,Oral solution,Yes,16956.86,Direct Drop,"Lopinavir/Ritonavir 80/20mg/ml [Kaletra], oral solution, cool, Bottle 5 x 60 ml",195.06,2502,90472.32,PMO - US,ABBVIE (Abbott) Logis. UK,Lopinavir/Ritonavir,36.16,11-10-10,SCMS-90670,FPQ-6488,10/26/10,ARV,200-ZW-T30,15-Sep-11,Air,Pediatric,300,0.12,ABBVIE LOGISTICS (FORMERLY ABBOTT LOGISTICS BV),FCA,2364
34942,ASN-5136,Generic,South Africa,05-Aug-09,05-Aug-09,100mg,Capsule,No,Freight Included in Commodity Cost,Direct Drop,"Zidovudine 100mg, capsules, 100 Caps",44.41,944,22658.01,PMO - US,"Cipla, Goa, India",Zidovudine,24.0,7/21/09,SCMS-49641,FPQ-3560,05-07-09,ARV,116-ZA-T30,05-Aug-09,Truck,Pediatric,100,0.24,S. BUYS WHOLESALER,DDP,Weight Captured Separately
69898,ASN-31335,Determine,South Sudan,03-Jun-15,05-Jun-15,MIssing,Test kit,No,See ASN-31335 (ID#:42778),Direct Drop,"HIV 1/2, Determine Complete HIV Kit, 100 Tests",3.14,30,2670.0,PMO - US,"Alere Medical Co., Ltd.","HIV 1/2, Determine Complete HIV Kit",89.0,2/20/15,SCMS-272160,FPQ-15569,12/29/14,HRDT,105-SS-T30,03-Jun-15,Air,HIV test,100,0.89,"Orgenics, Ltd",EXW,See ASN-31335 (ID#:42778)
11543,DN-718,Generic,Nigeria,21-Apr-08,21-Apr-08,150/300mg,Tablet - FDC,No,See DN-718 (ID#:10968),From RDC,"Lamivudine/Zidovudine 150/300mg, tablets, 60 Tabs",19.66,1300,12285.0,PMO - US,"Aurobindo Unit III, India",Lamivudine/Zidovudine,9.45,N/A - From RDC,SO-2350,Pre-PQ Process,Pre-PQ Process,ARV,112-NG-T01,21-Apr-08,Air,Adult,60,0.16,SCMS from RDC,N/A - From RDC,See DN-718 (ID#:10968)
84465,DN-4218,Generic,Uganda,14-May-15,15-May-15,30/60mg,Chewable/dispersible tablet - FDC,No,See DN-4218 (ID#:83326),From RDC,"Lamivudine/Zidovudine 30/60mg, dispersible tablets, 60 Tabs",18.51,8193,15730.56,PMO - US,"Mylan,  H-12 & H-13, India",Lamivudine/Zidovudine,1.92,N/A - From RDC,SO-50050,FPQ-15294,11-03-14,ARV,114-UG-T30,15-Jun-15,Truck,Pediatric,60,0.03,SCMS from RDC,N/A - From RDC,See DN-4218 (ID#:83326)
83418,DN-1788,Generic,Nigeria,18-May-10,18-May-10,20mg,Capsule,Yes,9736.1,From RDC,"Stavudine 20mg, capsules, 60 Caps",10.02,3250,4647.5,PMO - US,"Aurobindo Unit III, India",Stavudine,1.43,N/A - From RDC,SO-35130,FPQ-4537,11-06-09,ARV,151-NG-T30,31-May-10,Air Charter,Adult,60,0.02,SCMS from RDC,N/A - From RDC,216
86300,DN-1806,Generic,Nigeria,18-May-10,18-May-10,600/200/300mg,Tablet - FDC,Yes,9736.1,From RDC,"Efavirenz/Emtricitabine/Tenofovir Disoproxil Fumarate 600/200/300mg, tablets, 30 Tabs",128.84,3000,59760.0,PMO - US,Mylan (formerly Matrix) Nashik,Efavirenz/Emtricitabine/Tenofovir Disoproxil Fumarate,19.92,N/A - From RDC,SO-35023,FPQ-4537,11-06-09,ARV,151-NG-T30,31-May-10,Air Charter,Adult,30,0.66,SCMS from RDC,N/A - From RDC,329
11017,DN-995,Generic,Uganda,02-Dec-08,02-Dec-08,150mg,Tablet,Yes,1096.71,From RDC,"Lamivudine 150mg, tablets, 60 Tabs",2.84,500,1450.0,PMO - US,"Aurobindo Unit III, India",Lamivudine,2.9,N/A - From RDC,SO-17780,Pre-PQ Process,Pre-PQ Process,ARV,114-UG-T01,02-Dec-08,Air,Adult,60,0.05,SCMS from RDC,N/A - From RDC,26
84111,DN-2350,Generic,Nigeria,28-Sep-11,28-Sep-11,150/300/200mg,Tablet - FDC,Yes,18495.9,From RDC,"Lamivudine/Nevirapine/Zidovudine 150/200/300mg, tablets, 60 Tabs",4955.39,267671,3003268.62,PMO - US,"Aurobindo Unit III, India",Lamivudine/Nevirapine/Zidovudine,11.22,N/A - From RDC,SO-39991,FPQ-7812,06-06-11,ARV,151-NG-T30,03-Nov-11,Air Charter,Adult,60,0.19,SCMS from RDC,N/A - From RDC,37993
84680,DN-2411,Generic,Zimbabwe,21-Nov-11,21-Nov-11,30/50/60mg,Chewable/dispersible tablet - FDC,Yes,3537.26,From RDC,"Lamivudine/Nevirapine/Zidovudine 30/50/60mg, dispersible tablets, 60 Tabs",275.44,30060,127755.0,PMO - US,Mylan (formerly Matrix) Nashik,Lamivudine/Nevirapine/Zidovudine,4.25,N/A - From RDC,SO-37900,FPQ-6483,10/13/10,ARV,200-ZW-T30,30-Nov-11,Truck,Pediatric,60,0.07,SCMS from RDC,N/A - From RDC,1754
38571,ASN-33152,Norvir,Vietnam,13-Aug-15,13-Aug-15,100mg,Tablet,Yes,Invoiced Separately,Direct Drop,"Ritonavir 100mg [Norvir], film coated tablets, 30 Tabs",2.74,100,2326.0,PMO - US,ABBVIE Ludwigshafen Germany,Ritonavir,23.26,03-04-15,SCMS-277330,FPQ-15823,2/13/15,ARV,108-VN-T30,13-Aug-15,Air,Adult,30,0.78,ABBVIE LOGISTICS (FORMERLY ABBOTT LOGISTICS BV),FCA,Weight Captured Separately
22595,ASN-13657,Aluvia,CÃte dIvoire,23-Mar-12,23-Mar-12,200/50mg,Tablet,Yes,Invoiced Separately,Direct Drop,"Lopinavir/Ritonavir 200/50mg [Aluvia], tablets, 120 Tabs",498.36,9800,302036.0,PMO - US,ABBVIE Ludwigshafen Germany,Lopinavir/Ritonavir,30.82,10-11-11,SCMS-124280,FPQ-8366,09-05-11,ARV,104-CI-T30,23-Mar-12,Ocean,Adult,120,0.26,ABBVIE LOGISTICS (FORMERLY ABBOTT LOGISTICS BV),FCA,Weight Captured Separately
82360,DN-2065,Generic,Dominican Republic,08-Dec-10,08-Dec-10,150mg,Tablet,Yes,18046.12,From RDC,"Lamivudine 150mg, tablets, 60 Tabs",2.5,649,1512.17,PMO - US,Hetero Unit III Hyderabad IN,Lamivudine,2.33,N/A - From RDC,SO-38020,FPQ-6616,10/25/10,ARV,200-DO-T30,31-Jan-11,Air,Adult,60,0.04,SCMS from RDC,N/A - From RDC,1787
11904,DN-946,Generic,Haiti,20-Oct-08,20-Oct-08,600mg,Tablet,No,See DN-946 (ID#:10983),From RDC,"Efavirenz 600mg, tablets, 30 Tabs",476.43,27070,297770.0,PMO - US,"Aurobindo Unit III, India",Efavirenz,11.0,N/A - From RDC,SO-15960,Pre-PQ Process,Pre-PQ Process,ARV,106-HT-T01,20-Oct-08,Air,Adult,30,0.37,SCMS from RDC,N/A - From RDC,See DN-946 (ID#:10983)
83948,DN-1311,Generic,Nigeria,04-Aug-09,04-Aug-09,150/300mg,Tablet - FDC,No,See DN-1311 (ID#:82837),From RDC,"Lamivudine/Zidovudine 150/300mg, tablets, 60 Tabs",3.67,214,1874.64,PMO - US,"Aurobindo Unit III, India",Lamivudine/Zidovudine,8.76,N/A - From RDC,SO-32270,FPQ-3815,5/26/09,ARV,154-NG-T30,30-Jul-09,Air Charter,Adult,60,0.15,SCMS from RDC,N/A - From RDC,See DN-1311 (ID#:82837)
63355,ASN-26374,Generic,Ghana,12-Jun-14,12-Jun-14,200/50mg,Tablet,Yes,7326.63,Direct Drop,"Lopinavir/Ritonavir 200/50mg, tablets, 120 Tabs",76.04,3393,73967.4,PMO - US,"Aurobindo Unit III, India",Lopinavir/Ritonavir,21.8,05-05-14,SCMS-234031,FPQ-13809,03-07-14,ARV,105-GH-T30,12-Jun-14,Air,Adult,120,0.18,Aurobindo Pharma Limited,EXW,901
86466,DN-2605,Generic,Zimbabwe,10-Apr-12,10-Apr-12,150/200/30mg,Tablet - FDC,No,See DN-2605 (ID#:82467),From RDC,"Lamivudine/Nevirapine/Stavudine 150/200/30mg, tablets, 60 Tabs",630.53,71030,382141.4,PMO - US,"Strides, Bangalore, India.",Lamivudine/Nevirapine/Stavudine,5.38,N/A - From RDC,SO-40850,FPQ-8464,10-04-11,ARV,113-ZW-T30,13-Apr-12,Truck,Adult,60,0.09,SCMS from RDC,N/A - From RDC,See DN-2605 (ID#:82467)
2157,ASN-3553,Retrovir,South Africa,09-Oct-08,09-Oct-08,10mg/ml,Oral solution,No,Freight Included in Commodity Cost,Direct Drop,"Zidovudine 10mg/ml [Retrovir], oral solution, Bottle, 200 ml",1.44,120,733.2,PMO - US,GSK Mississauga (Canada),Zidovudine,6.11,Date Not Captured,SCMS-33320,Pre-PQ Process,Pre-PQ Process,ARV,116-ZA-T01,17-May-09,Truck,Pediatric,200,0.03,S. BUYS WHOLESALER,DDP,Weight Captured Separately
35053,ASN-14875,Generic,Vietnam,05-Jun-12,05-Jun-12,20mg/ml,Oral solution,Yes,1340.23,Direct Drop,"Abacavir 20mg/ml, oral solution w/syringe, Bottle, 240 ml",3.5,200,2500.0,PMO - US,"Aurobindo Unit III, India",Abacavir,12.5,1/18/12,SCMS-131650,FPQ-9001,12/15/11,ARV,108-VN-T30,05-Jun-12,Air,Pediatric,240,0.05,Aurobindo Pharma Limited,EXW,546
11592,DN-968,Generic,Uganda,09-Dec-08,09-Dec-08,150/300/200mg,Tablet - FDC,No,See DN-968 (ID#:11289),From RDC,"Lamivudine/Nevirapine/Zidovudine 150/200/300mg, tablets, 60 Tabs",108.79,4704,55507.2,PMO - US,"Aurobindo Unit III, India",Lamivudine/Nevirapine/Zidovudine,11.8,N/A - From RDC,SO-17430,Pre-PQ Process,Pre-PQ Process,ARV,114-UG-T01,09-Dec-08,Air,Adult,60,0.2,SCMS from RDC,N/A - From RDC,See DN-968 (ID#:11289)
1215,ASN-4311,Uni-Gold,Namibia,29-Jun-09,29-Jun-09,MIssing,Test kit,Yes,1736.18,Direct Drop,"HIV 1/2, Uni-Gold HIV Kit, 20 Tests",13.8,220,7040.0,PMO - US,"Trinity Biotech, Plc","HIV 1/2, Uni-Gold HIV Kit",32.0,06-02-09,SCMS-46820,Pre-PQ Process,Pre-PQ Process,HRDT,119-NA-T01,29-Jun-09,Air,HIV test,20,1.6,"Trinity Biotech, Plc",EXW,79
44816,ASN-29935,Determine,Nigeria,16-Jan-15,22-Jan-15,MIssing,Test kit,Yes,31090.27,Direct Drop,"HIV 1/2, Determine Complete HIV Kit, 100 Tests",563.41,6158,548062.0,PMO - US,"Alere Medical Co., Ltd.","HIV 1/2, Determine Complete HIV Kit",89.0,10/29/14,SCMS-260700,FPQ-14995,9/22/14,HRDT,133-NG-T30,19-Jan-15,Air,HIV test,100,0.89,"Orgenics, Ltd",EXW,2493
17815,ASN-12610,Determine,Mozambique,12-Dec-11,12-Dec-11,MIssing,Test kit,Yes,15891.96,Direct Drop,"HIV 1/2, Determine HIV Kit, without Lancets, 100 Tests",950.26,7412,575912.4,PMO - US,Inverness Japan,"HIV 1/2, Determine HIV Kit, without Lancets",77.7,8/24/11,SCMS-118360,FPQ-8116,08-04-11,HRDT,111-MZ-T30,12-Dec-11,Air,HIV test,100,0.78,"Orgenics, Ltd",EXW,2097
86575,DN-3186,Generic,Zambia,07-Jun-13,07-Jun-13,150/300mg,Tablet - FDC,No,See DN-3186 (ID#:83688),From RDC,"Lamivudine/Zidovudine 150/300mg, tablets, 60 Tabs",126.34,12873,90111.0,PMO - US,"Cipla, Goa, India",Lamivudine/Zidovudine,7.0,N/A - From RDC,SO-43460,FPQ-10728,10-05-12,ARV,110-ZM-T30,28-Jun-13,Truck,Adult,60,0.12,SCMS from RDC,N/A - From RDC,See DN-3186 (ID#:83688)
86289,DN-1764,Generic,CÃte dIvoire,01-Apr-10,01-Apr-10,300mg,Tablet,Yes,1702.92,From RDC,"Zidovudine 300mg, tablets, 60 Tabs",13.5,915,6889.95,PMO - US,"Aurobindo Unit III, India",Zidovudine,7.53,N/A - From RDC,SO-34373,FPQ-4378,10/15/09,ARV,104-CI-T30,06-Apr-10,Air,Adult,60,0.13,SCMS from RDC,N/A - From RDC,51
29036,ASN-7957,Isentress,Uganda,07-Sep-10,07-Sep-10,400mg,Tablet,Yes,360,Direct Drop,"Raltegravir 400mg [Isentress], tablets, 60 Tabs",12.43,63,5764.5,PMO - US,"MSD, Haarlem, NL",Raltegravir,91.5,7/20/10,SCMS-79750,FPQ-5772,6/25/10,ARV,114-UG-T30,07-Sep-10,Air,Adult,60,1.52,MERCK SHARP & DOHME IDEA GMBH (FORMALLY MERCK SHARP & DOHME B.V.),CIP,7
43507,ASN-31070,Generic,South Africa,09-Mar-15,09-Mar-15,20mg/ml,Oral solution,No,Freight Included in Commodity Cost,Direct Drop,"Abacavir 20mg/ml, oral solution, Bottle, 240 ml",0.24,13,230.24,PMO - US,"Aurobindo Unit III, India",Abacavir,17.71,03-09-15,SCMS-259074,FPQ-14942,09-11-14,ARV,116-ZA-T30,09-Mar-15,Truck,Pediatric,240,0.07,PHARMACY DIRECT,DDP,Weight Captured Separately
83500,DN-2173,Generic,Nigeria,10-May-11,10-May-11,300/300mg,Tablet - FDC,Yes,12601.07,From RDC,"Lamivudine/Tenofovir Disoproxil Fumarate 300/300mg, tablets, 30 Tabs",727.65,50000,441000.0,PMO - US,Mylan (formerly Matrix) Nashik,Lamivudine/Tenofovir Disoproxil Fumarate,8.82,N/A - From RDC,SO-39230,FPQ-6800,12-07-10,ARV,151-NG-T30,21-Jun-11,Air Charter,Adult,30,0.29,SCMS from RDC,N/A - From RDC,4502
11023,DN-1129,Truvada,Nigeria,24-Mar-09,24-Mar-09,300/200mg,Tablet - FDC,Yes,6443.61,From RDC,"Emtricitabine/Tenofovir Disoproxil Fumarate 200/300mg [Truvada], tablets, 30 Tabs",147.71,2871,75363.75,PMO - US,"Aspen-OSD, Port Elizabeth, SA",Emtricitabine/Tenofovir Disoproxil Fumarate,26.25,N/A - From RDC,SO-21780,Pre-PQ Process,Pre-PQ Process,ARV,151-NG-T01,24-Mar-09,Air,Adult,30,0.88,SCMS from RDC,N/A - From RDC,249
12063,DN-172,Generic,Nigeria,26-Jun-07,26-Jun-07,150/300mg,Tablet - FDC,No,See DN-172 (ID#:10566),From RDC,"Lamivudine/Zidovudine 150/300mg, tablets, 60 Tabs",MIssing,203,2168.04,PMO - US,"Aurobindo Unit III, India",Lamivudine/Zidovudine,10.68,N/A - From RDC,SO-557,Pre-PQ Process,Pre-PQ Process,ARV,112-NG-T01,26-Jun-07,MIssing,Adult,60,0.18,SCMS from RDC,N/A - From RDC,See DN-172 (ID#:10566)
1971,ASN-2910,Paramax,Guyana,15-Dec-08,15-Dec-08,MIssing,Test kit,Yes,648.27,Direct Drop,"Malaria Paramax-3 Kit, 25 Tests",7.94,108,4050.0,PMO - US,Not Applicable,Malaria Paramax-3 Kit,37.5,7/28/08,SCMS-27680,Pre-PQ Process,Pre-PQ Process,MRDT,102-GY-T01,15-Dec-08,Air,Malaria,25,1.5,ZEPHYR BIOMEDICALS,EXW,34
86256,DN-1617,Generic,Haiti,24-Feb-10,24-Feb-10,50mg,Capsule,No,See DN-1617 (ID#:83395),From RDC,"Efavirenz 50mg, capsule, 30 Caps",7.38,1528,3422.72,PMO - US,"Aurobindo Unit III, India",Efavirenz,2.24,N/A - From RDC,SO-34230,FPQ-4469,9/23/09,ARV,106-HT-T30,05-Mar-10,Air,Pediatric,30,0.07,SCMS from RDC,N/A - From RDC,See DN-1617 (ID#:83395)
3735,ASN-3607,Zerit,South Africa,28-Nov-08,28-Nov-08,15mg,Capsule,No,Freight Included in Commodity Cost,Direct Drop,"Stavudine 15mg [Zerit], capsules, 60 Caps",7.78,1000,3970.0,PMO - US,"BMS Meymac, France",Stavudine,3.97,Date Not Captured,SCMS-40780,Pre-PQ Process,Pre-PQ Process,ARV,116-ZA-T01,17-Mar-09,Air,Adult,60,0.07,S. BUYS WHOLESALER,DDP,Weight Captured Separately
70404,ASN-21651,Generic,Vietnam,24-Sep-13,24-Sep-13,600mg,Tablet,Yes,1849.17,Direct Drop,"Efavirenz 600mg, tablets, 30 Tabs",57.61,14374,46571.76,PMO - US,"Hetero, Jadcherla, unit 5, IN",Efavirenz,3.24,5/21/13,SCMS-190510,FPQ-12051,05-03-13,ARV,108-VN-T30,24-Sep-13,Air,Adult,30,0.11,HETERO LABS LIMITED,EXW,1228
85003,DN-4041,Aluvia,Uganda,24-Jan-15,03-Feb-15,200/50mg,Tablet,No,See DN-4041 (ID#:83291),From RDC,"Lopinavir/Ritonavir 200/50mg [Aluvia], tablets, 120 Tabs",71.17,3663,69230.7,PMO - US,ABBVIE Ludwigshafen Germany,Lopinavir/Ritonavir,18.9,N/A - From RDC,SO-48993,FPQ-14396,06-04-14,ARV,114-UG-T30,16-Feb-15,Truck,Adult,120,0.16,SCMS from RDC,N/A - From RDC,See DN-4041 (ID#:83291)
82878,DN-1766,Generic,Uganda,12-Apr-10,12-Apr-10,600mg,Tablet,Yes,1524.56,From RDC,"Efavirenz 600mg, tablets, 30 Tabs",22.12,2000,10260.0,PMO - US,Mylan (formerly Matrix) Nashik,Efavirenz,5.13,N/A - From RDC,SO-36170,FPQ-5239,03-02-10,ARV,114-UG-T30,26-May-10,Air,Adult,30,0.17,SCMS from RDC,N/A - From RDC,563
84953,DN-3832,Generic,Zambia,25-Jul-14,31-Jul-14,150/300mg,Tablet - FDC,Yes,8635.96,From RDC,"Lamivudine/Zidovudine 150/300mg, tablets, 60 Tabs",670.26,100000,652000.0,PMO - US,Hetero Unit III Hyderabad IN,Lamivudine/Zidovudine,6.52,N/A - From RDC,SO-48660,FPQ-14105,4/16/14,ARV,110-ZM-T30,31-Jul-14,Truck,Adult,60,0.11,SCMS from RDC,N/A - From RDC,8528
85630,DN-1456,Generic,Nigeria,20-Oct-09,20-Oct-09,200/300mg,Tablet - FDC,No,See DN-1456 (ID#:83952),From RDC,"Emtricitabine/Tenofovir Disoproxil Fumarate 200/300mg, tablets, 30 Tabs",13.82,600,7050.0,PMO - US,Mylan (formerly Matrix) Nashik,Emtricitabine/Tenofovir Disoproxil Fumarate,11.75,N/A - From RDC,SO-32980,FPQ-4040,7/29/09,ARV,112-NG-T30,15-Oct-09,Air Charter,Adult,30,0.39,SCMS from RDC,N/A - From RDC,See DN-1456 (ID#:83952)
85845,DN-2594,Generic,Burundi,04-May-12,04-May-12,150/300/200mg,Tablet - FDC,No,See DN-2594 (ID#:83021),From RDC,"Lamivudine/Nevirapine/Zidovudine 150/200/300mg, tablets, 60 Tabs",154.22,10000,110000.0,PMO - US,Mylan (formerly Matrix) Nashik,Lamivudine/Nevirapine/Zidovudine,11.0,N/A - From RDC,SO-41530,FPQ-9229,1/25/12,ARV,102-BI-T30,26-Apr-12,Air,Adult,60,0.18,SCMS from RDC,N/A - From RDC,See DN-2594 (ID#:83021)
14323,ASN-12145,Bioline,Dominican Republic,27-Sep-11,27-Sep-11,MIssing,Test kit,No,See ASN-12145 (ID#:13696),Direct Drop,"HIV 1/2, Bioline 3.0 Kit, 100 Tests",13.86,112,8400.0,PMO - US,"Standard Diagnostics, Korea","HIV 1/2, Bioline 3.0 Kit",75.0,08-03-11,SCMS-117380,FPQ-7858,6/21/11,HRDT,105-DO-T30,27-Sep-11,Air,HIV test,100,0.75,"Standard Diagnostics, Inc.",EXW,See ASN-12145 (ID#:13696)
75534,ASN-26755,Generic,Rwanda,24-Jul-14,25-Jul-14,300/100mg,Tablet,Yes,1832.54,Direct Drop,"Atazanavir/Ritonavir 300/100mg, tablets, 30 Tabs",370.08,18000,360000.0,PMO - US,Mylan (formerly Matrix) Nashik,Atazanavir/Ritonavir,20.0,5/16/14,SCMS-239010,FPQ-13851,03-10-14,ARV,107-RW-T30,24-Jul-14,Air,Adult,30,0.67,MYLAN LABORATORIES LTD (FORMERLY MATRIX LABORATORIES),CIP,2402
85291,DN-2803,Generic,Zimbabwe,04-Sep-12,04-Sep-12,200mg,Tablet,No,See DN-2803 (ID#:83613),From RDC,"Nevirapine 200mg, tablets, 60 Tabs",43.78,10963,26530.46,PMO - US,"Aurobindo Unit III, India",Nevirapine,2.42,N/A - From RDC,SO-40902,FPQ-8464,10-04-11,ARV,113-ZW-T30,11-Dec-12,Truck,Adult,60,0.04,SCMS from RDC,N/A - From RDC,See DN-2803 (ID#:83613)
11517,DN-590,Aluvia,Rwanda,29-Feb-08,29-Feb-08,200/50mg,Tablet,Yes,5531.4,From RDC,"Lopinavir/Ritonavir 200/50mg [Aluvia], tablets, 120 Tabs",39.46,600,24660.0,PMO - US,ABBVIE (Abbott) Logis. UK,Lopinavir/Ritonavir,41.1,N/A - From RDC,SO-1534,Pre-PQ Process,Pre-PQ Process,ARV,107-RW-T01,29-Feb-08,Air,Adult,120,0.34,SCMS from RDC,N/A - From RDC,859
51346,ASN-29764,Aluvia,South Africa,10-Dec-14,10-Dec-14,200/50mg,Tablet,No,Freight Included in Commodity Cost,Direct Drop,"Lopinavir/Ritonavir 200/50mg [Aluvia], tablets, 120 Tabs",1.14,47,971.91,PMO - US,ABBVIE Ludwigshafen Germany,Lopinavir/Ritonavir,20.68,12-10-14,SCMS-267020,FPQ-15269,10/29/14,ARV,116-ZA-T30,10-Dec-14,Truck,Adult,120,0.17,S. BUYS WHOLESALER,DDP,Weight Captured Separately
69006,ASN-13033,Determine,Zambia,16-Dec-11,16-Dec-11,MIssing,Test kit,Yes,22614.24,Direct Drop,"HIV 1/2, Determine Complete HIV Kit, 100 Tests",345.58,2618,209440.0,PMO - US,"Alere Medical Co., Ltd.","HIV 1/2, Determine Complete HIV Kit",80.0,9/22/11,SCMS-120570,FPQ-8315,8/31/11,HRDT,110-ZM-T30,20-Dec-11,Air,HIV test,100,0.8,"Orgenics, Ltd",EXW,1246
57493,ASN-7323,Videx,CÃte dIvoire,06-Jul-10,06-Jul-10,50mg,Chewable/dispersible tablet,Yes,830.05,Direct Drop,"Didanosine 50mg [Videx], chewable tablets, 60 Tabs",40.96,2000,19000.0,PMO - US,"BMS Meymac, France",Didanosine,9.5,4/26/10,SCMS-71910,FPQ-5544,4/19/10,ARV,104-CI-T30,06-Jul-10,Air,Pediatric,60,0.16,BRISTOL-MYERS SQUIBB,CIP,391
85936,DN-3011,Generic,Uganda,04-Mar-13,04-Mar-13,200/50mg,Tablet,Yes,17032.59,From RDC,"Lopinavir/Ritonavir 200/50mg, tablets, 120 Tabs",260.16,8494,210311.44,PMO - US,"Aurobindo Unit III, India",Lopinavir/Ritonavir,24.76,N/A - From RDC,SO-43520,FPQ-10786,10-10-12,ARV,114-UG-T30,04-Mar-13,Air,Adult,120,0.21,SCMS from RDC,N/A - From RDC,2089
18500,ASN-5946,Aluvia,Vietnam,11-Mar-10,11-Mar-10,200/50mg,Tablet,Yes,11167.45,Direct Drop,"Lopinavir/Ritonavir 200/50mg [Aluvia], tablets, 120 Tabs",689.56,4280,351816.0,PMO - US,ABBVIE Ludwigshafen Germany,Lopinavir/Ritonavir,82.2,11-05-09,SCMS-56200,FPQ-4265,10/20/09,ARV,108-VN-T30,11-Mar-10,Air,Adult,120,0.68,ABBVIE LOGISTICS (FORMERLY ABBOTT LOGISTICS BV),FCA,1063
3419,ASN-2992,Genie,CÃte dIvoire,12-Dec-08,12-Dec-08,MIssing,Test kit,Yes,25080.52,Direct Drop,"#108853** HIV, Genie II HIV-1/HIV-2 Kit, 40 Tests",128.4,862,65512.0,PMO - US,Bio-Rad Laboratories,"HIV, Genie II HIV-1/HIV-2 Kit",76.0,9/18/08,SCMS-30420,Pre-PQ Process,Pre-PQ Process,HRDT,104-CI-T01,12-Dec-08,Air,HIV test,40,1.9,BIO-RAD LABORATORIES (FRANCE),EXW,963
12551,DN-844,Generic,Nigeria,24-Jul-08,24-Jul-08,200mg,Tablet,No,See DN-844 (ID#:12249),From RDC,"Nevirapine 200mg, tablets, 60 Tabs",9.1,1672,5684.8,PMO - US,"Aurobindo Unit III, India",Nevirapine,3.4,N/A - From RDC,SO-10540,Pre-PQ Process,Pre-PQ Process,ARV,130-NG-T01,24-Jul-08,Air,Adult,60,0.06,SCMS from RDC,N/A - From RDC,See DN-844 (ID#:12249)
28231,ASN-29597,Generic,South Africa,28-Nov-14,28-Nov-14,150mg,Tablet,No,Freight Included in Commodity Cost,Direct Drop,"Lamivudine 150mg, tablets, 60 Tabs",1.09,161,1063.65,PMO - US,"Aurobindo Unit III, India",Lamivudine,6.61,11/28/14,SCMS-259071,FPQ-14942,09-11-14,ARV,116-ZA-T30,28-Nov-14,Truck,Adult,60,0.11,PHARMACY DIRECT,DDP,Weight Captured Separately
11715,DN-128,Determine,Guyana,07-Jun-07,07-Jun-07,MIssing,Test kit,Yes,944.67,From RDC,"HIV 1/2, Determine Complete HIV Kit, 100 Tests",MIssing,100,8000.0,PMO - US,ABBVIE GmbH & Co.KG Wiesbaden,"HIV 1/2, Determine Complete HIV Kit",80.0,N/A - From RDC,SO-509,Pre-PQ Process,Pre-PQ Process,HRDT,102-GY-T01,07-Jun-07,MIssing,HIV test,100,0.8,SCMS from RDC,N/A - From RDC,32
83208,DN-3542,Generic,Nigeria,10-Feb-14,19-Feb-14,60/30mg,Tablet - FDC,Yes,30936.1,From RDC,"Abacavir/Lamivudine 60/30mg, tablets, 60 Tabs",29.61,5985,23940.0,PMO - US,"Aurobindo Unit III, India",Abacavir/Lamivudine,4.0,N/A - From RDC,SO-46541,FPQ-12801,08-06-13,ARV,151-NG-T30,07-Mar-14,Air Charter,Pediatric,60,0.07,SCMS from RDC,N/A - From RDC,576
51396,ASN-9933,Generic,South Africa,17-Mar-11,17-Mar-11,10mg/ml,Oral solution,Yes,Freight Included in Commodity Cost,Direct Drop,"Lamivudine 10mg/ml, oral solution w/syringe, Bottle, 240 ml",53.2,11640,24676.8,PMO - US,"Aurobindo Unit III, India",Lamivudine,2.12,6/17/10,SCMS-75650,FPQ-5648,06-02-10,ARV,161-ZA-T30,17-Mar-11,Ocean,Pediatric,240,0.01,Aurobindo Pharma Limited,DDP,Weight Captured Separately
9078,ASN-4402,Norvir,South Africa,21-Apr-09,21-Apr-09,100mg,Capsule,No,Freight Included in Commodity Cost,Direct Drop,"Ritonavir 100mg [Norvir], capsules, cool, 84 Caps",0.16,10,84.0,PMO - US,ABBVIE (Abbott) Logis. UK,Ritonavir,8.4,04-02-09,SCMS-47390,Pre-PQ Process,Pre-PQ Process,ARV,116-ZA-T01,31-Jul-09,Truck,Adult,84,0.1,S. BUYS WHOLESALER,DDP,Weight Captured Separately
84816,DN-3153,Generic,Uganda,07-Jun-13,07-Jun-13,150/300mg,Tablet - FDC,No,See DN-3153 (ID#:82575),From RDC,"Lamivudine/Zidovudine 150/300mg, tablets, 60 Tabs",27.48,3173,22211.0,PMO - US,"Cipla, Goa, India",Lamivudine/Zidovudine,7.0,N/A - From RDC,SO-43873,FPQ-11133,12/13/12,ARV,114-UG-T30,28-Jun-13,Truck,Adult,60,0.12,SCMS from RDC,N/A - From RDC,See DN-3153 (ID#:82575)
84256,DN-3102,Generic,Mozambique,01-Aug-13,01-Aug-13,10mg/ml,Oral solution,No,See DN-3102 (ID#:82573),From RDC,"Zidovudine 10mg/ml, oral solution w/syringe, Bottle, 240 ml",35.34,13603,28566.3,PMO - US,"Aurobindo Unit III, India",Zidovudine,2.1,N/A - From RDC,SO-43790,FPQ-11033,11-12-12,ARV,111-MZ-T30,01-Aug-13,Truck,Pediatric,240,0.01,SCMS from RDC,N/A - From RDC,See DN-3102 (ID#:82573)
49494,ASN-27809,Generic,Vietnam,16-Sep-14,01-Oct-14,600/300/300mg,Tablet - FDC,No,See ASN-27809 (ID#:13106),Direct Drop,"Efavirenz/Lamivudine/Tenofovir Disoproxil Fumarate 600/300/300mg, tablets, 30 Tabs",33.42,3096,32508.0,PMO - US,Hetero Unit III Hyderabad IN,Efavirenz/Lamivudine/Tenofovir Disoproxil Fumarate,10.5,4/30/14,SCMS-236120,FPQ-13976,04-08-14,ARV,108-VN-T30,16-Sep-14,Air,Adult,30,0.35,HETERO LABS LIMITED,EXW,See ASN-27809 (ID#:13106)
84002,DN-1830,Generic,Zimbabwe,31-May-10,31-May-10,150/200/30mg,Tablet - FDC,Yes,3833.17,From RDC,"Lamivudine/Nevirapine/Stavudine 150/200/30mg, tablets, 60 Tabs",3.76,298,1743.3,PMO - US,"Cipla, Goa, India",Lamivudine/Nevirapine/Stavudine,5.85,N/A - From RDC,SO-35900,FPQ-4688,12-08-09,ARV,113-ZW-T30,28-May-10,Air,Adult,60,0.1,SCMS from RDC,N/A - From RDC,31
83125,DN-3084,Generic,Zimbabwe,08-Apr-13,08-Apr-13,300/300mg,Tablet - FDC,Yes,14451.69,From RDC,"Lamivudine/Tenofovir Disoproxil Fumarate 300/300mg, tablets, 30 Tabs",764.64,131520,618144.0,PMO - US,Hetero Unit III Hyderabad IN,Lamivudine/Tenofovir Disoproxil Fumarate,4.7,N/A - From RDC,SO-43700,FPQ-11002,11/16/12,ARV,113-ZW-T30,30-Apr-13,Truck,Adult,30,0.16,SCMS from RDC,N/A - From RDC,19248
84282,DN-3294,Generic,CÃte dIvoire,28-Aug-13,28-Aug-13,30/50/60mg,Chewable/dispersible tablet - FDC,Yes,2751.09,From RDC,"Lamivudine/Nevirapine/Zidovudine 30/50/60mg, dispersible tablets, 60 Tabs",41.45,7600,29564.0,PMO - US,Mylan (formerly Matrix) Nashik,Lamivudine/Nevirapine/Zidovudine,3.89,N/A - From RDC,SO-43371,FPQ-10633,09-11-12,ARV,104-CI-T30,30-Sep-13,Truck,Pediatric,60,0.06,SCMS from RDC,N/A - From RDC,415
60375,ASN-24415,Generic,South Africa,06-Feb-14,06-Feb-14,50mg,Capsule,No,Freight Included in Commodity Cost,Direct Drop,"Efavirenz 50mg, capsule, 30 Caps",1.35,387,1089.02,PMO - US,"Aurobindo Unit III, India",Efavirenz,2.81,12-02-13,SCMS-215370,FPQ-13035,10-08-13,ARV,116-ZA-T30,06-Feb-14,Truck,Pediatric,30,0.09,S. BUYS WHOLESALER,DDP,Weight Captured Separately
82588,DN-3228,Generic,Cameroon,14-Jul-13,14-Jul-13,200mg,Tablet,Yes,20893.21,From RDC,"Nevirapine 200mg, tablets, 60 Tabs",55.03,19683,44483.58,PMO - US,"Strides, Bangalore, India.",Nevirapine,2.26,N/A - From RDC,SO-45830,FPQ-12520,6/21/13,ARV,901-CM-T30,22-Jul-13,Air Charter,Adult,60,0.04,SCMS from RDC,N/A - From RDC,1733
85104,DN-1779,Generic,Nigeria,18-May-10,18-May-10,600mg,Tablet,Yes,9736.1,From RDC,"Efavirenz 600mg, tablets, 30 Tabs",35.84,3500,16625.0,PMO - US,"Aurobindo Unit III, India",Efavirenz,4.75,N/A - From RDC,SO-34916,FPQ-4537,11-06-09,ARV,151-NG-T30,31-May-10,Air Charter,Adult,30,0.16,SCMS from RDC,N/A - From RDC,309
10997,DN-856,Generic,Zambia,20-Aug-08,20-Aug-08,600mg,Tablet,Yes,3817.12,From RDC,"Efavirenz 600mg, tablets, 30 Tabs",960.8,50000,600500.0,PMO - US,Mylan (formerly Matrix) Nashik,Efavirenz,12.01,N/A - From RDC,SO-1896,Pre-PQ Process,Pre-PQ Process,ARV,110-ZM-T01,20-Aug-08,MIssing,Adult,30,0.4,SCMS from RDC,N/A - From RDC,3880
82840,DN-1475,Generic,CÃte dIvoire,16-Oct-09,16-Oct-09,10mg/ml,Oral solution,Yes,2336.27,From RDC,"Zidovudine 10mg/ml, oral solution, Bottle, 240 ml",8.23,2000,4200.0,PMO - US,"Aurobindo Unit III, India",Zidovudine,2.1,N/A - From RDC,SO-33550,FPQ-4187,09-09-09,ARV,104-CI-T30,22-Oct-09,Air,Pediatric,240,0.01,SCMS from RDC,N/A - From RDC,749
33218,ASN-26906,Generic,Haiti,20-Oct-14,24-Oct-14,10mg/ml,Oral suspension,Yes,Invoiced Separately,Direct Drop,"Nevirapine 10mg/ml, oral suspension, Bottle, 240 ml",5.12,3300,4983.0,PMO - US,"Aurobindo Unit III, India",Nevirapine,1.51,06-02-14,SCMS-240190,FPQ-14083,05-11-14,ARV,106-HT-T30,20-Oct-14,Ocean,Pediatric,240,0.01,Aurobindo Pharma Limited,EXW,Weight Captured Separately
57117,ASN-11199,Generic,South Africa,02-Sep-11,02-Sep-11,150/300mg,Tablet - FDC,Yes,3790,Direct Drop,"Lamivudine/Zidovudine 150/300mg, tablets, 60 Tabs",347.32,25000,210500.0,PMO - US,"Aurobindo Unit III, India",Lamivudine/Zidovudine,8.42,3/24/11,SCMS-103500,FPQ-7175,03-10-11,ARV,161-ZA-T30,02-Sep-11,Ocean,Adult,60,0.14,Aurobindo Pharma Limited,DDP,2303
8461,ASN-2335,Generic,Vietnam,20-Sep-08,20-Sep-08,300mg,Tablet,No,See ASN-2335 (ID#:5796),Direct Drop,"Zidovudine 300mg, tablets, 60 Tabs",5.18,432,3240.0,PMO - US,Mylan (formerly Matrix) Nashik,Zidovudine,7.5,5/13/08,SCMS-23440,Pre-PQ Process,Pre-PQ Process,ARV,108-VN-T01,20-Sep-08,Air,Adult,60,0.12,MYLAN LABORATORIES LTD (FORMERLY MATRIX LABORATORIES),EXW,See ASN-2335 (ID#:5796)
11630,DN-1184,Generic,Nigeria,30-Apr-09,30-Apr-09,200mg,Tablet,Yes,3515.96,From RDC,"Nevirapine 200mg, tablets, 60 Tabs",36.09,5754,18412.8,PMO - US,Hetero Unit III Hyderabad IN,Nevirapine,3.2,N/A - From RDC,SO-22832,Pre-PQ Process,Pre-PQ Process,ARV,123-NG-T01,30-Apr-09,Air,Adult,60,0.05,SCMS from RDC,N/A - From RDC,318
5635,ASN-1660,OraQuick,Lesotho,14-Jul-08,14-Jul-08,MIssing,Test kit,Yes,587.63,Direct Drop,"HIV 1/2, OraQuick Advance HIV Rapid Antibody Kit, 100 Tests",3.92,7,2450.0,PMO - US,"Pacific Biotech, Thailand","HIV 1/2, OraQuick Advance HIV Rapid Antibody Kit",350.0,2/27/08,SCMS-18370,Pre-PQ Process,Pre-PQ Process,HRDT,102-LS-T01,14-Jul-08,Air,HIV test,100,3.5,Orasure Technologies Inc.,EXW,17
11826,DN-505,Generic,Nigeria,17-Dec-07,17-Dec-07,200mg,Capsule,Yes,1260.1,From RDC,"Efavirenz 200mg, capsule, 90 Caps",10.24,400,6400.0,PMO - US,"Aurobindo Unit III, India",Efavirenz,16.0,N/A - From RDC,SO-1494,Pre-PQ Process,Pre-PQ Process,ARV,112-NG-T01,17-Dec-07,Air,Pediatric,90,0.18,SCMS from RDC,N/A - From RDC,48
20506,ASN-32442,Generic,Vietnam,07-Jul-15,07-Jul-15,300mg,Tablet,Yes,2730.91,Direct Drop,"Tenofovir Disoproxil Fumarate 300mg, tablets, 30 Tabs",64.14,17300,54495.0,PMO - US,Hetero Unit III Hyderabad IN,Tenofovir Disoproxil Fumarate,3.15,3/19/15,SCMS-281650,FPQ-15692,1/28/15,ARV,108-VN-T30,07-Jul-15,Air,Adult,30,0.1,HETERO LABS LIMITED,EXW,1320
42295,ASN-29386,Generic,Vietnam,19-Dec-14,19-Dec-14,600/300/300mg,Tablet - FDC,Yes,2690.2,Direct Drop,"Efavirenz/Lamivudine/Tenofovir Disoproxil Fumarate 600/300/300mg, tablets, 30 Tabs",56.99,5280,55440.0,PMO - US,Hetero Unit III Hyderabad IN,Efavirenz/Lamivudine/Tenofovir Disoproxil Fumarate,10.5,08-11-14,SCMS-251680,FPQ-14516,07-09-14,ARV,108-VN-T30,24-Dec-14,Air,Adult,30,0.35,HETERO LABS LIMITED,EXW,1570
82687,DN-3889,Generic,Zambia,02-Oct-14,22-Oct-14,60/30mg,Tablet - FDC,Yes,3613.05,From RDC,"Abacavir/Lamivudine 60/30mg, tablets, 60 Tabs",243.64,60000,237000.0,PMO - US,Mylan (formerly Matrix) Nashik,Abacavir/Lamivudine,3.95,N/A - From RDC,SO-47992,FPQ-13692,02-06-14,ARV,110-ZM-T30,30-Sep-14,Truck,Pediatric,60,0.07,SCMS from RDC,N/A - From RDC,2484
8470,ASN-1821,Capillus,Haiti,06-Jun-08,06-Jun-08,MIssing,Test kit,Yes,1808.19,Direct Drop,"HIV 1/2, Capillus HIV Kit, 100 Tests",0.89,4,556.0,PMO - US,"Trinity Biotech, Plc","HIV 1/2, Capillus HIV Kit",139.0,5/13/08,SCMS-23580,Pre-PQ Process,Pre-PQ Process,HRDT,125-HT-T01,06-Jun-08,Air,HIV test,100,1.39,"Trinity Biotech, Plc",EXW,3
34062,ASN-24041,Generic,Vietnam,30-May-14,31-May-14,150/300mg,Tablet - FDC,Yes,2965.32,Direct Drop,"Lamivudine/Zidovudine 150/300mg, tablets, 60 Tabs",81.74,9789,66075.75,PMO - US,Mylan (formerly Matrix) Nashik,Lamivudine/Zidovudine,6.75,11/28/13,SCMS-188651,FPQ-12051,05-03-13,ARV,108-VN-T30,30-May-14,Air,Adult,60,0.11,MYLAN LABORATORIES LTD (FORMERLY MATRIX LABORATORIES),EXW,1585
76833,ASN-13850,Determine,Tanzania,07-Mar-12,07-Mar-12,MIssing,Test kit,Yes,17512.52,Direct Drop,"HIV 1/2, Determine Complete HIV Kit, 100 Tests",232.4,2072,165760.0,PMO - US,"Alere Medical Co., Ltd.","HIV 1/2, Determine Complete HIV Kit",80.0,1/27/12,SCMS-135870,FPQ-9211,1/25/12,HRDT,109-TZ-T30,07-Mar-12,Air,HIV test,100,0.8,"Orgenics, Ltd",EXW,989
82697,DN-3806,Generic,Zambia,25-Jul-14,31-Jul-14,600/300/300mg,Tablet - FDC,Yes,8054.68,From RDC,"Efavirenz/Lamivudine/Tenofovir Disoproxil Fumarate 600/300/300mg, tablets, 30 Tabs",705.87,63696,686642.88,PMO - US,Hetero Unit III Hyderabad IN,Efavirenz/Lamivudine/Tenofovir Disoproxil Fumarate,10.78,N/A - From RDC,SO-48031,FPQ-13679,02-02-14,ARV,100-ZM-T30,31-Jul-14,Truck,Adult,30,0.36,SCMS from RDC,N/A - From RDC,8487
45741,ASN-31765,Uni-Gold,South Sudan,25-Jul-15,29-Jul-15,MIssing,Test kit,No,See ASN-31765 (ID#:41640),Direct Drop,"HIV 1/2, Uni-Gold HIV Kit, 20 Tests",1.32,35,1120.0,PMO - US,"Trinity Biotech, Plc","HIV 1/2, Uni-Gold HIV Kit",32.0,2/20/15,SCMS-272150,FPQ-15569,12/29/14,HRDT,105-SS-T30,25-Jul-15,Air,HIV test,20,1.6,"Trinity Biotech, Plc",EXW,See ASN-31765 (ID#:41640)
83417,DN-1774,Generic,Zambia,16-Apr-10,16-Apr-10,300mg,Tablet,Yes,8022.59,From RDC,"Abacavir 300mg, tablets, 60 Tabs",436.65,9455,202526.1,PMO - US,Mylan (formerly Matrix) Nashik,Abacavir,21.42,N/A - From RDC,SO-36400,FPQ-4809,01-06-10,ARV,110-ZM-T30,21-Jul-10,Truck,Adult,60,0.36,SCMS from RDC,N/A - From RDC,944
82442,DN-2510,Generic,"Congo, DRC",23-Mar-12,23-Mar-12,300/300mg,Tablet - FDC,Yes,1524.5,From RDC,"Lamivudine/Tenofovir Disoproxil Fumarate 300/300mg, tablets, 30 Tabs",0.17,20,121.6,PMO - US,Mylan (formerly Matrix) Nashik,Lamivudine/Tenofovir Disoproxil Fumarate,6.08,N/A - From RDC,SO-41146,FPQ-8840,11/21/11,ARV,101-CD-T30,16-Mar-12,Air,Adult,30,0.2,SCMS from RDC,N/A - From RDC,70
53421,ASN-7374,Zerit,South Africa,04-Jun-10,04-Jun-10,20mg,Capsule,Yes,Freight Included in Commodity Cost,Direct Drop,"Stavudine 20mg [Zerit], capsules, 60 Caps",2.62,200,1213.75,PMO - US,"BMS Meymac, France",Stavudine,6.07,4/21/10,SCMS-71370,FPQ-5535,4/19/10,ARV,116-ZA-T30,04-Jun-10,Truck,Adult,60,0.1,S. BUYS WHOLESALER,DDP,Weight Captured Separately
10062,ASN-3313,Generic,Vietnam,23-Feb-09,23-Feb-09,150mg,Tablet,No,See ASN-3313 (ID#:3456),Direct Drop,"Lamivudine 150mg, tablets, 60 Tabs",32.77,6966,16718.4,PMO - US,"Aurobindo Unit III, India",Lamivudine,2.4,10/21/08,SCMS-31730,Pre-PQ Process,Pre-PQ Process,ARV,108-VN-T01,23-Feb-09,Air,Adult,60,0.04,Aurobindo Pharma Limited,EXW,See ASN-3313 (ID#:3456)
24983,ASN-31572,Generic,Haiti,11-May-15,13-May-15,150/300/200mg,Tablet - FDC,Yes,Invoiced Separately,Direct Drop,"Lamivudine/Nevirapine/Zidovudine 150/200/300mg, tablets, 60 Tabs",202.31,24000,196800.0,PMO - US,"Aurobindo Unit III, India",Lamivudine/Nevirapine/Zidovudine,8.2,12/24/14,SCMS-263170,FPQ-15038,10/22/14,ARV,106-HT-T30,11-May-15,Air,Adult,60,0.14,Aurobindo Pharma Limited,EXW,Weight Captured Separately
26612,ASN-26927,Generic,Vietnam,13-Aug-14,25-Aug-14,150mg,Tablet,Yes,4354.8,Direct Drop,"Lamivudine 150mg, tablets, 60 Tabs",35.37,18600,34410.0,PMO - US,Hetero Unit III Hyderabad IN,Lamivudine,1.85,03-10-14,SCMS-226260,FPQ-13524,02-06-14,ARV,108-VN-T30,13-Aug-14,Air,Adult,60,0.03,HETERO LABS LIMITED,EXW,2175
32306,ASN-30941,Generic,Vietnam,31-Mar-15,01-Apr-15,600mg,Tablet,Yes,1593.67,Direct Drop,"Efavirenz 600mg, tablets, 30 Tabs",10.07,2800,9800.0,PMO - US,Hetero Unit III Hyderabad IN,Efavirenz,3.5,12-08-14,SCMS-263660,FPQ-15040,10/30/14,ARV,108-VN-T30,31-Mar-15,Air,Adult,30,0.12,HETERO LABS LIMITED,EXW,953
15004,ASN-5136,Ziagen,South Africa,05-Aug-09,05-Aug-09,20mg/ml,Oral solution,Yes,Freight Included in Commodity Cost,Direct Drop,"Abacavir 20mg/ml [Ziagen], oral solution, Bottle, 240 ml",23.45,599,11964.63,PMO - US,GSK Mississauga (Canada),Abacavir,19.97,7/21/09,SCMS-49641,FPQ-3560,05-07-09,ARV,116-ZA-T30,05-Aug-09,Truck,Pediatric,240,0.08,S. BUYS WHOLESALER,DDP,Weight Captured Separately
83845,DN-3927,Generic,"Congo, DRC",27-Oct-14,12-Nov-14,300mg,Tablet,Yes,891,From RDC,"Abacavir 300mg, tablets, 60 Tabs",8.25,715,8029.45,PMO - US,Mylan (formerly Matrix) Nashik,Abacavir,11.23,N/A - From RDC,SO-49300,FPQ-14576,7/14/14,ARV,101-CD-T30,30-Oct-14,Air,Adult,60,0.19,SCMS from RDC,N/A - From RDC,116
82504,DN-2829,Generic,Uganda,29-Oct-12,29-Oct-12,300/300mg,Tablet - FDC,Yes,19667.94,From RDC,"Lamivudine/Tenofovir Disoproxil Fumarate 300/300mg, tablets, 30 Tabs",156.9,20201,111913.54,PMO - US,"Cipla, Kurkumbh, India",Lamivudine/Tenofovir Disoproxil Fumarate,5.54,N/A - From RDC,SO-42610,FPQ-10048,06-06-12,ARV,900-UG-T30,29-Oct-12,Air,Adult,30,0.18,SCMS from RDC,N/A - From RDC,3865
35444,ASN-22941,Generic,Tanzania,31-Dec-13,03-Jan-14,100/25mg,Tablet,Yes,2177.56,Direct Drop,"Lopinavir/Ritonavir 100/25mg [Aluvia], tablets, 60 Tabs",12.96,1764,10478.16,PMO - US,ABBVIE Ludwigshafen Germany,Lopinavir/Ritonavir,5.94,08-09-13,SCMS-200840,FPQ-12588,7/15/13,ARV,109-TZ-T30,31-Dec-13,Air,Pediatric,60,0.1,ABBVIE LOGISTICS (FORMERLY ABBOTT LOGISTICS BV),FCA,209
14803,ASN-25269,Generic,Rwanda,06-May-14,15-May-14,10mg/ml,Oral suspension,Yes,Freight Included in Commodity Cost,Direct Drop,"Nevirapine 10mg/ml, oral suspension w/syringe, Bottle, 240 ml",15.09,9720,14677.2,PMO - US,"Aurobindo Unit III, India",Nevirapine,1.51,2/28/14,SCMS-227720,FPQ-13651,02-05-14,ARV,107-RW-T30,06-May-14,Air,Pediatric,240,0.01,Aurobindo Pharma Limited,EXW,4365
3737,ASN-3575,Generic,South Africa,01-Dec-08,01-Dec-08,200mg,Capsule,No,Freight Included in Commodity Cost,Direct Drop,"Efavirenz 200mg, capsule, 90 Caps",30.41,824,15515.92,PMO - US,"Aurobindo Unit III, India",Efavirenz,18.83,Date Not Captured,SCMS-40790,Pre-PQ Process,Pre-PQ Process,ARV,116-ZA-T01,24-Mar-09,Air,Pediatric,90,0.21,S. BUYS WHOLESALER,DDP,Weight Captured Separately
74465,ASN-10006,Videx,Haiti,05-Apr-11,05-Apr-11,50mg,Chewable/dispersible tablet,Yes,757.42,Direct Drop,"Didanosine 50mg [Videx], chewable tablets, 60 Tabs",3.14,200,1900.0,PMO - US,"BMS Meymac, France",Didanosine,9.5,2/15/11,SCMS-100090,FPQ-6941,01-03-11,ARV,106-HT-T30,05-Apr-11,Air,Pediatric,60,0.16,BRISTOL-MYERS SQUIBB,FCA,94
52465,ASN-20922,Generic,Uganda,16-Aug-13,16-Aug-13,150/300/200mg,Tablet - FDC,Yes,28304.85,Direct Drop,"Lamivudine/Nevirapine/Zidovudine 150/200/300mg, tablets, 60 Tabs",607.98,60678,491491.8,PMO - US,Mylan (formerly Matrix) Nashik,Lamivudine/Nevirapine/Zidovudine,8.1,6/14/13,SCMS-192030,FPQ-12309,5/17/13,ARV,114-UG-T30,16-Aug-13,Air,Adult,60,0.13,MYLAN LABORATORIES LTD (FORMERLY MATRIX LABORATORIES),EXW,8402
86204,DN-4273,Generic,Nigeria,15-May-15,22-May-15,600/300/300mg,Tablet - FDC,No,See DN-4273 (ID#:86203),From RDC,"Efavirenz/Lamivudine/Tenofovir Disoproxil Fumarate 600/300/300mg, tablets, 30 Tabs",587.19,59500,571200.0,PMO - US,Hetero Unit III Hyderabad IN,Efavirenz/Lamivudine/Tenofovir Disoproxil Fumarate,9.6,N/A - From RDC,SO-51421,FPQ-14989,9/19/14,ARV,151-NG-T30,30-Jun-15,Air Charter,Adult,30,0.32,SCMS from RDC,N/A - From RDC,See DN-4273 (ID#:86203)
85809,DN-2457,Generic,Zambia,20-Jan-12,20-Jan-12,10mg/ml,Oral suspension,Yes,6476.69,From RDC,"Nevirapine 10mg/ml, oral suspension w/syringe, Bottle, 240 ml",25.74,8000,15600.0,PMO - US,"Aurobindo Unit III, India",Nevirapine,1.95,N/A - From RDC,SO-40242,FPQ-7667,7/26/11,ARV,110-ZM-T30,10-Jan-12,Truck,Pediatric,240,0.01,SCMS from RDC,N/A - From RDC,3088
83071,DN-2832,Generic,Zambia,07-Sep-12,07-Sep-12,300mg,Tablet,No,See DN-2832 (ID#:82505),From RDC,"Zidovudine 300mg, tablets, 60 Tabs",308.22,27633,186799.08,PMO - US,Hetero Unit III Hyderabad IN,Zidovudine,6.76,N/A - From RDC,SO-40956,FPQ-8476,9/27/11,ARV,110-ZM-T30,17-Sep-12,Truck,Adult,60,0.11,SCMS from RDC,N/A - From RDC,See DN-2832 (ID#:82505)
16379,ASN-33478,Intelence,South Africa,24-Jul-15,24-Jul-15,100mg,Tablet,Yes,Freight Included in Commodity Cost,Direct Drop,"Etravirine 100mg [Intelence], tablets, 120 Tabs",0.76,27,742.84,PMO - US,"Janssen-Cilag, Latina, IT",Etravirine,27.51,10-09-14,SCMS-259077,FPQ-14942,09-11-14,ARV,116-ZA-T30,24-Jul-15,Truck,Adult,120,0.23,PHARMACY DIRECT,DDP,Weight Captured Separately
85173,DN-2090,Generic,Nigeria,16-Feb-11,16-Feb-11,30mg,Capsule,No,See DN-2090 (ID#:82366),From RDC,"Stavudine 30mg, capsules, 60 Caps",0.6,200,280.0,PMO - US,"Aurobindo Unit III, India",Stavudine,1.4,N/A - From RDC,SO-38320,FPQ-6243,8/25/10,ARV,151-NG-T30,22-Feb-11,Air Charter,Adult,60,0.02,SCMS from RDC,N/A - From RDC,See DN-2090 (ID#:82366)
3499,ASN-3080,Uni-Gold,Tanzania,19-Jan-09,19-Jan-09,MIssing,Test kit,Yes,3261.37,Direct Drop,"HIV 1/2, Uni-Gold HIV Kit, 20 Tests",52.62,839,26848.0,PMO - US,"Trinity Biotech, Plc","HIV 1/2, Uni-Gold HIV Kit",32.0,11/14/08,SCMS-33700,Pre-PQ Process,Pre-PQ Process,HRDT,109-TZ-T01,19-Jan-09,Air,HIV test,20,1.6,"Trinity Biotech, Plc",EXW,284
10587,DN-322,Uni-Gold,Namibia,07-Sep-07,07-Sep-07,MIssing,Test kit,Yes,688.84,From RDC,"HIV 1/2, Uni-Gold HIV Kit, 20 Tests",15.36,300,9600.0,PMO - US,"Trinity Biotech, Plc","HIV 1/2, Uni-Gold HIV Kit",32.0,N/A - From RDC,SO-884,Pre-PQ Process,Pre-PQ Process,HRDT,119-NA-T01,07-Sep-07,MIssing,HIV test,20,1.6,SCMS from RDC,N/A - From RDC,172
24427,ASN-5853,Generic,Zambia,28-Jan-10,28-Jan-10,MIssing,Test kit - Ancillary,Yes,18369.56,Direct Drop,"HIV, Lancet, Safety, for HIV Test kits, 100 Pcs",68.6,7000,35000.0,PMO - US,Inverness Japan,"HIV, Lancet, Safety, for HIV Test kits, 100 Pcs",5.0,09-11-09,SCMS-53261,FPQ-4141,8/31/09,HRDT,110-ZM-T30,28-Jan-10,Air,HIV test - Ancillary,100,0.05,"Orgenics, Ltd",EXW,1382
62173,ASN-12096,Determine,Tanzania,05-Oct-11,05-Oct-11,MIssing,Test kit,Yes,19196.73,Direct Drop,"HIV 1/2, Determine Complete HIV Kit, 100 Tests",198,1500,120000.0,PMO - US,"Alere Medical Co., Ltd.","HIV 1/2, Determine Complete HIV Kit",80.0,7/14/11,SCMS-115010,FPQ-7909,6/24/11,HRDT,109-TZ-T30,05-Oct-11,Air,HIV test,100,0.8,"Orgenics, Ltd",EXW,7500
52631,ASN-12405,Bioline,Liberia,20-Oct-11,20-Oct-11,MIssing,Test kit,Yes,648.95,Direct Drop,"HIV 1/2, Bioline 3.0 Kit, Lancets, Capillary pipets, Alcohol swabs included, 25 Tests",2.31,70,1400.0,PMO - US,"Standard Diagnostics, Korea","HIV 1/2, Bioline 3.0 Kit, Lancets, Capillary pipets, Alcohol swabs included",20.0,8/18/11,SCMS-118680,FPQ-8135,08-04-11,HRDT,901-LR-T30,20-Oct-11,Air,HIV test,25,0.8,"Standard Diagnostics, Inc.",EXW,25
83393,DN-1600,Generic,Ethiopia,08-Dec-09,08-Dec-09,150mg,Tablet,Yes,1326.89,From RDC,"Lamivudine 150mg, tablets, 60 Tabs",25.74,4893,11938.92,PMO - US,"Aurobindo Unit III, India",Lamivudine,2.44,N/A - From RDC,SO-35230,FPQ-4668,11/26/09,ARV,117-ET-T30,04-Jan-10,Air,Adult,60,0.04,SCMS from RDC,N/A - From RDC,235
86801,DN-4234,Generic,Mozambique,15-Jun-15,15-Jun-15,150/300/200mg,Tablet - FDC,Yes,3567.08,From RDC,"Lamivudine/Nevirapine/Zidovudine 150/200/300mg, tablets, 60 Tabs",226.31,28516,220143.52,PMO - US,Hetero Unit III Hyderabad IN,Lamivudine/Nevirapine/Zidovudine,7.72,N/A - From RDC,SO-47707,FPQ-13575,1/17/14,ARV,111-MZ-T30,29-May-15,Truck,Adult,60,0.13,SCMS from RDC,N/A - From RDC,3772
28689,ASN-5424,Generic,South Africa,08-Oct-09,08-Oct-09,50mg,Capsule,Yes,Freight Included in Commodity Cost,Direct Drop,"Efavirenz 50mg, capsule, 30 Caps",39.15,5049,19974.44,PMO - US,"Aurobindo Unit III, India",Efavirenz,3.96,08-03-09,SCMS-50940,FPQ-3560,05-07-09,ARV,116-ZA-T30,08-Oct-09,Truck,Pediatric,30,0.13,S. BUYS WHOLESALER,DDP,Weight Captured Separately
81061,ASN-28626,Invirase,South Africa,03-Oct-14,03-Oct-14,200mg,Capsule,No,Freight Included in Commodity Cost,Direct Drop,"Saquinavir 200mg [Invirase], capsules, 270 Caps",2.37,30,2304.67,PMO - US,Roche Basel,Saquinavir,76.82,10-03-14,SCMS-238554,FPQ-13973,4/30/14,ARV,116-ZA-T30,03-Oct-14,Truck,Adult,270,0.28,PHARMACY DIRECT,DDP,Weight Captured Separately
81083,ASN-4979,Aluvia,CÃte dIvoire,08-Oct-09,08-Oct-09,200/50mg,Tablet,No,See ASN-4979 (ID#:21174),Direct Drop,"Lopinavir/Ritonavir 200/50mg [Aluvia], tablets, 120 Tabs",538.64,7600,274816.0,PMO - US,ABBVIE Ludwigshafen Germany,Lopinavir/Ritonavir,36.16,8/24/09,SCMS-51810,FPQ-3882,7/24/09,ARV,104-CI-T30,08-Oct-09,Air,Adult,120,0.3,ABBVIE LOGISTICS (FORMERLY ABBOTT LOGISTICS BV),FCA,See ASN-4979 (ID#:21174)
83898,DN-4164,Generic,Zimbabwe,17-Mar-15,19-Mar-15,600/300mg,Tablet - FDC,Yes,129.75,From RDC,"Abacavir/Lamivudine 600/300mg, tablets, 30 Tabs",14.69,1087,14294.05,PMO - US,Mylan (formerly Matrix) Nashik,Abacavir/Lamivudine,13.15,N/A - From RDC,SO-48491,FPQ-13991,04-01-14,ARV,102-ZW-T30,30-Apr-15,Truck,Adult,30,0.44,SCMS from RDC,N/A - From RDC,102
84386,DN-3804,Generic,Burundi,25-Jul-14,01-Aug-14,150/300/200mg,Tablet - FDC,Yes,994.25,From RDC,"Lamivudine/Nevirapine/Zidovudine 150/200/300mg, tablets, 60 Tabs",8.8,1056,8564.16,PMO - US,Hetero Unit III Hyderabad IN,Lamivudine/Nevirapine/Zidovudine,8.11,N/A - From RDC,SO-48610,FPQ-14112,4/18/14,ARV,102-BI-T30,31-Jul-14,Air,Adult,60,0.14,SCMS from RDC,N/A - From RDC,155
84479,DN-4313,Generic,CÃte dIvoire,06-Aug-15,07-Aug-15,150/300mg,Tablet - FDC,No,See DN-4313 (ID#:83921),From RDC,"Lamivudine/Zidovudine 150/300mg, tablets, 60 Tabs",145.25,18928,123410.56,PMO - US,"Aurobindo Unit III, India",Lamivudine/Zidovudine,6.52,N/A - From RDC,SO-50102,FPQ-15259,10/24/14,ARV,104-CI-T30,31-Jul-15,Truck,Adult,60,0.11,SCMS from RDC,N/A - From RDC,See DN-4313 (ID#:83921)
11583,DN-989,Generic,Mozambique,18-Dec-08,18-Dec-08,150/200/30mg,Tablet - FDC,Yes,7534.18,From RDC,"Lamivudine/Nevirapine/Stavudine 150/200/30mg, tablets, 60 Tabs",1311.71,92950,669240.0,PMO - US,"Strides, Bangalore, India.",Lamivudine/Nevirapine/Stavudine,7.2,N/A - From RDC,SO-15091,Pre-PQ Process,Pre-PQ Process,ARV,111-MZ-T01,18-Dec-08,Air,Adult,60,0.12,SCMS from RDC,N/A - From RDC,6883
25141,ASN-33865,Generic,South Africa,24-Aug-15,24-Aug-15,20mg/ml,Oral solution,No,Freight Included in Commodity Cost,Direct Drop,"Abacavir 20mg/ml, oral solution, Bottle, 240 ml",0.33,17,322.98,PMO - US,"Aurobindo Unit III, India",Abacavir,19.0,8/24/15,SCMS-295800,FPQ-14942,09-11-14,ARV,116-ZA-T30,24-Aug-15,Truck,Pediatric,240,0.08,PHARMACY DIRECT,DDP,Weight Captured Separately
84574,DN-1904,Generic,Nigeria,28-Jun-10,28-Jun-10,600mg,Tablet,Yes,Freight Included in Commodity Cost,From RDC,"Efavirenz 600mg, tablets, 30 Tabs",1.98,200,920.0,PMO - US,"Aurobindo Unit III, India",Efavirenz,4.6,N/A - From RDC,SO-36446,FPQ-5023,02-10-10,ARV,151-NG-T30,15-Jul-10,Air,Adult,30,0.15,SCMS from RDC,N/A - From RDC,17
10663,DN-557,Generic,Guyana,24-Jan-08,24-Jan-08,600mg,Tablet,Yes,6141.25,From RDC,"Efavirenz 600mg, tablets, 30 Tabs",112.67,5670,70421.4,PMO - US,"Strides, Bangalore, India.",Efavirenz,12.42,N/A - From RDC,SO-1239,Pre-PQ Process,Pre-PQ Process,ARV,105-GY-T01,24-Jan-08,Air,Adult,30,0.41,SCMS from RDC,N/A - From RDC,441
47356,ASN-7181,Generic,South Africa,10-Jun-10,10-Jun-10,10mg/ml,Oral suspension,Yes,4762.44,Direct Drop,"Nevirapine 10mg/ml, oral suspension w/syringe, Bottle, 240 ml",81.36,11980,37737.0,PMO - US,"Aurobindo Unit III, India",Nevirapine,3.15,3/19/10,SCMS-68990,FPQ-5303,3/18/10,ARV,161-ZA-T30,09-Jun-10,Air,Pediatric,240,0.01,Aurobindo Pharma Limited,DDP,4621
18182,ASN-30671,Generic,South Africa,12-Feb-15,12-Feb-15,150/300mg,Tablet - FDC,Yes,Freight Included in Commodity Cost,Direct Drop,"Lamivudine/Zidovudine 150/300mg, tablets, 60 Tabs",0.42,19,407.56,PMO - US,"Aurobindo Unit III, India",Lamivudine/Zidovudine,21.45,02-12-15,SCMS-259073,FPQ-14942,09-11-14,ARV,116-ZA-T30,12-Feb-15,Truck,Adult,60,0.36,PHARMACY DIRECT,DDP,Weight Captured Separately
51525,ASN-5934,Generic,South Africa,28-Dec-09,28-Dec-09,50mg,Capsule,No,Freight Included in Commodity Cost,Direct Drop,"Efavirenz 50mg, capsule, 30 Caps",2.07,230,959.89,PMO - US,"Aurobindo Unit III, India",Efavirenz,4.17,12/23/09,SCMS-60170,FPQ-4770,12/17/09,ARV,116-ZA-T30,28-Dec-09,Truck,Pediatric,30,0.14,S. BUYS WHOLESALER,DDP,Weight Captured Separately
4257,ASN-1520,Viramune,South Africa,04-Jan-08,04-Jan-08,200mg,Tablet,No,Freight Included in Commodity Cost,Direct Drop,"Nevirapine 200mg [Viramune], tablets, 60 Tabs",3.71,100,2318.0,PMO - US,"BI, Ingelheim, Germany",Nevirapine,23.18,01-04-08,SCMS-16600,Pre-PQ Process,Pre-PQ Process,ARV,116-ZA-T01,21-Jan-08,MIssing,Adult,60,0.39,"JSI R&T INSTITUTE, INC.",DDP,Weight Captured Separately
22675,ASN-26118,Generic,Zimbabwe,14-Jun-14,16-Jun-14,300/300mg,Tablet - FDC,Yes,25316.94,Direct Drop,"Lamivudine/Tenofovir Disoproxil Fumarate 300/300mg, tablets, 30 Tabs",156.6,32760,152334.0,PMO - US,"Aurobindo Unit VII, IN",Lamivudine/Tenofovir Disoproxil Fumarate,4.65,05-08-14,SCMS-234720,FPQ-13939,04-01-14,ARV,113-ZW-T30,14-Jun-14,Air,Adult,30,0.16,Aurobindo Pharma Limited,EXW,3155
83463,DN-2035,Generic,CÃte dIvoire,26-Nov-10,26-Nov-10,200/300mg,Tablet - FDC,No,See DN-2035 (ID#:82356),From RDC,"Emtricitabine/Tenofovir Disoproxil Fumarate 200/300mg, tablets, 30 Tabs",247.25,9760,114680.0,PMO - US,Mylan (formerly Matrix) Nashik,Emtricitabine/Tenofovir Disoproxil Fumarate,11.75,N/A - From RDC,SO-37150,FPQ-5925,6/23/10,ARV,104-CI-T30,30-Nov-10,Truck,Adult,30,0.39,SCMS from RDC,N/A - From RDC,See DN-2035 (ID#:82356)
11547,DN-632,Generic,CÃte dIvoire,13-Mar-08,13-Mar-08,MIssing,Test kit - Ancillary,Yes,1225.42,From RDC,"HIV, Lancet, Safety, for HIV Test kits, 100 Pcs",0,250,2.5,PMO - US,Inverness Japan,"HIV, Lancet, Safety, for HIV Test kits, 100 Pcs",0.01,N/A - From RDC,SO-1838,Pre-PQ Process,Pre-PQ Process,HRDT,104-CI-T01,13-Mar-08,Air,HIV test - Ancillary,100,0.0,SCMS from RDC,N/A - From RDC,61
11646,DN-1253,Generic,Uganda,23-Jun-09,23-Jun-09,150/300/200mg,Tablet - FDC,Yes,7493.5,From RDC,"Lamivudine/Nevirapine/Zidovudine 150/200/300mg, tablets, 60 Tabs",230.71,10371,117710.85,PMO - US,Mylan (formerly Matrix) Nashik,Lamivudine/Nevirapine/Zidovudine,11.35,N/A - From RDC,SO-30111,Pre-PQ Process,Pre-PQ Process,ARV,114-UG-T01,23-Jun-09,Air,Adult,60,0.19,SCMS from RDC,N/A - From RDC,1273
85879,DN-2761,Generic,Tanzania,22-Aug-12,22-Aug-12,200/300mg,Tablet - FDC,No,See DN-2761 (ID#:83606),From RDC,"Emtricitabine/Tenofovir Disoproxil Fumarate 200/300mg, tablets, 30 Tabs",667.18,66931,475879.41,PMO - US,Mylan (formerly Matrix) Nashik,Emtricitabine/Tenofovir Disoproxil Fumarate,7.11,N/A - From RDC,SO-41580,FPQ-9271,1/31/12,ARV,109-TZ-T30,31-Aug-12,Truck,Adult,30,0.24,SCMS from RDC,N/A - From RDC,See DN-2761 (ID#:83606)
9366,ASN-1016,Generic,Vietnam,06-Dec-07,06-Dec-07,100mg,Chewable/dispersible tablet,Yes,3850.43,Direct Drop,"Didanosine 100mg, chewable/dispersible tablets, 60 Tabs",16.12,1300,10075.0,PMO - US,"Aurobindo Unit III, India",Didanosine,7.75,07-04-07,SCMS-10980,Pre-PQ Process,Pre-PQ Process,ARV,108-VN-T01,06-Dec-07,Air,Pediatric,60,0.13,Aurobindo Pharma Limited,EXW,270
83685,DN-3171,Generic,Nigeria,10-May-13,10-May-13,150/300mg,Tablet - FDC,Yes,20666.07,From RDC,"Lamivudine/Zidovudine 150/300mg, tablets, 60 Tabs",303.06,35000,245000.0,PMO - US,"Aurobindo Unit III, India",Lamivudine/Zidovudine,7.0,N/A - From RDC,SO-43849,FPQ-11022,11/15/12,ARV,151-NG-T30,21-May-13,Air Charter,Adult,60,0.12,SCMS from RDC,N/A - From RDC,12877
82523,DN-2894,Generic,CÃte dIvoire,24-Oct-12,24-Oct-12,200mg,Tablet,Yes,4261.03,From RDC,"Efavirenz 200mg, scored tablets, 90 Tabs",42.17,4120,30076.0,PMO - US,"Strides, Bangalore, India.",Efavirenz,7.3,N/A - From RDC,SO-42371,FPQ-9749,4/19/12,ARV,104-CI-T30,15-Dec-12,Truck,Pediatric,90,0.08,SCMS from RDC,N/A - From RDC,253
39971,ASN-17019,Generic,Vietnam,11-Dec-12,11-Dec-12,100/25mg,Tablet,Yes,612.07,Direct Drop,"Lopinavir/Ritonavir 100/25mg [Aluvia], tablets, 60 Tabs",2.22,104,1581.84,PMO - US,ABBVIE Ludwigshafen Germany,Lopinavir/Ritonavir,15.21,8/14/12,SCMS-155700,FPQ-10286,7/25/12,ARV,108-VN-T30,11-Dec-12,Air,Pediatric,60,0.25,ABBVIE LOGISTICS (FORMERLY ABBOTT LOGISTICS BV),FCA,18
12490,DN-744,Generic,Haiti,02-Jun-08,02-Jun-08,20mg,Capsule,No,See DN-744 (ID#:10684),From RDC,"Stavudine 20mg, capsules, 60 Caps",0.11,39,68.25,PMO - US,"Aurobindo Unit III, India",Stavudine,1.75,N/A - From RDC,SO-2053,Pre-PQ Process,Pre-PQ Process,ARV,106-HT-T01,02-Jun-08,Air,Adult,60,0.03,SCMS from RDC,N/A - From RDC,See DN-744 (ID#:10684)
46005,ASN-15328,Generic,Rwanda,28-Jun-12,28-Jun-12,10mg/ml,Oral solution,Yes,3010.89,Direct Drop,"Lamivudine 10mg/ml, oral solution, Bottle, 240 ml",26.15,9565,18651.75,PMO - US,"Cipla, Goa, India",Lamivudine,1.95,03-09-12,SCMS-129510,FPQ-8741,11/30/11,ARV,107-RW-T30,28-Jun-12,Air,Pediatric,240,0.01,CIPLA LIMITED,CIP,6490
56125,ASN-23425,Generic,Cameroon,08-Jan-14,10-Jan-14,600/300/300mg,Tablet - FDC,Yes,63818.03,Direct Drop,"Efavirenz/Lamivudine/Tenofovir Disoproxil Fumarate 600/300/300mg, tablets, 30 Tabs",520.42,37732,420711.8,PMO - US,"Aurobindo Unit VII, IN",Efavirenz/Lamivudine/Tenofovir Disoproxil Fumarate,11.15,8/23/13,SCMS-204290,FPQ-12837,8/19/13,ARV,901-CM-T30,08-Jan-14,Air,Adult,30,0.37,Aurobindo Pharma Limited,EXW,4962
12877,DN-1172,Generic,Nigeria,30-Apr-09,30-Apr-09,200mg,Tablet,Yes,1547.94,From RDC,"Nevirapine 200mg, tablets, 60 Tabs",1.56,248,793.6,PMO - US,"Aurobindo Unit III, India",Nevirapine,3.2,N/A - From RDC,SO-22831,Pre-PQ Process,Pre-PQ Process,ARV,123-NG-T01,30-Apr-09,Air,Adult,60,0.05,SCMS from RDC,N/A - From RDC,24
82520,DN-2887,Generic,Cameroon,17-Oct-12,17-Oct-12,300/300mg,Tablet - FDC,Yes,76176.43,From RDC,"Lamivudine/Tenofovir Disoproxil Fumarate 300/300mg, tablets, 30 Tabs",75.15,10000,53600.0,PMO - US,"Cipla, Kurkumbh, India",Lamivudine/Tenofovir Disoproxil Fumarate,5.36,N/A - From RDC,SO-43380,FPQ-10641,9/19/12,ARV,900-CM-T30,07-Nov-12,Air Charter,Adult,30,0.18,SCMS from RDC,N/A - From RDC,4486
82562,DN-3080,Generic,South Sudan,23-Apr-13,23-Apr-13,30/50/60mg,Chewable/dispersible tablet - FDC,Yes,1198.68,From RDC,"Lamivudine/Nevirapine/Zidovudine 30/50/60mg, dispersible tablets, 60 Tabs",2.82,549,2278.35,PMO - US,Mylan (formerly Matrix) Nashik,Lamivudine/Nevirapine/Zidovudine,4.15,N/A - From RDC,SO-44620,FPQ-11489,1/16/13,ARV,103-SS-T30,17-Apr-13,Air,Pediatric,60,0.07,SCMS from RDC,N/A - From RDC,37
82873,DN-1763,Generic,CÃte dIvoire,08-Apr-10,08-Apr-10,150/300mg,Tablet - FDC,Yes,21347.2,From RDC,"Lamivudine/Zidovudine 150/300mg, tablets, 60 Tabs",343.39,20000,175200.0,PMO - US,"Aurobindo Unit III, India",Lamivudine/Zidovudine,8.76,N/A - From RDC,SO-34415,FPQ-4378,10/15/09,ARV,104-CI-T30,12-Apr-10,Air,Adult,60,0.15,SCMS from RDC,N/A - From RDC,1807
25393,ASN-15819,OraQuick,Cameroon,17-Aug-12,17-Aug-12,MIssing,Test kit,Yes,1765.54,Direct Drop,"HIV 1/2, OraQuick Advance HIV Rapid Antibody Kit, 100 Tests",14.72,30,10500.0,PMO - US,"Pacific Biotech, Thailand","HIV 1/2, OraQuick Advance HIV Rapid Antibody Kit",350.0,7/16/12,SCMS-151590,FPQ-10128,6/22/12,HRDT,103-CM-T30,17-Aug-12,Air,HIV test,100,3.5,Orasure Technologies Inc.,EXW,72
46372,ASN-7373,Viramune,South Africa,31-May-10,31-May-10,10mg/ml,Oral suspension,No,Freight Included in Commodity Cost,Direct Drop,"Nevirapine 10mg/ml [Viramune], oral suspension, Bottle, 240 ml",4.09,120,1897.36,PMO - US,Boehringer Ingelheim Roxane US,Nevirapine,15.81,4/21/10,SCMS-71370,FPQ-5535,4/19/10,ARV,116-ZA-T30,31-May-10,Truck,Pediatric,240,0.07,S. BUYS WHOLESALER,DDP,Weight Captured Separately
2158,ASN-3553,Invirase,South Africa,09-Oct-08,09-Oct-08,200mg,Capsule,No,Freight Included in Commodity Cost,Direct Drop,"Saquinavir 200mg [Invirase], capsules, 270 Caps",0.83,6,424.08,PMO - US,Roche Basel,Saquinavir,70.68,Date Not Captured,SCMS-33320,Pre-PQ Process,Pre-PQ Process,ARV,116-ZA-T01,17-May-09,Truck,Adult,270,0.26,S. BUYS WHOLESALER,DDP,Weight Captured Separately
12866,DN-1140,Generic,Nigeria,19-Mar-09,19-Mar-09,150/300/200mg,Tablet - FDC,Yes,11492.86,From RDC,"Lamivudine/Nevirapine/Zidovudine 150/200/300mg, tablets, 60 Tabs",1515.86,67842,773398.8,PMO - US,"Aurobindo Unit III, India",Lamivudine/Nevirapine/Zidovudine,11.4,N/A - From RDC,SO-21806,Pre-PQ Process,Pre-PQ Process,ARV,151-NG-T01,19-Mar-09,Air Charter,Adult,60,0.19,SCMS from RDC,N/A - From RDC,7627
84215,DN-2981,Generic,"Congo, DRC",11-Sep-13,11-Sep-13,150mg,Tablet,No,See DN-2981 (ID#:82538),From RDC,"Lamivudine 150mg, tablets, 60 Tabs",0.3,123,244.77,PMO - US,Hetero Unit III Hyderabad IN,Lamivudine,1.99,N/A - From RDC,SO-43680,FPQ-11054,11/16/12,ARV,101-CD-T30,11-Sep-13,Air,Adult,60,0.03,SCMS from RDC,N/A - From RDC,See DN-2981 (ID#:82538)
19771,ASN-7411,Aluvia,Vietnam,16-Jul-10,16-Jul-10,200/50mg,Tablet,Yes,10670.09,Direct Drop,"Lopinavir/Ritonavir 200/50mg [Aluvia], tablets, 120 Tabs",980.04,5530,454566.0,PMO - US,ABBVIE Ludwigshafen Germany,Lopinavir/Ritonavir,82.2,3/31/10,SCMS-69220,FPQ-5317,3/22/10,ARV,108-VN-T30,16-Jul-10,Air,Adult,120,0.68,ABBVIE LOGISTICS (FORMERLY ABBOTT LOGISTICS BV),FCA,1348
12264,DN-1131,Truvada,Nigeria,24-Mar-09,24-Mar-09,300/200mg,Tablet - FDC,Yes,6443.61,From RDC,"Emtricitabine/Tenofovir Disoproxil Fumarate 200/300mg [Truvada], tablets, 30 Tabs",34.06,662,17377.5,PMO - US,"Aspen-OSD, Port Elizabeth, SA",Emtricitabine/Tenofovir Disoproxil Fumarate,26.25,N/A - From RDC,SO-21783,Pre-PQ Process,Pre-PQ Process,ARV,151-NG-T01,24-Mar-09,Air,Adult,30,0.88,SCMS from RDC,N/A - From RDC,62
55783,ASN-5880,Generic,Rwanda,27-Jan-10,27-Jan-10,300mg,Tablet,Yes,16847.52,Direct Drop,"Abacavir 300mg, tablets, 60 Tabs",351.21,9270,179189.1,PMO - US,"Aurobindo Unit III, India",Abacavir,19.33,7/17/09,SCMS-48910,FPQ-3859,6/30/09,ARV,107-RW-T30,27-Jan-10,Air,Adult,60,0.32,Aurobindo Pharma Limited,CIP,1010
84804,DN-3097,Generic,Dominican Republic,02-Apr-13,02-Apr-13,30/50/60mg,Chewable/dispersible tablet - FDC,Yes,1342.44,From RDC,"Lamivudine/Nevirapine/Zidovudine 30/50/60mg, dispersible tablets, 60 Tabs",5.91,1152,4780.8,PMO - US,Mylan (formerly Matrix) Nashik,Lamivudine/Nevirapine/Zidovudine,4.15,N/A - From RDC,SO-44730,FPQ-11791,03-04-13,ARV,102-DO-T30,24-Apr-13,Air,Pediatric,60,0.07,SCMS from RDC,N/A - From RDC,78
86208,DN-4310,Generic,Uganda,23-Jul-15,23-Jul-15,150/300/200mg,Tablet - FDC,No,See DN-4310 (ID#:82811),From RDC,"Lamivudine/Nevirapine/Zidovudine 150/200/300mg, tablets, 60 Tabs",294.77,30881,250444.91,PMO - US,"Hetero, Jadcherla, unit 5, IN",Lamivudine/Nevirapine/Zidovudine,8.11,N/A - From RDC,SO-50660,FPQ-15639,12/22/14,ARV,114-UG-T30,31-Jul-15,Truck,Adult,60,0.14,SCMS from RDC,N/A - From RDC,See DN-4310 (ID#:82811)
22373,ASN-20547,Generic,Mozambique,13-Aug-13,13-Aug-13,300mg,Tablet,Yes,18263.45,Direct Drop,"Zidovudine 300mg, tablets, 60 Tabs",456.5,67098,369039.0,PMO - US,Hetero Unit III Hyderabad IN,Zidovudine,5.5,04-11-13,SCMS-185210,FPQ-11915,3/20/13,ARV,111-MZ-T30,13-Aug-13,Air,Adult,60,0.09,HETERO LABS LIMITED,EXW,3957
47576,ASN-10511,Generic,South Africa,30-May-11,30-May-11,200mg,Tablet,Yes,Freight Included in Commodity Cost,Direct Drop,"Nevirapine 200mg, tablets, 60 Tabs",230.99,38400,107136.0,PMO - US,"Cipla, Goa, India",Nevirapine,2.79,9/21/10,SCMS-84210,FPQ-6262,8/31/10,ARV,161-ZA-T30,05-Apr-11,Ocean,Adult,60,0.05,CIPLA LIMITED,DDP,Weight Captured Separately
86503,DN-2788,Generic,Rwanda,16-Aug-12,16-Aug-12,300mg,Tablet,Yes,1618.12,From RDC,"Abacavir 300mg, tablets, 60 Tabs",11.6,629,8271.35,PMO - US,"Aurobindo Unit III, India",Abacavir,13.15,N/A - From RDC,SO-42111,FPQ-9888,05-11-12,ARV,107-RW-T30,31-Aug-12,Air,Adult,60,0.22,SCMS from RDC,N/A - From RDC,67
12509,DN-745,Generic,Haiti,02-Jun-08,02-Jun-08,300mg,Tablet,Yes,1355.06,From RDC,"Zidovudine 300mg, tablets, 60 Tabs",25.1,1925,15688.75,PMO - US,"Aurobindo Unit III, India",Zidovudine,8.15,N/A - From RDC,SO-2348,Pre-PQ Process,Pre-PQ Process,ARV,106-HT-T01,02-Jun-08,Air,Adult,60,0.14,SCMS from RDC,N/A - From RDC,111
84672,DN-2359,Generic,Swaziland,06-Oct-11,06-Oct-11,200/50mg,Tablet,No,See DN-2359 (ID#:84113),From RDC,"Lopinavir/Ritonavir 200/50mg, tablets, 120 Tabs",299.93,5410,181776.0,PMO - US,"Aurobindo Unit III, India",Lopinavir/Ritonavir,33.6,N/A - From RDC,SO-40580,FPQ-8360,09-02-11,ARV,901-SZ-T30,30-Sep-11,Air,Adult,120,0.28,SCMS from RDC,N/A - From RDC,See DN-2359 (ID#:84113)
40136,ASN-32524,Generic,South Africa,02-Jun-15,02-Jun-15,200mg,Capsule,No,Freight Included in Commodity Cost,Direct Drop,"Efavirenz 200mg, capsule, 90 Caps",0.14,8,136.35,PMO - US,"Aurobindo Unit III, India",Efavirenz,17.04,06-02-15,SCMS-259076,FPQ-14942,09-11-14,ARV,116-ZA-T30,02-Jun-15,Truck,Pediatric,90,0.19,PHARMACY DIRECT,DDP,Weight Captured Separately
12064,DN-172,Generic,Nigeria,26-Jun-07,26-Jun-07,150/200/30mg,Tablet - FDC,No,See DN-172 (ID#:10566),From RDC,"Lamivudine/Nevirapine/Stavudine 150/200/30mg, tablets, 60 Tabs",MIssing,1799,13492.5,PMO - US,"Cipla, Goa, India",Lamivudine/Nevirapine/Stavudine,7.5,N/A - From RDC,SO-557,Pre-PQ Process,Pre-PQ Process,ARV,112-NG-T01,26-Jun-07,MIssing,Adult,60,0.12,SCMS from RDC,N/A - From RDC,See DN-172 (ID#:10566)
5366,ASN-606,Generic,Haiti,07-Aug-07,07-Aug-07,MIssing,Test kit - Ancillary,Yes,240,Direct Drop,"HIV, Lancet, Safety, for HIV Test kits, 100 Pcs",0,300,3.0,PMO - US,Inverness Japan,"HIV, Lancet, Safety, for HIV Test kits, 100 Pcs",0.01,7/26/07,SCMS-10080,Pre-PQ Process,Pre-PQ Process,HRDT,100-HT-T01,13-Aug-07,Air,HIV test - Ancillary,100,0.0,"Orgenics, Ltd",EXW,24
70750,ASN-29503,Uni-Gold,South Sudan,09-Jan-15,19-Jan-15,MIssing,Test kit,No,See ASN-29503 (ID#:13571),Direct Drop,"HIV 1/2, Uni-Gold HIV Kit, 20 Tests",14.8,450,14400.0,PMO - US,"Trinity Biotech, Plc","HIV 1/2, Uni-Gold HIV Kit",32.0,07-01-14,SCMS-245240,FPQ-14470,6/17/14,HRDT,105-SS-T30,09-Jan-15,Air,HIV test,20,1.6,"Trinity Biotech, Plc",EXW,See ASN-29503 (ID#:13571)
63296,ASN-8573,Uni-Gold,Botswana,07-Feb-11,07-Feb-11,MIssing,Test kit - Ancillary,Yes,650.97,Direct Drop,"#109436**HIV 1, Uni-Gold Recombigen HIV Control, Vial 2 x 0.5 ml",1,15,465.0,PMO - US,"Trinity Biotech, Plc","HIV 1, Uni-Gold Recombigen HIV Control, Vial 2 x 0.5 ml",31.0,11/13/09,SCMS-57521,FPQ-4487,11-02-09,HRDT,144-BW-T30,07-Feb-11,Air,HIV test - Ancillary,2,15.5,"Trinity Biotech, Plc",EXW,1
33631,ASN-22178,Videx,Zimbabwe,13-Dec-13,16-Dec-13,25mg,Chewable/dispersible tablet,Yes,2265.88,Direct Drop,"Didanosine 25mg [Videx], chewable tablets, 60 Tabs",3.22,372,2604.0,PMO - US,Bristol-Myers Squibb Anagni IT,Didanosine,7.0,4/25/13,SCMS-186830,FPQ-12094,4/19/13,ARV,103-ZW-T30,13-Dec-13,Air,Pediatric,60,0.12,LAWRENCE LABORATORIES (SUBSIDIARY OF BRISTOL MYERS SQUIBB),FCA,95
2655,ASN-49,Viread,Vietnam,01-Sep-06,01-Sep-06,300mg,Tablet,Yes,7682.69,Direct Drop,"Tenofovir Disoproxil Fumarate 300mg [Viread], tablets, 30 Tabs",MIssing,1000,17000.0,PMO - US,Gilead(Nycomed) Oranienburg DE,Tenofovir Disoproxil Fumarate,17.0,Date Not Captured,SCMS-80,Pre-PQ Process,Pre-PQ Process,ARV,108-VN-T01,01-Sep-06,Air,Adult,30,0.57,"GILEAD SCIENCES IRELAND, INC.",EXW,61
83930,DN-4343,Generic,Nigeria,28-Aug-15,02-Sep-15,600/300mg,Tablet - FDC,Yes,Invoiced Separately,From RDC,"Abacavir/Lamivudine 600/300mg, tablets, 30 Tabs",77.54,5025,65877.75,PMO - US,Mylan (formerly Matrix) Nashik,Abacavir/Lamivudine,13.11,N/A - From RDC,SO-51790,FPQ-16541,07-07-15,ARV,151-NG-T30,30-Sep-15,Air,Adult,30,0.44,SCMS from RDC,N/A - From RDC,Weight Captured Separately
51496,ASN-32670,Generic,Senegal,23-Jun-15,23-Jun-15,300mg,Tablet,Yes,Invoiced Separately,Direct Drop,"Lamivudine 300mg, tablets, 30 Tabs",0.24,100,200.0,PMO - US,Hetero Unit III Hyderabad IN,Lamivudine,2.0,05-08-15,SCMS-286880,FPQ-15907,2/19/15,ARV,A02-SN-T50,23-Jun-15,Air,Adult,30,0.07,HETERO LABS LIMITED,EXW,Weight Captured Separately
11673,DN-1386,Generic,Zambia,15-Sep-09,15-Sep-09,600mg,Tablet,Yes,8281.69,From RDC,"Efavirenz 600mg, tablets, 30 Tabs",1881.6,120000,960000.0,PMO - US,"Aurobindo Unit III, India",Efavirenz,8.0,N/A - From RDC,SO-29040,Pre-PQ Process,Date Not Captured,ARV,110-ZM-T01,15-Sep-09,Truck,Adult,30,0.27,SCMS from RDC,N/A - From RDC,20144
55814,ASN-12834,Determine,Sudan,06-Jan-12,06-Jan-12,MIssing,Test kit,Yes,1133.17,Direct Drop,"HIV 1/2, Determine Complete HIV Kit, 100 Tests",18.94,129,11481.0,PMO - US,"Alere Medical Co., Ltd.","HIV 1/2, Determine Complete HIV Kit",89.0,9/14/11,SCMS-120441,FPQ-8261,8/29/11,HRDT,102-SD-T30,06-Jan-12,Air,HIV test,100,0.89,"Orgenics, Ltd",EXW,60
82379,DN-2186,Generic,Haiti,04-May-11,04-May-11,100mg,Capsule,Yes,2452.54,From RDC,"Zidovudine 100mg, capsules, 100 Caps",12.96,1242,6011.28,PMO - US,"Aurobindo Unit III, India",Zidovudine,4.84,N/A - From RDC,SO-37790,FPQ-6484,10/13/10,ARV,106-HT-T30,14-Apr-11,Air,Pediatric,100,0.05,SCMS from RDC,N/A - From RDC,260
71554,ASN-27603,Generic,Ghana,04-Nov-14,06-Nov-14,10mg/ml,Oral solution,Yes,11447.38,Direct Drop,"Lamivudine 10mg/ml, oral solution, Bottle, 240 ml",20.38,13863,19824.09,PMO - US,"Aurobindo Unit III, India",Lamivudine,1.43,5/23/14,SCMS-237840,FPQ-14052,04-12-14,ARV,105-GH-T30,04-Nov-14,Ocean,Pediatric,240,0.01,Aurobindo Pharma Limited,EXW,5467
12150,DN-510,Generic,Zambia,14-Feb-08,14-Feb-08,300mg,Tablet,Yes,3303.52,From RDC,"Abacavir 300mg, tablets, 60 Tabs",363.44,8251,227150.03,PMO - US,"Aurobindo Unit III, India",Abacavir,27.53,N/A - From RDC,SO-1489,Pre-PQ Process,Pre-PQ Process,ARV,110-ZM-T01,14-Feb-08,Air,Adult,60,0.46,SCMS from RDC,N/A - From RDC,822
75682,ASN-14880,Prezista,Uganda,18-May-12,18-May-12,300mg,Tablet,No,See ASN-14880 (ID#:25423),Direct Drop,"Darunavir 300mg [Prezista], tablets, 120 Tabs",23.53,252,16783.2,PMO - US,"Aspen-OSD, Port Elizabeth, SA",Darunavir,66.6,4/17/12,SCMS-143490,FPQ-9365,3/15/12,ARV,114-UG-T30,18-May-12,Air,Adult,120,0.55,ASPEN PHARMACARE,DDP,See ASN-14880 (ID#:25423)
84859,DN-3344,Generic,Guyana,11-Oct-13,11-Oct-13,300mg,Tablet,Yes,1149.07,From RDC,"Zidovudine 300mg, tablets, 60 Tabs",10.31,1300,8333.0,PMO - US,Hetero Unit III Hyderabad IN,Zidovudine,6.41,N/A - From RDC,SO-45051,FPQ-12047,4/15/13,ARV,105-GY-T30,30-Sep-13,Air,Adult,60,0.11,SCMS from RDC,N/A - From RDC,77
12265,DN-1136,Generic,Nigeria,19-Mar-09,19-Mar-09,150/300/200mg,Tablet - FDC,Yes,11492.86,From RDC,"Lamivudine/Nevirapine/Zidovudine 150/200/300mg, tablets, 60 Tabs",260.55,11661,132935.4,PMO - US,"Aurobindo Unit III, India",Lamivudine/Nevirapine/Zidovudine,11.4,N/A - From RDC,SO-21802,Pre-PQ Process,Pre-PQ Process,ARV,151-NG-T01,19-Mar-09,Air Charter,Adult,60,0.19,SCMS from RDC,N/A - From RDC,1311
5905,ASN-2408,Ziagen,Tanzania,08-Sep-08,08-Sep-08,20mg/ml,Oral solution,Yes,633,Direct Drop,"Abacavir 20mg/ml [Ziagen], oral solution, Bottle, 240 ml",3.18,132,1990.56,PMO - US,GSK Mississauga (Canada),Abacavir,15.08,07-04-08,SCMS-26640,Pre-PQ Process,Pre-PQ Process,ARV,109-TZ-T01,08-Sep-08,Air,Pediatric,240,0.06,GLAXOSMITHKLINE EXPORT LIMITED,CIP,65
11587,DN-1107,Generic,Ethiopia,04-Mar-09,04-Mar-09,150/200/30mg,Tablet - FDC,Yes,14732.36,From RDC,"Lamivudine/Nevirapine/Stavudine 150/200/30mg, tablets, 60 Tabs",585.03,41922,298484.64,PMO - US,"Strides, Bangalore, India.",Lamivudine/Nevirapine/Stavudine,7.12,N/A - From RDC,SO-23980,Pre-PQ Process,Pre-PQ Process,ARV,117-ET-T01,04-Mar-09,Air,Adult,60,0.12,SCMS from RDC,N/A - From RDC,3190
10799,DN-1480,Generic,Uganda,12-Oct-09,12-Oct-09,150/300/200mg,Tablet - FDC,Yes,9547.7,From RDC,"Lamivudine/Nevirapine/Zidovudine 150/200/300mg, tablets, 60 Tabs",312.91,14066,159649.1,PMO - US,"Aurobindo Unit III, India",Lamivudine/Nevirapine/Zidovudine,11.35,N/A - From RDC,SO-33400,Pre-PQ Process,Date Not Captured,ARV,114-UG-T01,12-Oct-09,Truck,Adult,60,0.19,SCMS from RDC,N/A - From RDC,1593
11718,DN-86,Generic,CÃte dIvoire,30-Apr-07,30-Apr-07,150/200/30mg,Tablet - FDC,Yes,3205,From RDC,"Lamivudine/Nevirapine/Stavudine 150/200/30mg, tablets, 60 Tabs",MIssing,9000,67500.0,PMO - US,"Cipla, Goa, India",Lamivudine/Nevirapine/Stavudine,7.5,N/A - From RDC,SO-439,Pre-PQ Process,Pre-PQ Process,ARV,100-CI-T01,30-Apr-07,MIssing,Adult,60,0.12,SCMS from RDC,N/A - From RDC,992
12234,DN-855,Generic,Zambia,20-Aug-08,20-Aug-08,600mg,Tablet,Yes,3558.49,From RDC,"Efavirenz 600mg, tablets, 30 Tabs",960.8,50000,600500.0,PMO - US,Mylan (formerly Matrix) Nashik,Efavirenz,12.01,N/A - From RDC,SO-2480,Pre-PQ Process,Pre-PQ Process,ARV,110-ZM-T01,20-Aug-08,Truck,Adult,30,0.4,SCMS from RDC,N/A - From RDC,3841
10351,ASN-4609,Generic,South Africa,17-Jun-09,17-Jun-09,10mg/ml,Oral solution,Yes,Freight Included in Commodity Cost,Direct Drop,"Lamivudine 10mg/ml, oral solution, Bottle, 240 ml",6.96,1000,3550.0,PMO - US,"Aurobindo Unit III, India",Lamivudine,3.55,3/13/09,SCMS-50670,Pre-PQ Process,Pre-PQ Process,ARV,116-ZA-T01,17-Jun-09,Air,Pediatric,240,0.01,S. BUYS WHOLESALER,DDP,Weight Captured Separately
30842,ASN-29747,Generic,Zimbabwe,03-Feb-15,24-Feb-15,30/50/60mg,Chewable/dispersible tablet - FDC,Yes,1344.94,Direct Drop,"Lamivudine/Nevirapine/Zidovudine 30/50/60mg, dispersible tablets, 60 Tabs",3.35,813,2845.5,PMO - US,Mylan (formerly Matrix) Nashik,Lamivudine/Nevirapine/Zidovudine,3.5,11/17/14,SCMS-264880,FPQ-15398,11/14/14,ARV,103-ZW-T30,03-Feb-15,Air,Pediatric,60,0.06,MYLAN LABORATORIES LTD (FORMERLY MATRIX LABORATORIES),EXW,60
12537,DN-850,Generic,Mozambique,05-Sep-08,05-Sep-08,600mg,Tablet,No,See DN-850 (ID#:10733),From RDC,"Efavirenz 600mg, tablets, 30 Tabs",185.43,9650,115896.5,PMO - US,"Aurobindo Unit III, India",Efavirenz,12.01,N/A - From RDC,SO-2424,Pre-PQ Process,Pre-PQ Process,ARV,111-MZ-T01,05-Sep-08,Air,Adult,30,0.4,SCMS from RDC,N/A - From RDC,See DN-850 (ID#:10733)
70526,ASN-26927,Generic,Vietnam,13-Aug-14,25-Aug-14,300mg,Tablet,No,See ASN-26927 (ID#:26612),Direct Drop,"Abacavir 300mg, tablets, 60 Tabs",11.18,950,10877.5,PMO - US,Hetero Unit III Hyderabad IN,Abacavir,11.45,03-10-14,SCMS-226260,FPQ-13524,02-06-14,ARV,108-VN-T30,13-Aug-14,Air,Adult,60,0.19,HETERO LABS LIMITED,EXW,See ASN-26927 (ID#:26612)
85091,DN-1660,Generic,Zimbabwe,12-Mar-10,12-Mar-10,150/200/30mg,Tablet - FDC,No,See DN-1660 (ID#:82296),From RDC,"Lamivudine/Nevirapine/Stavudine 150/200/30mg, tablets, 60 Tabs",471.63,35802,218750.22,PMO - US,"Cipla, Goa, India",Lamivudine/Nevirapine/Stavudine,6.11,N/A - From RDC,SO-35410,FPQ-4688,12-08-09,ARV,113-ZW-T30,31-Mar-10,Air,Adult,60,0.1,SCMS from RDC,N/A - From RDC,See DN-1660 (ID#:82296)
53759,ASN-30320,Generic,Vietnam,10-Mar-15,10-Mar-15,150mg,Tablet,Yes,1328.13,Direct Drop,"Lamivudine 150mg, tablets, 60 Tabs",11.86,5600,10080.0,PMO - US,Hetero Unit III Hyderabad IN,Lamivudine,1.8,10/30/14,SCMS-261440,FPQ-15087,10/24/14,ARV,108-VN-T30,10-Mar-15,Air,Adult,60,0.03,HETERO LABS LIMITED,EXW,606
63419,ASN-29141,Determine,Swaziland,19-Feb-15,19-Feb-15,MIssing,Test kit,Yes,514.52,Direct Drop,"HIV 1/2, Determine Complete HIV Kit, 100 Tests",3.21,39,3120.0,PMO - US,"Alere Medical Co., Ltd.","HIV 1/2, Determine Complete HIV Kit",80.0,10-09-14,SCMS-256310,FPQ-14826,09-03-14,HRDT,203-SZ-T30,19-Feb-15,Air,HIV test,100,0.8,"Orgenics, Ltd",EXW,17
2430,ASN-3575,Generic,South Africa,01-Dec-08,01-Dec-08,200mg,Tablet,Yes,Freight Included in Commodity Cost,Direct Drop,"Nevirapine 200mg, tablets, 60 Tabs",48.18,5017,24583.3,PMO - US,"Aurobindo Unit III, India",Nevirapine,4.9,Date Not Captured,SCMS-40790,Pre-PQ Process,Pre-PQ Process,ARV,116-ZA-T01,24-Mar-09,Air,Adult,60,0.08,S. BUYS WHOLESALER,DDP,Weight Captured Separately
26985,ASN-18971,Generic,Vietnam,16-May-13,16-May-13,30/50/60mg,Chewable/dispersible tablet - FDC,No,See ASN-18971 (ID#:16186),Direct Drop,"Lamivudine/Nevirapine/Zidovudine 30/50/60mg, dispersible tablets, 60 Tabs",19.2,3881,15524.0,PMO - US,"Strides, Bangalore, India.",Lamivudine/Nevirapine/Zidovudine,4.0,11-07-12,SCMS-164660,FPQ-10811,10/15/12,ARV,108-VN-T30,16-May-13,Air,Pediatric,60,0.07,STRIDES ARCOLAB LIMITED,EXW,See ASN-18971 (ID#:16186)
84773,DN-2951,Generic,Uganda,01-Feb-13,01-Feb-13,200mg,Tablet,No,See DN-2951 (ID#:82532),From RDC,"Nevirapine 200mg, tablets, 60 Tabs",14.56,4290,10381.8,PMO - US,Hetero Unit III Hyderabad IN,Nevirapine,2.42,N/A - From RDC,SO-43190,FPQ-10556,8/30/12,ARV,114-UG-T30,01-Feb-13,Air,Adult,60,0.04,SCMS from RDC,N/A - From RDC,See DN-2951 (ID#:82532)
10155,ASN-3208,Uni-Gold,Guyana,30-Jan-09,30-Jan-09,MIssing,Test kit,Yes,5926.53,Direct Drop,"HIV 1/2, Uni-Gold HIV Kit, 20 Tests",130.83,2086,66752.0,PMO - US,"Trinity Biotech, Plc","HIV 1/2, Uni-Gold HIV Kit",32.0,12-11-08,SCMS-35540,Pre-PQ Process,Pre-PQ Process,HRDT,102-GY-T01,30-Jan-09,Air,HIV test,20,1.6,"Trinity Biotech, Plc",EXW,707
86062,DN-3587,Generic,Haiti,24-Mar-14,06-May-14,150/300mg,Tablet - FDC,No,See DN-3587 (ID#:83776),From RDC,"Lamivudine/Zidovudine 150/300mg, tablets, 60 Tabs",113.28,16374,110197.02,PMO - US,Mylan (formerly Matrix) Nashik,Lamivudine/Zidovudine,6.73,N/A - From RDC,SO-47800,FPQ-13648,02-03-14,ARV,106-HT-T30,05-May-14,Air,Adult,60,0.11,SCMS from RDC,N/A - From RDC,See DN-3587 (ID#:83776)
12441,DN-493,Kaletra,Zambia,28-Dec-07,28-Dec-07,80/20mg/ml,Oral solution,Yes,1566.21,From RDC,"Lopinavir/Ritonavir 80/20mg/ml [Kaletra], oral solution, cool, Bottle 5 x 60 ml",49.06,746,30660.6,PMO - US,ABBVIE (Abbott) Logis. UK,Lopinavir/Ritonavir,41.1,N/A - From RDC,SO-628,Pre-PQ Process,Pre-PQ Process,ARV,110-ZM-T01,28-Dec-07,MIssing,Pediatric,300,0.14,SCMS from RDC,N/A - From RDC,88
12243,DN-1065,Generic,Nigeria,03-Feb-09,03-Feb-09,600mg,Tablet,Yes,Freight Included in Commodity Cost,From RDC,"Efavirenz 600mg, tablets, 30 Tabs",264.79,11527,135096.44,PMO - US,"Aurobindo Unit III, India",Efavirenz,11.72,N/A - From RDC,SO-22590,Pre-PQ Process,Pre-PQ Process,ARV,123-NG-T01,03-Feb-09,Air,Adult,30,0.39,SCMS from RDC,N/A - From RDC,983
85560,DN-4117,Generic,Zambia,19-Feb-15,20-Feb-15,200mg,Tablet,No,See DN-4117 (ID#:84449),From RDC,"Nevirapine 200mg, tablets, 60 Tabs",85.5,38151,83169.18,PMO - US,"Strides, Bangalore, India.",Nevirapine,2.18,N/A - From RDC,SO-49282,FPQ-14575,07-11-14,ARV,110-ZM-T30,27-Feb-15,Truck,Adult,60,0.04,SCMS from RDC,N/A - From RDC,See DN-4117 (ID#:84449)
11861,DN-737,Generic,Nigeria,14-May-08,14-May-08,300mg,Tablet,No,See DN-737 (ID#:11533),From RDC,"Zidovudine 300mg, tablets, 60 Tabs",39.36,3075,24600.0,PMO - US,"Aurobindo Unit III, India",Zidovudine,8.0,N/A - From RDC,SO-2575,Pre-PQ Process,Pre-PQ Process,ARV,131-NG-T01,14-May-08,Air,Adult,60,0.13,SCMS from RDC,N/A - From RDC,See DN-737 (ID#:11533)
11932,DN-1144,Truvada,Nigeria,24-Mar-09,24-Mar-09,300/200mg,Tablet - FDC,Yes,6443.63,From RDC,"Emtricitabine/Tenofovir Disoproxil Fumarate 200/300mg [Truvada], tablets, 30 Tabs",1937.92,37666,988732.5,PMO - US,"Aspen-OSD, Port Elizabeth, SA",Emtricitabine/Tenofovir Disoproxil Fumarate,26.25,N/A - From RDC,SO-21782,Pre-PQ Process,Pre-PQ Process,ARV,151-NG-T01,24-Mar-09,Air,Adult,30,0.88,SCMS from RDC,N/A - From RDC,3273
85410,DN-3369,Generic,Nigeria,14-Oct-13,24-Oct-13,150/300/200mg,Tablet - FDC,Yes,20225.07,From RDC,"Lamivudine/Nevirapine/Zidovudine 150/200/300mg, tablets, 60 Tabs",1312.89,123700,1061346.0,PMO - US,"Cipla, Goa, India",Lamivudine/Nevirapine/Zidovudine,8.58,N/A - From RDC,SO-44933,FPQ-11864,3/14/13,ARV,151-NG-T30,31-Oct-13,Air Charter,Adult,60,0.14,SCMS from RDC,N/A - From RDC,18882
83868,DN-4071,Generic,Uganda,24-Jan-15,27-Jan-15,300/300mg,Tablet - FDC,Yes,1319.21,From RDC,"Lamivudine/Tenofovir Disoproxil Fumarate 300/300mg, tablets, 30 Tabs",68.63,14420,66764.6,PMO - US,"Cipla, Kurkumbh, India",Lamivudine/Tenofovir Disoproxil Fumarate,4.63,N/A - From RDC,SO-48972,FPQ-14396,06-04-14,ARV,114-UG-T30,02-Feb-15,Truck,Adult,30,0.15,SCMS from RDC,N/A - From RDC,1467
84128,DN-2464,Generic,Nigeria,18-Dec-11,18-Dec-11,300/300mg,Tablet - FDC,Yes,15322.73,From RDC,"Lamivudine/Tenofovir Disoproxil Fumarate 300/300mg, tablets, 30 Tabs",723.5,53279,438486.17,PMO - US,Mylan (formerly Matrix) Nashik,Lamivudine/Tenofovir Disoproxil Fumarate,8.23,N/A - From RDC,SO-40662,FPQ-8364,8/29/11,ARV,151-NG-T30,16-Mar-12,Air Charter,Adult,30,0.27,SCMS from RDC,N/A - From RDC,5494
76097,ASN-5448,Generic,Vietnam,03-Dec-09,03-Dec-09,30mg,Capsule,Yes,1872.53,Direct Drop,"Stavudine 30mg, capsules, 60 Caps",37,13020,18879.0,PMO - US,"Aurobindo Unit III, India",Stavudine,1.45,8/14/09,SCMS-51770,FPQ-4098,08-12-09,ARV,108-VN-T30,03-Dec-09,Air,Adult,60,0.02,Aurobindo Pharma Limited,EXW,861
58064,ASN-12727,Aluvia,Vietnam,23-Nov-11,23-Nov-11,200/50mg,Tablet,Yes,5101.21,Direct Drop,"Lopinavir/Ritonavir 200/50mg [Aluvia], tablets, 120 Tabs",194.63,1435,117957.0,PMO - US,ABBVIE Ludwigshafen Germany,Lopinavir/Ritonavir,82.2,07-08-11,SCMS-113700,FPQ-7898,6/27/11,ARV,108-VN-T30,23-Nov-11,Air,Adult,120,0.68,ABBVIE LOGISTICS (FORMERLY ABBOTT LOGISTICS BV),FCA,355
83657,DN-3030,Generic,Zimbabwe,14-Mar-13,14-Mar-13,600mg,Tablet,No,See DN-3030 (ID#:82549),From RDC,"Efavirenz 600mg, tablets, 30 Tabs",228.58,48960,163036.8,PMO - US,"Strides, Bangalore, India.",Efavirenz,3.33,N/A - From RDC,SO-43210,FPQ-10632,09-11-12,ARV,113-ZW-T30,14-Mar-13,Truck,Adult,30,0.11,SCMS from RDC,N/A - From RDC,See DN-3030 (ID#:82549)
83326,DN-4218,Generic,Uganda,14-May-15,15-May-15,30/60mg,Chewable/dispersible tablet - FDC,Yes,18500.5,From RDC,"Lamivudine/Zidovudine 30/60mg, dispersible tablets, 60 Tabs",17.08,7559,14513.28,PMO - US,"Cipla, Goa, India",Lamivudine/Zidovudine,1.92,N/A - From RDC,SO-50050,FPQ-15294,11-03-14,ARV,114-UG-T30,15-Jun-15,Truck,Pediatric,60,0.03,SCMS from RDC,N/A - From RDC,21710
66508,ASN-14875,Generic,Vietnam,05-Jun-12,05-Jun-12,200mg,Capsule,No,See ASN-14875 (ID#:35053),Direct Drop,"Efavirenz 200mg, capsule, 90 Caps",4.39,400,3128.0,PMO - US,"Aurobindo Unit III, India",Efavirenz,7.82,1/18/12,SCMS-131650,FPQ-9001,12/15/11,ARV,108-VN-T30,05-Jun-12,Air,Pediatric,90,0.09,Aurobindo Pharma Limited,EXW,See ASN-14875 (ID#:35053)
82801,DN-4254,Generic,CÃte dIvoire,08-Jun-15,19-Jun-15,150/300/200mg,Tablet - FDC,Yes,24788.37,From RDC,"Lamivudine/Nevirapine/Zidovudine 150/200/300mg, tablets, 60 Tabs",1317.53,145000,1119400.0,PMO - US,"Strides, Bangalore, India.",Lamivudine/Nevirapine/Zidovudine,7.72,N/A - From RDC,SO-50110,FPQ-15259,10/24/14,ARV,104-CI-T30,29-May-15,Truck,Adult,60,0.13,SCMS from RDC,N/A - From RDC,16614
74694,ASN-31070,Generic,South Africa,09-Mar-15,09-Mar-15,200mg,Capsule,No,Freight Included in Commodity Cost,Direct Drop,"Efavirenz 200mg, capsule, 90 Caps",0.05,3,51.12,PMO - US,"Aurobindo Unit III, India",Efavirenz,17.04,03-09-15,SCMS-259074,FPQ-14942,09-11-14,ARV,116-ZA-T30,09-Mar-15,Truck,Pediatric,90,0.19,PHARMACY DIRECT,DDP,Weight Captured Separately
77044,ASN-30671,Generic,South Africa,12-Feb-15,12-Feb-15,300mg,Tablet,No,Freight Included in Commodity Cost,Direct Drop,"Abacavir 300mg, tablets, 60 Tabs",2.56,50,2492.63,PMO - US,"Aurobindo Unit III, India",Abacavir,49.85,02-12-15,SCMS-259073,FPQ-14942,09-11-14,ARV,116-ZA-T30,12-Feb-15,Truck,Adult,60,0.83,PHARMACY DIRECT,DDP,Weight Captured Separately
82651,DN-3546,Generic,CÃte dIvoire,18-Feb-14,04-Mar-14,150mg,Tablet,Yes,4063.81,From RDC,"Lamivudine 150mg, tablets, 60 Tabs",4.69,1700,3791.0,PMO - US,"Aurobindo Unit III, India",Lamivudine,2.23,N/A - From RDC,SO-46422,FPQ-12800,08-09-13,ARV,104-CI-T30,28-Feb-14,Air,Adult,60,0.04,SCMS from RDC,N/A - From RDC,2699
83586,DN-2632,Generic,Tanzania,16-May-12,16-May-12,30/50/6mg,Chewable/dispersible tablet - FDC,Yes,4553.1,From RDC,"Lamivudine/Nevirapine/Stavudine 30/50/6mg, dispersible tablets, 60 Tabs",65.14,15855,39478.95,PMO - US,"Cipla, Goa, India",Lamivudine/Nevirapine/Stavudine,2.49,N/A - From RDC,SO-40501,FPQ-8303,8/22/11,ARV,109-TZ-T30,31-May-12,Truck,Pediatric,60,0.04,SCMS from RDC,N/A - From RDC,1380
18240,ASN-17177,Generic,Vietnam,05-Dec-12,05-Dec-12,150/300mg,Tablet - FDC,Yes,2348.57,Direct Drop,"Lamivudine/Zidovudine 150/300mg, tablets, 60 Tabs",147.32,14842,105081.36,PMO - US,Hetero Unit III Hyderabad IN,Lamivudine/Zidovudine,7.08,8/15/12,SCMS-156320,FPQ-10287,7/25/12,ARV,108-VN-T30,05-Dec-12,Air,Adult,60,0.12,HETERO LABS LIMITED,EXW,1364
75309,ASN-28021,Generic,South Africa,28-Aug-14,28-Aug-14,300mg,Tablet,No,Freight Included in Commodity Cost,Direct Drop,"Abacavir 300mg, tablets, 60 Tabs",7.02,99,6830.08,PMO - US,"Aurobindo Unit III, India",Abacavir,68.99,8/28/14,SCMS-238553,FPQ-13973,4/30/14,ARV,116-ZA-T30,28-Aug-14,Truck,Adult,60,1.15,PHARMACY DIRECT,DDP,Weight Captured Separately
82672,DN-3680,Generic,CÃte dIvoire,12-May-14,30-Jun-14,30/50/60mg,Chewable/dispersible tablet - FDC,Yes,1672.7,From RDC,"Lamivudine/Nevirapine/Zidovudine 30/50/60mg, dispersible tablets, 60 Tabs",31.54,6799,25496.25,PMO - US,"Strides, Bangalore, India.",Lamivudine/Nevirapine/Zidovudine,3.75,N/A - From RDC,SO-46420,FPQ-12800,08-09-13,ARV,104-CI-T30,15-May-14,Truck,Pediatric,60,0.06,SCMS from RDC,N/A - From RDC,292
29833,ASN-27793,Generic,Haiti,14-Oct-14,20-Oct-14,30/50/60mg,Chewable/dispersible tablet - FDC,Yes,2971.3,Direct Drop,"Lamivudine/Nevirapine/Zidovudine 30/50/60mg, dispersible tablets, 60 Tabs",7.13,1926,6933.6,PMO - US,"Cipla, Goa, India",Lamivudine/Nevirapine/Zidovudine,3.6,4/30/14,SCMS-233970,FPQ-13797,3/20/14,ARV,106-HT-T30,14-Oct-14,Air,Pediatric,60,0.06,CIPLA LIMITED,EXW,192
35372,ASN-28777,Generic,Vietnam,26-Nov-14,26-Nov-14,200mg,Tablet,No,See ASN-28777 (ID#:22196),Direct Drop,"Nevirapine 200mg, tablets, 60 Tabs",17.96,8400,17472.0,PMO - US,"Micro labs, Verna, Goa, India",Nevirapine,2.08,4/30/14,SCMS-236100,FPQ-13976,04-08-14,ARV,108-VN-T30,26-Nov-14,Air,Adult,60,0.03,MICRO LABS LIMITED,EXW,See ASN-28777 (ID#:22196)
85554,DN-4098,Generic,Nigeria,14-Jan-15,20-Jan-15,150/300/200mg,Tablet - FDC,No,See DN-4098 (ID#:84443),From RDC,"Lamivudine/Nevirapine/Zidovudine 150/200/300mg, tablets, 60 Tabs",190.47,24000,185280.0,PMO - US,Hetero Unit III Hyderabad IN,Lamivudine/Nevirapine/Zidovudine,7.72,N/A - From RDC,SO-48893,FPQ-14156,4/25/14,ARV,151-NG-T30,30-Jan-15,Air Charter,Adult,60,0.13,SCMS from RDC,N/A - From RDC,See DN-4098 (ID#:84443)
10063,ASN-2711,INSTi,Zimbabwe,15-Nov-08,15-Nov-08,MIssing,Test kit,Yes,Freight Included in Commodity Cost,Direct Drop,"#109440**HIV 1/2, INSTI HIV Antibody Individual POC, 1 Test",26.26,5000,13398.72,PMO - US,bioLytical Laboratories,"HIV 1/2, INSTI HIV Antibody Individual POC, 1 Test",2.68,10-10-08,SCMS-31850,Pre-PQ Process,Pre-PQ Process,HRDT,113-ZW-T01,15-Nov-08,Air,HIV test,1,2.68,BIOLYTICAL LABORATORIES INC.,CIP,Weight Captured Separately
82293,DN-1643,Generic,Zambia,05-Mar-10,05-Mar-10,150/200/30mg,Tablet - FDC,Yes,16898.2,From RDC,"Lamivudine/Nevirapine/Stavudine 150/200/30mg, tablets, 60 Tabs",736.74,58097,375887.59,PMO - US,"Cipla, Goa, India",Lamivudine/Nevirapine/Stavudine,6.47,N/A - From RDC,SO-33690,FPQ-4273,9/17/09,ARV,110-ZM-T30,15-Mar-10,Truck,Adult,60,0.11,SCMS from RDC,N/A - From RDC,19451
60811,ASN-7478,Norvir,Uganda,19-Jul-10,19-Jul-10,100mg,Capsule,Yes,708.2,Direct Drop,"Ritonavir 100mg [Norvir], capsules, cool, 4 x 84 Caps",1.24,15,575.4,PMO - US,ABBVIE (Abbott) Logis. UK,Ritonavir,38.36,06-07-10,SCMS-75280,FPQ-5457,05-07-10,ARV,114-UG-T30,19-Jul-10,Air,Adult,336,0.11,ABBVIE LOGISTICS (FORMERLY ABBOTT LOGISTICS BV),FCA,53
57826,ASN-32262,Generic,Vietnam,13-Jul-15,14-Jul-15,600mg,Tablet,No,See ASN-32262 (ID#:41943),Direct Drop,"Efavirenz 600mg, tablets, 30 Tabs",32.96,8000,28000.0,PMO - US,Hetero Unit III Hyderabad IN,Efavirenz,3.5,2/17/15,SCMS-274370,FPQ-15692,1/28/15,ARV,108-VN-T30,13-Jul-15,Air,Adult,30,0.12,HETERO LABS LIMITED,EXW,See ASN-32262 (ID#:41943)
84320,DN-3489,Generic,Nigeria,10-Jan-14,15-Jan-14,30/60mg,Tablet - FDC,Yes,49199.75,From RDC,"Lamivudine/Zidovudine 30/60mg, tablets, 60 Tabs",30.86,11605,24950.75,PMO - US,Mylan (formerly Matrix) Nashik,Lamivudine/Zidovudine,2.15,N/A - From RDC,SO-46530,FPQ-12801,08-06-13,ARV,151-NG-T30,31-Jan-14,Air Charter,Pediatric,60,0.04,SCMS from RDC,N/A - From RDC,935
83129,DN-3075,Generic,CÃte dIvoire,30-Mar-13,30-Mar-13,150/300/200mg,Tablet - FDC,Yes,41802.56,From RDC,"Lamivudine/Nevirapine/Zidovudine 150/200/300mg, tablets, 60 Tabs",105.59,8778,75315.24,PMO - US,Hetero Unit III Hyderabad IN,Lamivudine/Nevirapine/Zidovudine,8.58,N/A - From RDC,SO-43330,FPQ-10633,09-11-12,ARV,104-CI-T30,28-Mar-13,Truck,Adult,60,0.14,SCMS from RDC,N/A - From RDC,22043
84643,DN-2190,Generic,Uganda,03-May-11,03-May-11,600/200/300mg,Tablet - FDC,Yes,4647.66,From RDC,"Efavirenz/Emtricitabine/Tenofovir Disoproxil Fumarate 600/200/300mg, tablets, 30 Tabs",216.93,6600,131472.0,PMO - US,Mylan (formerly Matrix) Nashik,Efavirenz/Emtricitabine/Tenofovir Disoproxil Fumarate,19.92,N/A - From RDC,SO-39320,FPQ-6901,12/22/10,ARV,114-UG-T30,20-Apr-11,Truck,Adult,30,0.66,SCMS from RDC,N/A - From RDC,720
92,ASN-485,Determine,Nigeria,19-Jun-07,19-Jun-07,MIssing,Test kit,Yes,2682.47,Direct Drop,"HIV 1/2, Determine Complete HIV Kit, 100 Tests",128,1000,80000.0,PMO - US,ABBVIE GmbH & Co.KG Wiesbaden,"HIV 1/2, Determine Complete HIV Kit",80.0,5/13/07,SCMS-592,Pre-PQ Process,Pre-PQ Process,HRDT,102-NG-T01,19-Jun-07,Air,HIV test,100,0.8,Abbott GmbH & Co. KG,EXW,341
43928,ASN-27980,Generic,South Africa,27-Aug-14,27-Aug-14,300mg,Tablet,No,Freight Included in Commodity Cost,Direct Drop,"Tenofovir Disoproxil Fumarate 300mg, tablets, 30 Tabs",2.74,98,2214.85,PMO - US,"Aurobindo Unit III, India",Tenofovir Disoproxil Fumarate,22.6,8/27/14,SCMS-199283,FPQ-12522,07-11-13,ARV,116-ZA-T30,27-Aug-14,Truck,Adult,30,0.75,S. BUYS WHOLESALER,DDP,Weight Captured Separately
12694,DN-363,Generic,Uganda,16-Oct-07,16-Oct-07,150/300mg,Tablet - FDC,Yes,739,From RDC,"Lamivudine/Zidovudine 150/300mg, tablets, 60 Tabs",20.52,1350,12825.0,PMO - US,"Aurobindo Unit III, India",Lamivudine/Zidovudine,9.5,N/A - From RDC,SO-1081,Pre-PQ Process,Pre-PQ Process,ARV,114-UG-T01,16-Oct-07,MIssing,Adult,60,0.16,SCMS from RDC,N/A - From RDC,80
10564,DN-148,Crixivan,Mozambique,13-Jun-07,13-Jun-07,400mg,Capsule,Yes,8892.48,From RDC,"Indinavir 400mg [Crixivan], capsules, 180 Caps",MIssing,564,27816.48,PMO - US,MSD Elkton USA,Indinavir,49.32,N/A - From RDC,SO-576,Pre-PQ Process,Pre-PQ Process,ARV,111-MZ-T01,13-Jun-07,Air,Adult,180,0.27,SCMS from RDC,N/A - From RDC,3946
56668,ASN-12291,Generic,Vietnam,24-Oct-11,24-Oct-11,150/300mg,Tablet - FDC,Yes,7261.69,Direct Drop,"Lamivudine/Zidovudine 150/300mg, tablets, 60 Tabs",111.55,8245,67609.0,PMO - US,Hetero Unit III Hyderabad IN,Lamivudine/Zidovudine,8.2,07-08-11,SCMS-113680,FPQ-7898,6/27/11,ARV,108-VN-T30,24-Oct-11,Air,Adult,60,0.14,HETERO LABS LIMITED,EXW,759
83416,DN-1762,Generic,Nigeria,31-Mar-10,31-Mar-10,200mg,Tablet,Yes,124350.84,From RDC,"Nevirapine 200mg, tablets, 60 Tabs",88.29,15000,40950.0,PMO - US,"Aurobindo Unit III, India",Nevirapine,2.73,N/A - From RDC,SO-34890,FPQ-4537,11-06-09,ARV,151-NG-T30,19-Apr-10,Air,Adult,60,0.05,SCMS from RDC,N/A - From RDC,1444
85833,DN-2560,Generic,Nigeria,16-Feb-12,16-Feb-12,150/300/200mg,Tablet - FDC,Yes,25231.96,From RDC,"Lamivudine/Nevirapine/Zidovudine 150/200/300mg, tablets, 60 Tabs",4461.19,240976,2703750.72,PMO - US,"Aurobindo Unit III, India",Lamivudine/Nevirapine/Zidovudine,11.22,N/A - From RDC,SO-40664,FPQ-8364,8/29/11,ARV,151-NG-T30,16-Mar-12,Air Charter,Adult,60,0.19,SCMS from RDC,N/A - From RDC,30789
86699,DN-3891,Generic,South Sudan,17-Oct-14,13-Nov-14,600mg,Tablet,No,See DN-3891 (ID#:86103),From RDC,"Efavirenz 600mg, tablets, 30 Tabs",14.81,4488,14406.48,PMO - US,"Cipla, Goa, India",Efavirenz,3.21,N/A - From RDC,SO-49370,FPQ-14574,7/14/14,ARV,103-SS-T30,02-Oct-14,Air,Adult,30,0.11,SCMS from RDC,N/A - From RDC,See DN-3891 (ID#:86103)
85915,DN-2913,Generic,Zimbabwe,19-Nov-12,19-Nov-12,30/60mg,Tablet - FDC,No,See DN-2913 (ID#:84764),From RDC,"Lamivudine/Zidovudine 30/60mg, tablets, 60 Tabs",8.77,2267,6256.92,PMO - US,"Aurobindo Unit III, India",Lamivudine/Zidovudine,2.76,N/A - From RDC,SO-42200,FPQ-9907,5/15/12,ARV,103-ZW-T30,19-Nov-12,Truck,Pediatric,60,0.05,SCMS from RDC,N/A - From RDC,See DN-2913 (ID#:84764)
2417,ASN-3857,Determine,Mozambique,26-May-09,26-May-09,MIssing,Test kit,Yes,25052.69,Direct Drop,"HIV 1/2, Determine Complete HIV Kit, 100 Tests",1270.08,9000,648000.0,PMO - US,Inverness Japan,"HIV 1/2, Determine Complete HIV Kit",72.0,03-11-09,SCMS-40370,Pre-PQ Process,Pre-PQ Process,HRDT,111-MZ-T01,26-May-09,Air,HIV test,100,0.72,"Orgenics, Ltd",EXW,2655
82498,DN-2776,Generic,CÃte dIvoire,18-Aug-12,18-Aug-12,600/200/300mg,Tablet - FDC,Yes,4754.53,From RDC,"Efavirenz/Emtricitabine/Tenofovir Disoproxil Fumarate 600/200/300mg, tablets, 30 Tabs",313.76,14880,223795.2,PMO - US,Mylan (formerly Matrix) Nashik,Efavirenz/Emtricitabine/Tenofovir Disoproxil Fumarate,15.04,N/A - From RDC,SO-41190,FPQ-8790,11-11-11,ARV,104-CI-T30,20-Aug-12,Air,Adult,30,0.5,SCMS from RDC,N/A - From RDC,1674
79757,ASN-11908,Aluvia,Vietnam,22-Sep-11,22-Sep-11,200/50mg,Tablet,Yes,8108.91,Direct Drop,"Lopinavir/Ritonavir 200/50mg [Aluvia], tablets, 120 Tabs",671.5,4951,406972.2,PMO - US,ABBVIE Ludwigshafen Germany,Lopinavir/Ritonavir,82.2,4/21/11,SCMS-106480,FPQ-7469,3/31/11,ARV,108-VN-T30,22-Sep-11,Air,Adult,120,0.68,ABBVIE LOGISTICS (FORMERLY ABBOTT LOGISTICS BV),FCA,1232
83656,DN-3016,Generic,Haiti,14-Mar-13,14-Mar-13,600/300/300mg,Tablet - FDC,Yes,30844.1,From RDC,"Efavirenz/Lamivudine/Tenofovir Disoproxil Fumarate 600/300/300mg, tablets, 30 Tabs",238.03,15890,192427.9,PMO - US,Mylan (formerly Matrix) Nashik,Efavirenz/Lamivudine/Tenofovir Disoproxil Fumarate,12.11,N/A - From RDC,SO-44420,FPQ-11281,1/16/13,ARV,106-HT-T30,23-Apr-13,Air,Adult,30,0.4,SCMS from RDC,N/A - From RDC,1807
74260,ASN-13118,Crixivan,Uganda,04-Jan-12,04-Jan-12,400mg,Capsule,Yes,286,Direct Drop,"Indinavir 400mg [Crixivan], capsules, 180 Caps",2.97,36,1800.0,PMO - US,"MSD, Haarlem, NL",Indinavir,50.0,6/14/11,SCMS-111210,FPQ-7816,06-02-11,ARV,114-UG-T30,04-Jan-12,Air,Adult,180,0.28,MERCK SHARP & DOHME IDEA GMBH (FORMALLY MERCK SHARP & DOHME B.V.),CIP,9
11225,DN-580,Generic,Rwanda,28-Jan-08,28-Jan-08,30mg,Capsule,Yes,1372.38,From RDC,"Stavudine 30mg, capsules, 60 Caps",1.35,392,842.8,PMO - US,"Aurobindo Unit III, India",Stavudine,2.15,N/A - From RDC,SO-1682,Pre-PQ Process,Pre-PQ Process,ARV,107-RW-T01,28-Jan-08,Air,Adult,60,0.04,SCMS from RDC,N/A - From RDC,29
46582,ASN-10838,Generic,Vietnam,10-Jun-11,10-Jun-11,300mg,Tablet,Yes,4890.38,Direct Drop,"Tenofovir Disoproxil Fumarate 300mg, tablets, 30 Tabs",47.89,4500,29025.0,PMO - US,"Cipla, Goa, India",Tenofovir Disoproxil Fumarate,6.45,4/29/11,SCMS-107620,FPQ-7565,4/21/11,ARV,108-VN-T30,10-Jun-11,Air,Adult,30,0.22,CIPLA LIMITED,EXW,320
86614,DN-3372,Generic,CÃte dIvoire,22-Oct-13,19-Nov-13,600/300mg,Tablet - FDC,Yes,2414.89,From RDC,"Abacavir/Lamivudine 600/300mg, scored tablets, 30 Tabs",56.86,3400,45968.0,PMO - US,Mylan (formerly Matrix) Nashik,Abacavir/Lamivudine,13.52,N/A - From RDC,SO-46300,FPQ-12712,7/30/13,ARV,104-CI-T30,04-Nov-13,Truck,Adult,30,0.45,SCMS from RDC,N/A - From RDC,247
9937,ASN-2503,Videx,South Africa,14-Aug-08,14-Aug-08,2g,Powder for oral solution,No,Freight Included in Commodity Cost,Direct Drop,"Didanosine 2g [Videx], powder for oral solution 10mg/ml, reconstitute to 200 ml",0.2,10,125.4,PMO - US,"BMS Meymac, France",Didanosine,12.54,Date Not Captured,SCMS-28830,Pre-PQ Process,Pre-PQ Process,ARV,116-ZA-T01,25-Aug-08,Truck,Pediatric,200,0.06,S. BUYS WHOLESALER,DDP,Weight Captured Separately
11597,DN-1034,Generic,Mozambique,21-Feb-09,21-Feb-09,200mg,Tablet,No,See DN-1034 (ID#:10732),From RDC,"Nevirapine 200mg, tablets, 60 Tabs",45.82,7306,23379.2,PMO - US,Hetero Unit III Hyderabad IN,Nevirapine,3.2,N/A - From RDC,SO-15080,Pre-PQ Process,Pre-PQ Process,ARV,111-MZ-T01,21-Feb-09,Air,Adult,60,0.05,SCMS from RDC,N/A - From RDC,See DN-1034 (ID#:10732)
85627,DN-1421,Invirase,Mozambique,30-Oct-09,30-Oct-09,200mg,Capsule,Yes,1139.5,From RDC,"Saquinavir 200mg [Invirase], capsules, 270 Caps",26.54,168,13540.8,PMO - US,Roche Basel,Saquinavir,80.6,N/A - From RDC,SO-33100,FPQ-4106,8/17/09,ARV,111-MZ-T30,30-Nov-09,Air,Adult,270,0.3,SCMS from RDC,N/A - From RDC,85
54770,ASN-23875,Aluvia,South Africa,13-Jan-14,13-Jan-14,200/50mg,Tablet,No,Freight Included in Commodity Cost,Direct Drop,"Lopinavir/Ritonavir 200/50mg [Aluvia], tablets, 120 Tabs",3.16,133,3075.65,PMO - US,ABBVIE Ludwigshafen Germany,Lopinavir/Ritonavir,23.13,12-02-13,SCMS-215410,FPQ-13214,11/14/13,ARV,116-ZA-T30,13-Jan-14,Truck,Adult,120,0.19,S. BUYS WHOLESALER,DDP,Weight Captured Separately
84085,DN-2193,Generic,Mozambique,23-Jun-11,23-Jun-11,30mg,Capsule,Yes,947.52,From RDC,"Stavudine 30mg, capsules, 60 Caps",1.46,630,882.0,PMO - US,"Aurobindo Unit III, India",Stavudine,1.4,N/A - From RDC,SO-39340,FPQ-7053,1/24/11,ARV,111-MZ-T30,31-May-11,Truck,Adult,60,0.02,SCMS from RDC,N/A - From RDC,485
85458,DN-3631,Generic,CÃte dIvoire,23-Apr-14,11-Jun-14,200/50mg,Tablet,Yes,27664.61,From RDC,"Lopinavir/Ritonavir 200/50mg, tablets, 120 Tabs",23.9,964,19318.56,PMO - US,Mylan (formerly Matrix) Nashik,Lopinavir/Ritonavir,20.04,N/A - From RDC,SO-45641,FPQ-12144,4/22/13,ARV,104-CI-T30,30-May-14,Truck,Adult,120,0.17,SCMS from RDC,N/A - From RDC,6705
637,ASN-2563,Generic,Vietnam,08-Oct-08,08-Oct-08,30mg,Capsule,Yes,10179.16,Direct Drop,"Stavudine 30mg, capsules, 60 Caps",97.44,42000,60900.0,PMO - US,"Aurobindo Unit III, India",Stavudine,1.45,07-03-08,SCMS-26200,Pre-PQ Process,Pre-PQ Process,ARV,108-VN-T01,08-Oct-08,Air,Adult,60,0.02,Aurobindo Pharma Limited,EXW,2600
84764,DN-2913,Generic,Zimbabwe,19-Nov-12,19-Nov-12,30/60mg,Tablet - FDC,Yes,6933.76,From RDC,"Lamivudine/Zidovudine 30/60mg, tablets, 60 Tabs",207.92,53733,148303.08,PMO - US,Mylan (formerly Matrix) Nashik,Lamivudine/Zidovudine,2.76,N/A - From RDC,SO-42200,FPQ-9907,5/15/12,ARV,103-ZW-T30,19-Nov-12,Truck,Pediatric,60,0.05,SCMS from RDC,N/A - From RDC,2232
43480,ASN-8340,Generic,South Africa,13-Dec-10,13-Dec-10,10mg/ml,Oral suspension,Yes,3444.28,Direct Drop,"Nevirapine 10mg/ml, oral suspension w/syringe, Bottle, 240 ml",129.7,19098,60158.7,PMO - US,"Aurobindo Unit III, India",Nevirapine,3.15,6/17/10,SCMS-75480,FPQ-5648,06-02-10,ARV,161-ZA-T30,13-Dec-10,Air,Pediatric,240,0.01,Aurobindo Pharma Limited,DDP,7367
85420,DN-3407,Generic,Tanzania,09-Jan-14,31-Jan-14,30/50/60mg,Chewable/dispersible tablet - FDC,Yes,10167.54,From RDC,"Lamivudine/Nevirapine/Zidovudine 30/50/60mg, dispersible tablets, 60 Tabs",240.6,50000,194500.0,PMO - US,Mylan (formerly Matrix) Nashik,Lamivudine/Nevirapine/Zidovudine,3.89,N/A - From RDC,SO-45993,FPQ-12587,07-04-13,ARV,109-TZ-T30,31-Dec-13,Truck,Pediatric,60,0.06,SCMS from RDC,N/A - From RDC,2791
29298,ASN-6341,Generic,Vietnam,01-Apr-10,01-Apr-10,300mg,Tablet,Yes,6808.99,Direct Drop,"Abacavir 300mg, tablets, 60 Tabs",30.18,800,14000.0,PMO - US,Mylan (formerly Matrix) Nashik,Abacavir,17.5,01-12-10,SCMS-62470,FPQ-4720,01-04-09,ARV,108-VN-T30,01-Apr-10,Air,Adult,60,0.29,MYLAN LABORATORIES LTD (FORMERLY MATRIX LABORATORIES),EXW,3002
85376,DN-3231,Generic,Zimbabwe,06-Aug-13,06-Aug-13,200mg,Tablet,No,See DN-3231 (ID#:84831),From RDC,"Nevirapine 200mg, tablets, 60 Tabs",28.59,10227,23113.02,PMO - US,Hetero Unit III Hyderabad IN,Nevirapine,2.26,N/A - From RDC,SO-44340,FPQ-11545,1/24/13,ARV,113-ZW-T30,31-Jul-13,Truck,Adult,60,0.04,SCMS from RDC,N/A - From RDC,See DN-3231 (ID#:84831)
47400,ASN-26283,Determine,Zimbabwe,18-Jun-14,25-Jun-14,MIssing,Test kit - Ancillary,No,See ASN-26283 (ID#:46875),Direct Drop,"Chase Buffer, Determine, 100 Tests, 2.5ml x 1 Vial",20.25,3939,19695.0,PMO - US,"Alere Medical Co., Ltd.","Chase Buffer, Determine, 100 Tests, 2.5ml x 1 Vial",5.0,02-12-14,SCMS-225830,FPQ-13669,02-03-14,HRDT,113-ZW-T30,18-Jun-14,Air,HIV test - Ancillary,1,5.0,"Orgenics, Ltd",EXW,See ASN-26283 (ID#:46875)
12519,DN-789,Generic,Uganda,10-Jul-08,10-Jul-08,30mg,Capsule,Yes,578.24,From RDC,"Stavudine 30mg, capsules, 60 Caps",1.24,500,775.0,PMO - US,"Aurobindo Unit III, India",Stavudine,1.55,N/A - From RDC,SO-2677,Pre-PQ Process,Pre-PQ Process,ARV,114-UG-T01,10-Jul-08,Air,Adult,60,0.03,SCMS from RDC,N/A - From RDC,33
11957,DN-1157,Aluvia,CÃte dIvoire,20-Mar-09,20-Mar-09,200/50mg,Tablet,Yes,Invoiced Separately,From RDC,"Lopinavir/Ritonavir 200/50mg [Aluvia], tablets, 120 Tabs",142.1,1764,72500.4,PMO - US,ABBVIE Ludwigshafen Germany,Lopinavir/Ritonavir,41.1,N/A - From RDC,SO-27010,Pre-PQ Process,Pre-PQ Process,ARV,104-CI-T01,20-Mar-09,Air,Adult,120,0.34,SCMS from RDC,N/A - From RDC,Weight Captured Separately
12230,DN-1034,Generic,Mozambique,21-Feb-09,21-Feb-09,150/30mg,Tablet - FDC,No,See DN-1034 (ID#:10732),From RDC,"Lamivudine/Stavudine 150/30mg, tablets, 60 Tabs",207.53,27150,105885.0,PMO - US,Mylan (formerly Matrix) Nashik,Lamivudine/Stavudine,3.9,N/A - From RDC,SO-15080,Pre-PQ Process,Pre-PQ Process,ARV,111-MZ-T01,21-Feb-09,Air,Adult,60,0.06,SCMS from RDC,N/A - From RDC,See DN-1034 (ID#:10732)
10682,DN-673,Generic,CÃte dIvoire,27-Mar-08,27-Mar-08,300mg,Tablet,Yes,2810.58,From RDC,"Abacavir 300mg, tablets, 60 Tabs",16.47,374,10296.22,PMO - US,"Aurobindo Unit III, India",Abacavir,27.53,N/A - From RDC,SO-1680,Pre-PQ Process,Pre-PQ Process,ARV,104-CI-T01,27-Mar-08,Air,Adult,60,0.46,SCMS from RDC,N/A - From RDC,1118
58806,ASN-5340,Generic,South Africa,07-Oct-09,07-Oct-09,600mg,Tablet,Yes,Freight Included in Commodity Cost,Direct Drop,"Efavirenz 600mg, tablets, 30 Tabs",53.76,1440,27430.13,PMO - US,"Cipla, Goa, India",Efavirenz,19.05,08-07-09,SCMS-51251,FPQ-4054,7/29/09,ARV,116-ZA-T30,07-Oct-09,Truck,Adult,30,0.64,S. BUYS WHOLESALER,DDP,Weight Captured Separately
86670,DN-3627,Generic,Mozambique,03-Jun-14,11-Jun-14,300mg,Tablet,No,See DN-3627 (ID#:83782),From RDC,"Tenofovir Disoproxil Fumarate 300mg, tablets, 30 Tabs",2.49,640,2419.2,PMO - US,Hetero Unit III Hyderabad IN,Tenofovir Disoproxil Fumarate,3.78,N/A - From RDC,SO-47084,FPQ-13123,10/21/13,ARV,111-MZ-T30,03-Jun-14,Truck,Adult,30,0.13,SCMS from RDC,N/A - From RDC,See DN-3627 (ID#:83782)
11039,DN-1199,Generic,Nigeria,08-May-09,08-May-09,150/300/200mg,Tablet - FDC,Yes,15128.37,From RDC,"Lamivudine/Nevirapine/Zidovudine 150/200/300mg, tablets, 60 Tabs",1552.71,69491,792197.4,PMO - US,"Aurobindo Unit III, India",Lamivudine/Nevirapine/Zidovudine,11.4,N/A - From RDC,SO-22524,Pre-PQ Process,Pre-PQ Process,ARV,151-NG-T01,08-May-09,Air Charter,Adult,60,0.19,SCMS from RDC,N/A - From RDC,7798
12307,DN-1377,Generic,Mozambique,17-Sep-09,17-Sep-09,150/200/30mg,Tablet - FDC,Yes,1799.88,From RDC,"Lamivudine/Nevirapine/Stavudine 150/200/30mg, tablets, 60 Tabs",1060.6,76000,541120.0,PMO - US,"Strides, Bangalore, India.",Lamivudine/Nevirapine/Stavudine,7.12,N/A - From RDC,SO-26420,Pre-PQ Process,Date Not Captured,ARV,111-MZ-T01,17-Sep-09,Truck,Adult,60,0.12,SCMS from RDC,N/A - From RDC,5597
84551,DN-1787,Generic,Nigeria,18-May-10,18-May-10,150/300mg+600mg,Tablet - FDC + co-blister,Yes,9736.1,From RDC,"Lamivudine/Zidovudine+Efavirenz 150/300mg+600mg, tablets, co-blister 60+30 Tabs",18.32,309,8497.5,PMO - US,"Aurobindo Unit III, India",Lamivudine/Zidovudine+Efavirenz,27.5,N/A - From RDC,SO-35112,FPQ-4537,11-06-09,ARV,151-NG-T30,31-May-10,Air Charter,Adult,90,0.31,SCMS from RDC,N/A - From RDC,51
48182,ASN-29497,Norvir,Haiti,10-Dec-14,10-Dec-14,100mg,Tablet,Yes,722.35,Direct Drop,"Ritonavir 100mg [Norvir], film coated tablets, 60 Tabs",1.92,272,1863.2,PMO - US,ABBVIE Ludwigshafen Germany,Ritonavir,6.85,11-05-14,SCMS-261300,FPQ-14895,9/24/14,ARV,106-HT-T30,10-Dec-14,Air,Adult,60,0.11,ABBVIE LOGISTICS (FORMERLY ABBOTT LOGISTICS BV),FCA,37
85580,DN-4200,Generic,Rwanda,20-Apr-15,20-Apr-15,20mg/ml,Oral solution,Yes,6310.4,From RDC,"Abacavir 20mg/ml, oral solution, Bottle, 240 ml",23.84,2966,20257.78,PMO - US,"Aurobindo Unit III, India",Abacavir,6.83,N/A - From RDC,SO-50711,FPQ-15622,12/22/14,ARV,107-RW-T30,06-Apr-15,Truck,Pediatric,240,0.03,SCMS from RDC,N/A - From RDC,1067
84201,DN-2919,Generic,Zambia,17-Dec-12,17-Dec-12,200mg,Tablet,Yes,25636.2,From RDC,"Nevirapine 200mg, tablets, 60 Tabs",148.19,43676,105695.92,PMO - US,"Aurobindo Unit III, India",Nevirapine,2.42,N/A - From RDC,SO-41990,FPQ-9773,4/27/12,ARV,110-ZM-T30,17-Dec-12,Truck,Adult,60,0.04,SCMS from RDC,N/A - From RDC,12561
84622,DN-2122,Generic,CÃte dIvoire,15-Mar-11,15-Mar-11,300mg,Tablet,Yes,18611.93,From RDC,"Tenofovir Disoproxil Fumarate 300mg, tablets, 30 Tabs",31.73,2240,14716.8,PMO - US,Mylan (formerly Matrix) Nashik,Tenofovir Disoproxil Fumarate,6.57,N/A - From RDC,SO-37720,FPQ-6495,10-04-10,ARV,104-CI-T30,31-Mar-11,Air,Adult,30,0.22,SCMS from RDC,N/A - From RDC,6542
83015,DN-2578,Generic,Zambia,27-Feb-12,27-Feb-12,10mg/ml,Oral suspension,Yes,5447.21,From RDC,"Nevirapine 10mg/ml, oral suspension w/syringe, Bottle, 240 ml",12.91,4013,7825.35,PMO - US,"Aurobindo Unit III, India",Nevirapine,1.95,N/A - From RDC,SO-40243,FPQ-7667,7/26/11,ARV,110-ZM-T30,30-Mar-12,Ocean,Pediatric,240,0.01,SCMS from RDC,N/A - From RDC,1487
85099,DN-1731,Generic,Nigeria,31-Mar-10,31-Mar-10,200/300mg,Tablet - FDC,Yes,Freight Included in Commodity Cost,From RDC,"Emtricitabine/Tenofovir Disoproxil Fumarate 200/300mg, tablets, 30 Tabs",886.66,35000,411250.0,PMO - US,Mylan (formerly Matrix) Nashik,Emtricitabine/Tenofovir Disoproxil Fumarate,11.75,N/A - From RDC,SO-35073,FPQ-4537,11-06-09,ARV,151-NG-T30,19-Apr-10,Air Charter,Adult,30,0.39,SCMS from RDC,N/A - From RDC,2825
3202,ASN-2800,Determine,Haiti,17-Nov-08,17-Nov-08,MIssing,Test kit,Yes,2873.56,Direct Drop,"HIV 1/2, Determine HIV Kit, without Lancets, 100 Tests",154.08,1123,78610.0,PMO - US,Inverness Japan,"HIV 1/2, Determine HIV Kit, without Lancets",70.0,5/23/08,SCMS-24060,Pre-PQ Process,Pre-PQ Process,HRDT,106-HT-T01,17-Nov-08,Air,HIV test,100,0.7,"Orgenics, Ltd",EXW,257
19014,ASN-27769,Determine,Mozambique,10-Sep-14,03-Oct-14,MIssing,Test kit,Yes,9209,Direct Drop,"HIV 1/2, Determine Complete HIV Kit, 100 Tests",260.95,3173,253840.0,PMO - US,"Alere Medical Co., Ltd.","HIV 1/2, Determine Complete HIV Kit",80.0,7/30/14,SCMS-247360,FPQ-14294,5/15/14,HRDT,111-MZ-T30,10-Sep-14,Air,HIV test,100,0.8,"Orgenics, Ltd",EXW,1287
65180,ASN-11929,Bioline,Dominican Republic,12-Sep-11,12-Sep-11,MIssing,Test kit - Ancillary,No,See ASN-11929 (ID#:61871),Direct Drop,"HIV 1/2, Bioline 3.0 Diluent, 25 Tests, Bottle x 5 ml",0.24,164,147.6,PMO - US,"Standard Diagnostics, Korea","HIV 1/2, Bioline 3.0 Diluent, 25 Tests",0.9,08-03-11,SCMS-117370,FPQ-7858,6/21/11,HRDT,105-DO-T30,12-Sep-11,Air,HIV test - Ancillary,1,0.9,"Standard Diagnostics, Inc.",EXW,See ASN-11929 (ID#:61871)
34772,ASN-11307,Generic,South Africa,02-Sep-11,02-Sep-11,150mg,Tablet,Yes,31656.61,Direct Drop,"Lamivudine 150mg, tablets, 60 Tabs",2064.89,515000,1251450.0,PMO - US,"Strides, Bangalore, India.",Lamivudine,2.43,3/28/11,SCMS-103890,FPQ-7175,03-10-11,ARV,161-ZA-T30,02-Sep-11,Ocean,Adult,60,0.04,STRIDES ARCOLAB LIMITED,DDP,23273
85194,DN-2284,Generic,Mozambique,30-Aug-11,30-Aug-11,30mg,Capsule,Yes,843.36,From RDC,"Stavudine 30mg, capsules, 60 Caps",0.97,420,588.0,PMO - US,"Aurobindo Unit III, India",Stavudine,1.4,N/A - From RDC,SO-38632,FPQ-7053,1/24/11,ARV,111-MZ-T30,31-Aug-11,Truck,Adult,60,0.02,SCMS from RDC,N/A - From RDC,36
11902,DN-776,Generic,Nigeria,03-Jun-08,03-Jun-08,10mg/ml,Oral solution,Yes,1988.9,From RDC,"Lamivudine 10mg/ml, oral solution, Bottle, 240 ml",3.07,1000,1920.0,PMO - US,"Aurobindo Unit III, India",Lamivudine,1.92,N/A - From RDC,SO-2731,Pre-PQ Process,Pre-PQ Process,ARV,112-NG-T01,03-Jun-08,Truck,Pediatric,240,0.01,SCMS from RDC,N/A - From RDC,346
21742,ASN-8827,Stat-Pak,Guyana,19-Nov-10,19-Nov-10,MIssing,Test kit,Yes,269.98,Direct Drop,"HIV 1/2, Stat-Pak HIV, Kit, 20 Tests",1.78,40,1080.0,PMO - US,Chembio Diagnostics Sys. Inc.,"HIV 1/2, Stat-Pak HIV, Kit",27.0,10/27/10,SCMS-89530,FPQ-6501,10-08-10,HRDT,102-GY-T30,19-Nov-10,Air,HIV test,20,1.35,"CHEMBIO DIAGNOSTIC SYSTEMS, INC.",EXW,14
86358,DN-2076,Generic,CÃte dIvoire,15-Dec-10,15-Dec-10,300mg,Tablet,No,See DN-2076 (ID#:85168),From RDC,"Zidovudine 300mg, tablets, 60 Tabs",100.08,6438,46417.98,PMO - US,"Aurobindo Unit III, India",Zidovudine,7.21,N/A - From RDC,SO-38130,FPQ-6144,08-03-10,ARV,104-CI-T30,15-Dec-10,Air,Adult,60,0.12,SCMS from RDC,N/A - From RDC,See DN-2076 (ID#:85168)
76442,ASN-17893,Uni-Gold,"Congo, DRC",12-Jun-13,12-Jun-13,MIssing,Test kit,Yes,1592.72,Direct Drop,"HIV 1/2, Uni-Gold HIV Kit, 20 Tests",7.32,185,5920.0,PMO - US,"Trinity Biotech, Plc","HIV 1/2, Uni-Gold HIV Kit",32.0,12-06-12,SCMS-167990,FPQ-11020,11/15/12,HRDT,102-CD-T30,12-Jun-13,Air,HIV test,20,1.6,"Trinity Biotech, Plc",EXW,64
56194,ASN-26146,Generic,Zimbabwe,14-Jun-14,16-Jun-14,300/300mg,Tablet - FDC,Yes,24936.5,Direct Drop,"Lamivudine/Tenofovir Disoproxil Fumarate 300/300mg, tablets, 30 Tabs",121.79,25811,118472.49,PMO - US,"Cipla, Kurkumbh, India",Lamivudine/Tenofovir Disoproxil Fumarate,4.59,05-12-14,SCMS-234730,FPQ-13939,04-01-14,ARV,113-ZW-T30,14-Jun-14,Air Charter,Adult,30,0.15,CIPLA LIMITED,EXW,2829
1080,ASN-5055,Zerit,South Africa,19-Aug-09,19-Aug-09,15mg,Capsule,Yes,Freight Included in Commodity Cost,Direct Drop,"Stavudine 15mg [Zerit], capsules, 60 Caps",20.9,2700,10665.0,PMO - US,"BMS Meymac, France",Stavudine,3.95,6/15/09,SCMS-41480,Pre-PQ Process,Pre-PQ Process,ARV,116-ZA-T01,19-Aug-09,Truck,Adult,60,0.07,S. BUYS WHOLESALER,DDP,Weight Captured Separately
60105,ASN-32138,Generic,South Africa,12-May-15,12-May-15,200/300mg,Tablet - FDC,No,Freight Included in Commodity Cost,Direct Drop,"Emtricitabine/Tenofovir Disoproxil Fumarate 200/300mg, tablets, 30 Tabs",0.07,3,65.49,PMO - US,"Aurobindo Unit III, India",Emtricitabine/Tenofovir Disoproxil Fumarate,21.83,05-11-15,SCMS-259075,FPQ-14942,09-11-14,ARV,116-ZA-T30,12-May-15,Truck,Adult,30,0.73,PHARMACY DIRECT,DDP,Weight Captured Separately
84000,DN-1814,Generic,Nigeria,18-May-10,18-May-10,200mg,Tablet,Yes,9736.1,From RDC,"Nevirapine 200mg, tablets, 60 Tabs",263.81,46001,122362.66,PMO - US,"Strides, Bangalore, India.",Nevirapine,2.66,N/A - From RDC,SO-36002,FPQ-4537,11-06-09,ARV,151-NG-T30,31-May-10,Air Charter,Adult,60,0.04,SCMS from RDC,N/A - From RDC,2526
82463,DN-2597,Generic,Uganda,27-Feb-12,27-Feb-12,300/300mg,Tablet - FDC,No,See DN-2597 (ID#:82462),From RDC,"Lamivudine/Tenofovir Disoproxil Fumarate 300/300mg, tablets, 30 Tabs",33.24,3900,23712.0,PMO - US,Mylan (formerly Matrix) Nashik,Lamivudine/Tenofovir Disoproxil Fumarate,6.08,N/A - From RDC,SO-41520,FPQ-9321,02-10-12,ARV,114-UG-T30,24-Apr-12,Truck,Adult,30,0.2,SCMS from RDC,N/A - From RDC,See DN-2597 (ID#:82462)
64405,ASN-27979,Generic,South Africa,27-Aug-14,27-Aug-14,300mg,Tablet,No,Freight Included in Commodity Cost,Direct Drop,"Abacavir 300mg, tablets, 60 Tabs",4.49,47,3625.9,PMO - US,"Aurobindo Unit III, India",Abacavir,77.15,8/27/14,SCMS-199283,FPQ-12522,07-11-13,ARV,116-ZA-T30,27-Aug-14,Truck,Adult,60,1.29,S. BUYS WHOLESALER,DDP,Weight Captured Separately
25824,ASN-12475,Determine,Mozambique,22-Nov-11,22-Nov-11,MIssing,Test kit,Yes,15873.44,Direct Drop,"HIV 1/2, Determine HIV Kit, without Lancets, 100 Tests",949.87,7409,575679.3,PMO - US,Inverness Japan,"HIV 1/2, Determine HIV Kit, without Lancets",77.7,8/30/11,SCMS-118370,FPQ-8116,08-04-11,HRDT,111-MZ-T30,22-Nov-11,Air,HIV test,100,0.78,"Orgenics, Ltd",EXW,1275
70912,ASN-25542,Colloidal Gold,Rwanda,28-Apr-14,28-Apr-14,MIssing,Test kit,Yes,53062.21,Direct Drop,"HIV 1/2, SKB Colloidal Gold, Diagnostic Kit, Antibody, 50 Tests",150.96,5994,146853.0,PMO - US,"KHB Test Kit Facility, Shanghai China","HIV 1/2, Colloidal Gold, Diagnostic Kit, Antibody",24.5,04-03-14,SCMS-232310,FPQ-13874,03-12-14,HRDT,107-RW-T30,28-Apr-14,Air,HIV test,1,24.5,"SHANGHAI KEHUA BIOENGINEERING CO.,LTD.  (KHB)",EXW,3996
83250,DN-3761,Generic,CÃte dIvoire,16-Jun-14,10-Jul-14,10mg/ml,Oral solution,Yes,6819.73,From RDC,"Lamivudine 10mg/ml, oral solution w/syringe, Bottle, 240 ml",6.24,4243,6067.49,PMO - US,"Aurobindo Unit III, India",Lamivudine,1.43,N/A - From RDC,SO-47133,FPQ-13142,10/22/13,ARV,104-CI-T30,16-Jun-14,Truck,Pediatric,240,0.01,SCMS from RDC,N/A - From RDC,1485
20623,ASN-29597,Generic,South Africa,28-Nov-14,28-Nov-14,300mg,Tablet,No,Freight Included in Commodity Cost,Direct Drop,"Tenofovir Disoproxil Fumarate 300mg, tablets, 30 Tabs",1.72,121,1671.82,PMO - US,Mylan (formerly Matrix) Nashik,Tenofovir Disoproxil Fumarate,13.82,11/28/14,SCMS-259071,FPQ-14942,09-11-14,ARV,116-ZA-T30,28-Nov-14,Truck,Adult,30,0.46,PHARMACY DIRECT,DDP,Weight Captured Separately
22761,ASN-27933,Generic,"Congo, DRC",10-Nov-14,13-Nov-14,200mg,Delayed-release capsules,Yes,2453.16,Direct Drop,"Didanosine 200mg, delayed-release capsules, 30 Caps",12.44,1100,12100.0,PMO - US,"Aurobindo Unit III, India",Didanosine,11.0,7/18/14,SCMS-249220,FPQ-14584,7/16/14,ARV,101-CD-T30,10-Nov-14,Air,Pediatric,30,0.37,Aurobindo Pharma Limited,EXW,95
85151,DN-2018,Generic,Zambia,12-Oct-10,12-Oct-10,150/200/30mg,Tablet - FDC,No,See DN-2018 (ID#:82352),From RDC,"Lamivudine/Nevirapine/Stavudine 150/200/30mg, tablets, 60 Tabs",738.09,59746,342344.58,PMO - US,"Strides, Bangalore, India.",Lamivudine/Nevirapine/Stavudine,5.73,N/A - From RDC,SO-36841,FPQ-5702,5/20/10,ARV,110-ZM-T30,04-Nov-10,Truck,Adult,60,0.1,SCMS from RDC,N/A - From RDC,See DN-2018 (ID#:82352)
11622,DN-1130,Truvada,Nigeria,24-Mar-09,24-Mar-09,300/200mg,Tablet - FDC,Yes,6443.61,From RDC,"Emtricitabine/Tenofovir Disoproxil Fumarate 200/300mg [Truvada], tablets, 30 Tabs",7.36,143,3753.75,PMO - US,"Aspen-OSD, Port Elizabeth, SA",Emtricitabine/Tenofovir Disoproxil Fumarate,26.25,N/A - From RDC,SO-21781,Pre-PQ Process,Pre-PQ Process,ARV,151-NG-T01,24-Mar-09,Air,Adult,30,0.88,SCMS from RDC,N/A - From RDC,14
23023,ASN-15069,Determine,Namibia,05-Jul-12,05-Jul-12,MIssing,Test kit,Yes,718.32,Direct Drop,"HIV 1/2, Determine HIV Kit, without Lancets, 100 Tests",8.17,75,5827.5,PMO - US,Inverness Japan,"HIV 1/2, Determine HIV Kit, without Lancets",77.7,05-02-12,SCMS-144310,FPQ-9698,04-12-12,HRDT,153-NA-T30,05-Jul-12,Air,HIV test,100,0.78,"Orgenics, Ltd",EXW,19
2440,ASN-3732,Viramune,South Africa,21-Jan-09,21-Jan-09,200mg,Tablet,No,Freight Included in Commodity Cost,Direct Drop,"Nevirapine 200mg [Viramune], tablets, 60 Tabs",7.91,260,4035.2,PMO - US,"Boehringer Ing., Koropi, GR",Nevirapine,15.52,Date Not Captured,SCMS-41190,Pre-PQ Process,Pre-PQ Process,ARV,116-ZA-T01,30-Mar-09,Air,Adult,60,0.26,S. BUYS WHOLESALER,DDP,Weight Captured Separately
62948,ASN-32777,Generic,Vietnam,27-Jul-15,27-Jul-15,150/300/200mg,Tablet - FDC,Yes,Invoiced Separately,Direct Drop,"Lamivudine/Nevirapine/Zidovudine 150/200/300mg, tablets, 60 Tabs",139.79,14663,118770.3,PMO - US,Mylan (formerly Matrix) Nashik,Lamivudine/Nevirapine/Zidovudine,8.1,2/17/15,SCMS-274350,FPQ-15692,1/28/15,ARV,108-VN-T30,27-Jul-15,Air,Adult,60,0.13,MYLAN LABORATORIES LTD (FORMERLY MATRIX LABORATORIES),EXW,Weight Captured Separately
57582,ASN-32776,Generic,Vietnam,27-Jul-15,27-Jul-15,150/300/200mg,Tablet - FDC,No,See ASN-32776 (ID#:40935),Direct Drop,"Lamivudine/Nevirapine/Zidovudine 150/200/300mg, tablets, 60 Tabs",61.37,6437,52139.7,PMO - US,Mylan (formerly Matrix) Nashik,Lamivudine/Nevirapine/Zidovudine,8.1,2/17/15,SCMS-274350,FPQ-15692,1/28/15,ARV,108-VN-T30,27-Jul-15,Air,Adult,60,0.13,MYLAN LABORATORIES LTD (FORMERLY MATRIX LABORATORIES),EXW,See ASN-32776 (ID#:40935)
77964,ASN-6978,Determine,Nigeria,18-Jun-10,18-Jun-10,MIssing,Test kit,Yes,21654.06,Direct Drop,"HIV 1/2, Determine Complete HIV Kit, 100 Tests",402.57,2334,186720.0,PMO - US,Inverness Japan,"HIV 1/2, Determine Complete HIV Kit",80.0,02-05-10,SCMS-64780,FPQ-4891,1/15/10,HRDT,133-NG-T30,05-May-10,Air,HIV test,100,0.8,"Orgenics, Ltd",EXW,1130
12878,DN-1182,Generic,Nigeria,30-Apr-09,30-Apr-09,200mg,Tablet,Yes,1981.1,From RDC,"Nevirapine 200mg, tablets, 60 Tabs",6.69,1067,3414.4,PMO - US,Hetero Unit III Hyderabad IN,Nevirapine,3.2,N/A - From RDC,SO-20962,Pre-PQ Process,Pre-PQ Process,ARV,112-NG-T01,30-Apr-09,Air,Adult,60,0.05,SCMS from RDC,N/A - From RDC,60
82882,DN-1818,Generic,Uganda,03-May-10,03-May-10,150/300mg,Tablet - FDC,Yes,2458.26,From RDC,"Lamivudine/Zidovudine 150/300mg, tablets, 60 Tabs",75.55,4000,35040.0,PMO - US,Hetero Unit III Hyderabad IN,Lamivudine/Zidovudine,8.76,N/A - From RDC,SO-36060,FPQ-5238,03-02-10,ARV,114-UG-T30,02-Jun-10,Air,Adult,60,0.15,SCMS from RDC,N/A - From RDC,263
84042,DN-2015,Generic,Haiti,07-Oct-10,07-Oct-10,200mg,Tablet,No,See DN-2015 (ID#:82917),From RDC,"Nevirapine 200mg, tablets, 60 Tabs",160.01,27900,74214.0,PMO - US,Hetero Unit III Hyderabad IN,Nevirapine,2.66,N/A - From RDC,SO-36741,FPQ-5523,4/19/10,ARV,106-HT-T30,30-Sep-10,Air,Adult,60,0.04,SCMS from RDC,N/A - From RDC,See DN-2015 (ID#:82917)
85819,DN-2503,Generic,Guyana,04-Feb-12,04-Feb-12,10mg/ml,Oral solution,No,See DN-2503 (ID#:83007),From RDC,"Lamivudine 10mg/ml, oral solution w/syringe, Bottle, 240 ml",0.36,140,259.0,PMO - US,"Aurobindo Unit III, India",Lamivudine,1.85,N/A - From RDC,SO-41000,FPQ-8620,10/27/11,ARV,105-GY-T30,30-Mar-12,Air,Pediatric,240,0.01,SCMS from RDC,N/A - From RDC,See DN-2503 (ID#:83007)
5268,ASN-116,Generic,Guyana,25-Dec-06,25-Dec-06,15mg,Capsule,Yes,569.52,Direct Drop,"Stavudine 15mg, capsules, 60 Caps",MIssing,602,1414.7,PMO - US,"Aurobindo Unit III, India",Stavudine,2.35,Date Not Captured,SCMS-122,Pre-PQ Process,Pre-PQ Process,ARV,105-GY-T01,25-Dec-06,Air,Adult,60,0.04,Aurobindo Pharma Limited,EXW,37
27604,ASN-30383,Determine,Rwanda,25-Feb-15,25-Feb-15,MIssing,Test kit,Yes,8806.76,Direct Drop,"HIV 1/2, Determine Complete HIV Kit, 100 Tests",94.08,1144,91520.0,PMO - US,"Alere Medical Co., Ltd.","HIV 1/2, Determine Complete HIV Kit",80.0,12/16/14,SCMS-263320,FPQ-15065,10/15/14,HRDT,107-RW-T30,25-Feb-15,Air,HIV test,100,0.8,"Orgenics, Ltd",EXW,468
4648,ASN-2719,Colloidal Gold,Ethiopia,28-Oct-08,28-Oct-08,MIssing,Test kit,Yes,44360.44,Direct Drop,"HIV 1/2, SKB Colloidal Gold, Diagnostic Kit, Antibody, 50 Tests",315.65,7002,161046.0,PMO - US,"KHB Test Kit Facility, Shanghai China","HIV 1/2, Colloidal Gold, Diagnostic Kit, Antibody",23.0,8/22/08,SCMS-28700,Pre-PQ Process,Pre-PQ Process,HRDT,117-ET-T01,30-Oct-08,Air,HIV test,1,23.0,"SHANGHAI KEHUA BIOENGINEERING CO.,LTD.  (KHB)",EXW,5057
12644,DN-66,Uni-Gold,Tanzania,13-Apr-07,13-Apr-07,MIssing,Test kit,Yes,1004.6,From RDC,"HIV 1/2, Uni-Gold HIV Kit, 20 Tests",MIssing,100,3200.0,PMO - US,"Trinity Biotech, Plc","HIV 1/2, Uni-Gold HIV Kit",32.0,N/A - From RDC,SO-395,Pre-PQ Process,Pre-PQ Process,HRDT,109-TZ-T01,13-Apr-07,Air,HIV test,20,1.6,SCMS from RDC,N/A - From RDC,66
84706,DN-2526,Generic,"Congo, DRC",22-Mar-12,22-Mar-12,150mg,Tablet,Yes,522.42,From RDC,"Lamivudine 150mg, tablets, 60 Tabs",0.08,23,53.59,PMO - US,Hetero Unit III Hyderabad IN,Lamivudine,2.33,N/A - From RDC,SO-41385,FPQ-8840,11/21/11,ARV,101-CD-T30,22-Mar-12,Air,Adult,60,0.04,SCMS from RDC,N/A - From RDC,1
86129,DN-3853,Generic,Burundi,25-Jul-14,01-Aug-14,200mg,Tablet,Yes,638.65,From RDC,"Nevirapine 200mg, tablets, 60 Tabs",1.19,525,1160.25,PMO - US,Hetero Unit III Hyderabad IN,Nevirapine,2.21,N/A - From RDC,SO-48591,FPQ-14112,4/18/14,ARV,102-BI-T30,31-Aug-14,Air,Adult,60,0.04,SCMS from RDC,N/A - From RDC,35
84674,DN-2369,Generic,CÃte dIvoire,08-Oct-11,08-Oct-11,600mg,Tablet,Yes,13956.38,From RDC,"Efavirenz 600mg, tablets, 30 Tabs",433.31,62231,262614.82,PMO - US,"Strides, Bangalore, India.",Efavirenz,4.22,N/A - From RDC,SO-40123,FPQ-7659,05-03-11,ARV,104-CI-T30,14-Oct-11,Air,Adult,30,0.14,SCMS from RDC,N/A - From RDC,3789
85888,DN-2795,Generic,CÃte dIvoire,30-Aug-12,30-Aug-12,300mg,Tablet,Yes,3028.66,From RDC,"Zidovudine 300mg, tablets, 60 Tabs",85.3,9000,60840.0,PMO - US,"Aurobindo Unit III, India",Zidovudine,6.76,N/A - From RDC,SO-42920,FPQ-10324,07-11-12,ARV,104-CI-T30,21-Aug-12,Air,Adult,60,0.11,SCMS from RDC,N/A - From RDC,486
73782,ASN-32682,Generic,Haiti,13-Aug-15,14-Aug-15,150/300mg,Tablet - FDC,No,See ASN-32682 (ID#:38510),Direct Drop,"Lamivudine/Zidovudine 150/300mg, tablets, 60 Tabs",511.61,65760,434673.6,PMO - US,"Hetero, Jadcherla, unit 5, IN",Lamivudine/Zidovudine,6.61,5/27/15,SCMS-288890,FPQ-16241,05-05-15,ARV,106-HT-T30,13-Aug-15,Ocean,Adult,60,0.11,HETERO LABS LIMITED,EXW,See ASN-32682 (ID#:38510)
4593,ASN-2448,Determine,Zambia,22-Sep-08,22-Sep-08,MIssing,Test kit,No,See ASN-2448 (ID#:1939),Direct Drop,"HIV 1/2, Determine HIV Kit, without Lancets, 100 Tests",345.55,3000,215970.0,PMO - US,Inverness Japan,"HIV 1/2, Determine HIV Kit, without Lancets",71.99,8/21/08,SCMS-27010,Pre-PQ Process,Pre-PQ Process,HRDT,110-ZM-T01,22-Sep-08,Air,HIV test,100,0.72,"Orgenics, Ltd",EXW,See ASN-2448 (ID#:1939)
84794,DN-3015,Generic,Haiti,14-Mar-13,14-Mar-13,30/60mg,Tablet - FDC,No,See DN-3015 (ID#:82554),From RDC,"Lamivudine/Zidovudine 30/60mg, tablets, 60 Tabs",20.67,7392,16705.92,PMO - US,"Aurobindo Unit III, India",Lamivudine/Zidovudine,2.26,N/A - From RDC,SO-44400,FPQ-11281,1/16/13,ARV,106-HT-T30,09-Apr-13,Air,Pediatric,60,0.04,SCMS from RDC,N/A - From RDC,See DN-3015 (ID#:82554)
86599,DN-3303,Generic,Mozambique,12-Oct-13,27-Nov-13,300mg,Tablet,Yes,504.5,From RDC,"Tenofovir Disoproxil Fumarate 300mg, tablets, 30 Tabs",3.6,720,2908.8,PMO - US,Mylan (formerly Matrix) Nashik,Tenofovir Disoproxil Fumarate,4.04,N/A - From RDC,SO-45891,FPQ-12416,6/28/13,ARV,111-MZ-T30,29-Nov-13,Truck,Adult,30,0.13,SCMS from RDC,N/A - From RDC,52
80872,ASN-25596,Bioline,CÃte dIvoire,30-Apr-14,02-May-14,MIssing,Test kit,Yes,5463.16,Direct Drop,"HIV 1/2, Bioline 3.0 Kit, Lancets, Capillary pipets, Alcohol swabs included, 25 Tests",35.5,1400,28700.0,PMO - US,"Standard Diagnostics, Korea","HIV 1/2, Bioline 3.0 Kit, Lancets, Capillary pipets, Alcohol swabs included",20.5,8/15/13,SCMS-201212,FPQ-12622,7/16/13,HRDT,104-CI-T30,30-Apr-14,Air,HIV test,25,0.82,"Standard Diagnostics, Inc.",EXW,469
12604,DN-1380,Generic,Mozambique,17-Sep-09,17-Sep-09,150/200/30mg,Tablet - FDC,No,See DN-1380 (ID#:12000),From RDC,"Lamivudine/Nevirapine/Stavudine 150/200/30mg, tablets, 60 Tabs",586.12,42000,299040.0,PMO - US,"Strides, Bangalore, India.",Lamivudine/Nevirapine/Stavudine,7.12,N/A - From RDC,SO-32530,Pre-PQ Process,Date Not Captured,ARV,111-MZ-T01,17-Sep-09,Truck,Adult,60,0.12,SCMS from RDC,N/A - From RDC,See DN-1380 (ID#:12000)
42179,ASN-27980,Generic,South Africa,27-Aug-14,27-Aug-14,200mg,Tablet,No,Freight Included in Commodity Cost,Direct Drop,"Nevirapine 200mg, tablets, 60 Tabs",0.54,22,433.8,PMO - US,"Aurobindo Unit III, India",Nevirapine,19.72,8/27/14,SCMS-199283,FPQ-12522,07-11-13,ARV,116-ZA-T30,27-Aug-14,Truck,Adult,60,0.33,S. BUYS WHOLESALER,DDP,Weight Captured Separately
25796,ASN-22072,Generic,Vietnam,27-Nov-13,27-Nov-13,150/300mg,Tablet - FDC,Yes,3225.12,Direct Drop,"Lamivudine/Zidovudine 150/300mg, tablets, 60 Tabs",192.57,23063,155675.25,PMO - US,Mylan (formerly Matrix) Nashik,Lamivudine/Zidovudine,6.75,5/15/13,SCMS-188660,FPQ-12051,05-03-13,ARV,108-VN-T30,27-Nov-13,Air,Adult,60,0.11,MYLAN LABORATORIES LTD (FORMERLY MATRIX LABORATORIES),EXW,1984
14230,ASN-18319,Kaletra,Rwanda,17-May-13,17-May-13,80/20mg/ml,Oral solution,Yes,7152.99,Direct Drop,"Lopinavir/Ritonavir 80/20mg/ml [Kaletra], oral solution, cool, Bottle 5 x 60 ml",15.25,400,12328.0,PMO - US,ABBVIE (Abbott) Logis. UK,Lopinavir/Ritonavir,30.82,02-06-13,SCMS-176980,FPQ-11585,02-03-13,ARV,107-RW-T30,17-May-13,Air,Pediatric,300,0.1,ABBVIE LOGISTICS (FORMERLY ABBOTT LOGISTICS BV),FCA,454
3009,ASN-1381,Determine,Nigeria,10-Mar-08,10-Mar-08,MIssing,Test kit,Yes,12770.05,Direct Drop,"HIV 1/2, Determine HIV Kit, without Lancets, 100 Tests",383.95,3000,239970.0,PMO - US,Inverness Japan,"HIV 1/2, Determine HIV Kit, without Lancets",79.99,1/29/08,SCMS-16900,Pre-PQ Process,Pre-PQ Process,HRDT,102-NG-T01,12-Mar-08,Air,HIV test,100,0.8,"Orgenics, Ltd",EXW,861
38573,ASN-7428,Norvir,South Africa,11-Jun-10,11-Jun-10,100mg,Capsule,No,Freight Included in Commodity Cost,Direct Drop,"Ritonavir 100mg [Norvir], capsules, cool, 84 Caps",0.71,30,330.11,PMO - US,ABBVIE (Abbott) Logis. UK,Ritonavir,11.0,4/21/10,SCMS-71490,FPQ-5535,4/19/10,ARV,116-ZA-T30,11-Jun-10,Truck,Adult,84,0.13,S. BUYS WHOLESALER,DDP,Weight Captured Separately
30615,ASN-13034,Determine,Zambia,20-Dec-11,20-Dec-11,MIssing,Test kit,Yes,22650.58,Direct Drop,"HIV 1/2, Determine Complete HIV Kit, 100 Tests",343.73,2604,208320.0,PMO - US,"Alere Medical Co., Ltd.","HIV 1/2, Determine Complete HIV Kit",80.0,9/22/11,SCMS-120570,FPQ-8315,8/31/11,HRDT,110-ZM-T30,20-Dec-11,Air,HIV test,100,0.8,"Orgenics, Ltd",EXW,1239
82062,ASN-23875,Generic,South Africa,13-Jan-14,13-Jan-14,300mg,Tablet,No,Freight Included in Commodity Cost,Direct Drop,"Abacavir 300mg, tablets, 60 Tabs",0.2,3,193.74,PMO - US,"Aurobindo Unit III, India",Abacavir,64.58,12-02-13,SCMS-215410,FPQ-13214,11/14/13,ARV,116-ZA-T30,13-Jan-14,Truck,Adult,60,1.08,S. BUYS WHOLESALER,DDP,Weight Captured Separately
86355,DN-2065,Generic,Dominican Republic,08-Dec-10,08-Dec-10,150/300mg,Tablet - FDC,No,See DN-2065 (ID#:82360),From RDC,"Lamivudine/Zidovudine 150/300mg, tablets, 60 Tabs",225.72,16000,136800.0,PMO - US,"Aurobindo Unit III, India",Lamivudine/Zidovudine,8.55,N/A - From RDC,SO-38020,FPQ-6616,10/25/10,ARV,200-DO-T30,31-Jan-11,Air,Adult,60,0.14,SCMS from RDC,N/A - From RDC,See DN-2065 (ID#:82360)
82460,DN-2582,Generic,Nigeria,16-Feb-12,16-Feb-12,200/300mg,Tablet - FDC,No,See DN-2582 (ID#:82459),From RDC,"Emtricitabine/Tenofovir Disoproxil Fumarate 200/300mg, tablets, 30 Tabs",628.8,50000,448500.0,PMO - US,Mylan (formerly Matrix) Nashik,Emtricitabine/Tenofovir Disoproxil Fumarate,8.97,N/A - From RDC,SO-41268,FPQ-8952,12-08-11,ARV,151-NG-T30,20-Jun-12,Air Charter,Adult,30,0.3,SCMS from RDC,N/A - From RDC,See DN-2582 (ID#:82459)
84152,DN-2581,Generic,South Sudan,08-Mar-12,08-Mar-12,150mg,Tablet,No,See DN-2581 (ID#:82457),From RDC,"Lamivudine 150mg, tablets, 60 Tabs",0.65,200,466.0,PMO - US,Macleods Daman Plant INDIA,Lamivudine,2.33,N/A - From RDC,SO-41080,FPQ-8624,11-04-11,ARV,900-SS-T30,21-Mar-12,Air,Adult,60,0.04,SCMS from RDC,N/A - From RDC,See DN-2581 (ID#:82457)
51690,ASN-14321,Generic,Vietnam,16-Apr-12,16-Apr-12,300mg,Tablet,No,See ASN-14321 (ID#:18629),Direct Drop,"Tenofovir Disoproxil Fumarate 300mg, tablets, 30 Tabs",64.85,7146,39303.0,PMO - US,Mylan (formerly Matrix) Nashik,Tenofovir Disoproxil Fumarate,5.5,10-03-11,SCMS-123540,FPQ-8428,9/21/11,ARV,108-VN-T30,16-Apr-12,Air,Adult,30,0.18,MYLAN LABORATORIES LTD (FORMERLY MATRIX LABORATORIES),EXW,See ASN-14321 (ID#:18629)
78152,ASN-14757,Generic,Vietnam,15-May-12,15-May-12,600/300/300mg,Tablet - FDC,No,See ASN-14757 (ID#:30618),Direct Drop,"Efavirenz/Lamivudine/Tenofovir Disoproxil Fumarate 600/300/300mg, tablets, 30 Tabs",545.76,27608,389272.8,PMO - US,Mylan (formerly Matrix) Nashik,Efavirenz/Lamivudine/Tenofovir Disoproxil Fumarate,14.1,1/16/12,SCMS-131700,FPQ-9001,12/15/11,ARV,108-VN-T30,15-May-12,Air,Adult,30,0.47,MYLAN LABORATORIES LTD (FORMERLY MATRIX LABORATORIES),EXW,See ASN-14757 (ID#:30618)
31116,ASN-11408,Generic,Vietnam,27-Jul-11,27-Jul-11,150/300/200mg,Tablet - FDC,Yes,13880.57,Direct Drop,"Lamivudine/Nevirapine/Zidovudine 150/200/300mg, tablets, 60 Tabs",334.07,18406,202466.0,PMO - US,Mylan (formerly Matrix) Nashik,Lamivudine/Nevirapine/Zidovudine,11.0,2/15/11,SCMS-97853,FPQ-6818,1/17/11,ARV,108-VN-T30,27-Jul-11,Air,Adult,60,0.18,MYLAN LABORATORIES LTD (FORMERLY MATRIX LABORATORIES),EXW,2571
86543,DN-2986,Generic,Uganda,25-Feb-13,25-Feb-13,300mg,Tablet,No,See DN-2986 (ID#:85927),From RDC,"Zidovudine 300mg, tablets, 60 Tabs",18.81,2250,15210.0,PMO - US,"Cipla, Goa, India",Zidovudine,6.76,N/A - From RDC,SO-43930,FPQ-11143,12/13/12,ARV,114-UG-T30,22-Feb-13,Air,Adult,60,0.11,SCMS from RDC,N/A - From RDC,See DN-2986 (ID#:85927)
34781,ASN-11436,Generic,South Africa,15-Sep-11,15-Sep-11,300mg,Tablet,Yes,10748.74,Direct Drop,"Tenofovir Disoproxil Fumarate 300mg, tablets, 30 Tabs",595.2,54245,360729.25,PMO - US,"Aurobindo Unit III, India",Tenofovir Disoproxil Fumarate,6.65,12/14/10,SCMS-93560,FPQ-6708,11/26/10,ARV,161-ZA-T30,15-Sep-11,Ocean,Adult,30,0.22,Aurobindo Pharma Limited,DDP,5063
1628,ASN-1619,Uni-Gold,Zambia,14-May-08,14-May-08,MIssing,Test kit,Yes,24689,Direct Drop,"HIV 1/2, Uni-Gold HIV Kit, 20 Tests",309.25,6040,193280.0,PMO - US,"Trinity Biotech, Plc","HIV 1/2, Uni-Gold HIV Kit",32.0,2/25/08,SCMS-18030,Pre-PQ Process,Pre-PQ Process,HRDT,110-ZM-T01,14-May-08,Air,HIV test,20,1.6,"Trinity Biotech, Plc",EXW,2052
20371,ASN-16123,Generic,Vietnam,09-Oct-12,09-Oct-12,30/50/60mg,Chewable/dispersible tablet - FDC,Yes,11252.53,Direct Drop,"Lamivudine/Nevirapine/Zidovudine 30/50/60mg, dispersible tablets, 60 Tabs",7.58,1302,5403.3,PMO - US,Mylan (formerly Matrix) Nashik,Lamivudine/Nevirapine/Zidovudine,4.15,06-12-12,SCMS-145530,FPQ-9577,04-11-12,ARV,108-VN-T30,09-Oct-12,Air,Pediatric,60,0.07,MYLAN LABORATORIES LTD (FORMERLY MATRIX LABORATORIES),EXW,4587
61737,ASN-29376,Generic,Vietnam,17-Dec-14,17-Dec-14,600/300/300mg,Tablet - FDC,No,See ASN-29376 (ID#:13766),Direct Drop,"Efavirenz/Lamivudine/Tenofovir Disoproxil Fumarate 600/300/300mg, tablets, 30 Tabs",128.49,11904,124992.0,PMO - US,Hetero Unit III Hyderabad IN,Efavirenz/Lamivudine/Tenofovir Disoproxil Fumarate,10.5,08-11-14,SCMS-249050,FPQ-14516,07-09-14,ARV,108-VN-T30,17-Dec-14,Air,Adult,30,0.35,HETERO LABS LIMITED,EXW,See ASN-29376 (ID#:13766)
42094,ASN-24415,Generic,South Africa,06-Feb-14,06-Feb-14,30mg,Capsule,No,Freight Included in Commodity Cost,Direct Drop,"Stavudine 30mg, capsules, 60 Caps",4.71,1022,3808.14,PMO - US,"Aurobindo Unit III, India",Stavudine,3.73,12-02-13,SCMS-215370,FPQ-13035,10-08-13,ARV,116-ZA-T30,06-Feb-14,Truck,Adult,60,0.06,S. BUYS WHOLESALER,DDP,Weight Captured Separately
86781,DN-4151,Generic,Uganda,12-Mar-15,17-Mar-15,30/50/60mg,Chewable/dispersible tablet - FDC,No,See DN-4151 (ID#:83891),From RDC,"Lamivudine/Nevirapine/Zidovudine 30/50/60mg, dispersible tablets, 60 Tabs",1.01,273,982.8,PMO - US,"Strides, Bangalore, India.",Lamivudine/Nevirapine/Zidovudine,3.6,N/A - From RDC,SO-49010,FPQ-14396,06-04-14,ARV,114-UG-T30,16-Mar-15,Truck,Pediatric,60,0.06,SCMS from RDC,N/A - From RDC,See DN-4151 (ID#:83891)
20319,ASN-26572,Determine,Zambia,12-Sep-14,17-Sep-14,MIssing,Test kit,Yes,30885.26,Direct Drop,"HIV 1/2, Determine Complete HIV Kit, 100 Tests",493.44,6000,480000.0,PMO - US,"Alere Medical Co., Ltd.","HIV 1/2, Determine Complete HIV Kit",80.0,5/20/14,SCMS-239740,FPQ-14236,05-02-14,HRDT,110-ZM-T30,12-Sep-14,Air,HIV test,100,0.8,"Orgenics, Ltd",EXW,2439
13379,ASN-17939,Generic,Malawi,21-Jun-13,21-Jun-13,600/300/300mg,Tablet - FDC,Yes,24875.46,Direct Drop,"Efavirenz/Lamivudine/Tenofovir Disoproxil Fumarate 600/300/300mg, tablets, 30 Tabs",3465.16,243800,2801262.0,PMO - US,Mylan (formerly Matrix) Nashik,Efavirenz/Lamivudine/Tenofovir Disoproxil Fumarate,11.49,10/31/12,SCMS-163880,FPQ-10790,10/17/12,ARV,103-MW-T30,21-Jun-13,Ocean,Adult,30,0.38,MYLAN LABORATORIES LTD (FORMERLY MATRIX LABORATORIES),EXW,27549
11196,DN-606,Generic,Zambia,20-Feb-08,20-Feb-08,200mg,Capsule,Yes,919.66,From RDC,"Efavirenz 200mg, capsule, 90 Caps",23.04,900,14400.0,PMO - US,"Aurobindo Unit III, India",Efavirenz,16.0,N/A - From RDC,SO-1419,Pre-PQ Process,Pre-PQ Process,ARV,110-ZM-T01,20-Feb-08,Air,Pediatric,90,0.18,SCMS from RDC,N/A - From RDC,109
11141,DN-274,Generic,CÃte dIvoire,14-Aug-07,14-Aug-07,150/200/30mg,Tablet - FDC,Yes,8258,From RDC,"Lamivudine/Nevirapine/Stavudine 150/200/30mg, tablets, 60 Tabs",389.23,32436,243270.0,PMO - US,"Cipla, Goa, India",Lamivudine/Nevirapine/Stavudine,7.5,N/A - From RDC,SO-817,Pre-PQ Process,Pre-PQ Process,ARV,104-CI-T01,14-Aug-07,MIssing,Adult,60,0.12,SCMS from RDC,N/A - From RDC,3203
85010,DN-4103,Generic,Uganda,30-Jan-15,02-Feb-15,30/60mg,Chewable/dispersible tablet - FDC,Yes,2055.25,From RDC,"Lamivudine/Zidovudine 30/60mg, dispersible tablets, 60 Tabs",14.05,6000,11940.0,PMO - US,"Cipla, Goa, India",Lamivudine/Zidovudine,1.99,N/A - From RDC,SO-50060,FPQ-15294,11-03-14,ARV,114-UG-T30,16-Feb-15,Truck,Pediatric,60,0.03,SCMS from RDC,N/A - From RDC,404
48994,ASN-28248,Generic,Vietnam,03-Nov-14,03-Nov-14,150/300/200mg,Tablet - FDC,Yes,6717.79,Direct Drop,"Lamivudine/Nevirapine/Zidovudine 150/200/300mg, tablets, 60 Tabs",166.54,20000,162000.0,PMO - US,Mylan (formerly Matrix) Nashik,Lamivudine/Nevirapine/Zidovudine,8.1,4/30/14,SCMS-236110,FPQ-13976,04-08-14,ARV,108-VN-T30,03-Nov-14,Air,Adult,60,0.13,MYLAN LABORATORIES LTD (FORMERLY MATRIX LABORATORIES),EXW,4168
28617,ASN-12957,Determine,CÃte dIvoire,14-Dec-11,14-Dec-11,MIssing,Test kit,Yes,13740.74,Direct Drop,"HIV 1/2, Determine Complete HIV Kit, 100 Tests",182.69,1384,110720.0,PMO - US,"Alere Medical Co., Ltd.","HIV 1/2, Determine Complete HIV Kit",80.0,10-05-11,SCMS-124120,FPQ-8209,08-11-11,HRDT,104-CI-T30,14-Dec-11,Air,HIV test,100,0.8,"Orgenics, Ltd",EXW,661
68494,ASN-6062,Generic,Vietnam,13-Mar-10,13-Mar-10,600mg,Tablet,Yes,11884.14,Direct Drop,"Efavirenz 600mg, tablets, 30 Tabs",244,19152,124488.0,PMO - US,Mylan (formerly Matrix) Nashik,Efavirenz,6.5,11-03-09,SCMS-56330,FPQ-4265,10/20/09,ARV,108-VN-T30,13-Mar-10,Air,Adult,30,0.22,MYLAN LABORATORIES LTD (FORMERLY MATRIX LABORATORIES),EXW,1503
49829,ASN-21813,Determine,Burundi,18-Nov-13,18-Nov-13,MIssing,Test kit,Yes,20572.96,Direct Drop,"HIV 1/2, Determine Complete HIV Kit, 100 Tests",276.69,2796,223680.0,PMO - US,"Alere Medical Co., Ltd.","HIV 1/2, Determine Complete HIV Kit",80.0,7/31/13,SCMS-199590,FPQ-12580,07-09-13,HRDT,102-BI-T30,18-Nov-13,Air,HIV test,100,0.8,"Orgenics, Ltd",EXW,1133
85020,DN-4170,Generic,Nigeria,10-Mar-15,17-Mar-15,150/300mg,Tablet - FDC,Yes,43055.82,From RDC,"Lamivudine/Zidovudine 150/300mg, tablets, 60 Tabs",344.72,51431,335330.12,PMO - US,Hetero Unit III Hyderabad IN,Lamivudine/Zidovudine,6.52,N/A - From RDC,SO-51030,FPQ-14156,4/25/14,ARV,151-NG-T30,02-Mar-15,Air Charter,Adult,60,0.11,SCMS from RDC,N/A - From RDC,19196
83498,DN-2179,Generic,Zimbabwe,20-May-11,20-May-11,60/12mg,Chewable/dispersible tablet - FDC,No,See DN-2179 (ID#:82946),From RDC,"Lamivudine/Stavudine 60/12mg, dispersible tablets, 60 Tabs",35.23,4952,16341.6,PMO - US,"Cipla, Goa, India",Lamivudine/Stavudine,3.3,N/A - From RDC,SO-39280,FPQ-6483,10/13/10,ARV,200-ZW-T30,04-Apr-11,Truck,Pediatric,60,0.06,SCMS from RDC,N/A - From RDC,See DN-2179 (ID#:82946)
84700,DN-2498,Generic,"Congo, DRC",14-Feb-12,14-Feb-12,200/50mg,Tablet,No,See DN-2498 (ID#:83002),From RDC,"Lopinavir/Ritonavir 200/50mg, tablets, 120 Tabs",0.43,9,303.66,PMO - US,"Aurobindo Unit III, India",Lopinavir/Ritonavir,33.74,N/A - From RDC,SO-41136,FPQ-8840,11/21/11,ARV,101-CD-T30,16-Mar-12,Air,Adult,120,0.28,SCMS from RDC,N/A - From RDC,See DN-2498 (ID#:83002)
68,ASN-285,Videx,Zimbabwe,19-Mar-07,19-Mar-07,200mg,Tablet,Yes,Freight Included in Commodity Cost,Direct Drop,"#102198**Didanosine 200mg [Videx], tablets, 60 Tabs",MIssing,579,14764.5,PMO - US,"BMS Meymac, France",Didanosine,25.5,01-10-07,SCMS-308,Pre-PQ Process,Pre-PQ Process,ARV,113-ZW-T01,19-Mar-07,Air,Pediatric,60,0.42,BRISTOL-MYERS SQUIBB,CIP,Weight Captured Separately
84927,DN-3692,Aluvia,CÃte dIvoire,16-May-14,30-Jun-14,200/50mg,Tablet,Yes,44448.75,From RDC,"Lopinavir/Ritonavir 200/50mg [Aluvia], tablets, 120 Tabs",1262.48,54000,1020600.0,PMO - US,ABBVIE Ludwigshafen Germany,Lopinavir/Ritonavir,18.9,N/A - From RDC,SO-46390,FPQ-12800,08-09-13,ARV,104-CI-T30,30-Jun-14,Truck,Adult,120,0.16,SCMS from RDC,N/A - From RDC,11971
85389,DN-3234,Generic,Burundi,23-Aug-13,23-Aug-13,10mg/ml,Oral solution,No,See DN-3234 (ID#:85388),From RDC,"Zidovudine 10mg/ml, oral solution w/syringe, Bottle, 240 ml",3.84,1480,3108.0,PMO - US,"Aurobindo Unit III, India",Zidovudine,2.1,N/A - From RDC,SO-45180,FPQ-12065,4/22/13,ARV,102-BI-T30,09-Jul-13,Air,Pediatric,240,0.01,SCMS from RDC,N/A - From RDC,See DN-3234 (ID#:85388)
54676,ASN-7101,Generic,South Africa,11-Jun-10,11-Jun-10,150mg,Tablet,Yes,4116.81,Direct Drop,"Lamivudine 150mg, tablets, 60 Tabs",366.12,67120,169813.6,PMO - US,"Aurobindo Unit III, India",Lamivudine,2.53,3/19/10,SCMS-68950,FPQ-5303,3/18/10,ARV,161-ZA-T30,11-Jun-10,Air,Adult,60,0.04,Aurobindo Pharma Limited,DDP,3230
59244,ASN-26454,Generic,Haiti,14-Jul-14,16-Jul-14,50mg,Chewable/dispersible tablet,No,See ASN-26454 (ID#:15994),Direct Drop,"Nevirapine 50mg, dispersible tablets (tablets for oral suspension), 30 Tabs",0.51,400,500.0,PMO - US,"Aurobindo Unit III, India",Nevirapine,1.25,4/29/14,SCMS-233940,FPQ-13797,3/20/14,ARV,106-HT-T30,14-Jul-14,Air,Pediatric,30,0.04,Aurobindo Pharma Limited,EXW,See ASN-26454 (ID#:15994)
83103,DN-2985,Generic,Mozambique,22-Mar-13,22-Mar-13,150/300/200mg,Tablet - FDC,Yes,7733.77,From RDC,"Lamivudine/Nevirapine/Zidovudine 150/200/300mg, tablets, 60 Tabs",2297.99,182729,1639079.13,PMO - US,Hetero Unit III Hyderabad IN,Lamivudine/Nevirapine/Zidovudine,8.97,N/A - From RDC,SO-42871,FPQ-10211,6/28/12,ARV,111-MZ-T30,22-Mar-13,Truck,Adult,60,0.15,SCMS from RDC,N/A - From RDC,25666
81535,ASN-25828,Colloidal Gold,Haiti,23-Jun-14,01-Jul-14,MIssing,Test kit,Yes,2836.14,Direct Drop,"HIV 1/2, SKB Colloidal Gold, Diagnostic Kit, Antibody, 50 Tests",8.82,350,8575.0,PMO - US,"KHB Test Kit Facility, Shanghai China","HIV 1/2, Colloidal Gold, Diagnostic Kit, Antibody",24.5,2/19/14,SCMS-225421,FPQ-13494,1/21/14,HRDT,106-HT-T30,23-Jun-14,Air,HIV test,1,24.5,"SHANGHAI KEHUA BIOENGINEERING CO.,LTD.  (KHB)",EXW,240
38237,ASN-15475,Determine,Zimbabwe,23-Jul-12,23-Jul-12,MIssing,Test kit,Yes,40520.83,Direct Drop,"HIV 1/2, Determine Complete HIV Kit, 100 Tests",568.79,4309,344720.0,PMO - US,Inverness Japan,"HIV 1/2, Determine Complete HIV Kit",80.0,05-05-11,SCMS-108010,FPQ-7521,04-07-11,HRDT,113-ZW-T30,23-Jul-12,Air,HIV test,100,0.8,"Orgenics, Ltd",EXW,2124
12542,DN-1093,Generic,Uganda,03-Mar-09,03-Mar-09,150/300/200mg,Tablet - FDC,Yes,1002.2,From RDC,"Lamivudine/Nevirapine/Zidovudine 150/200/300mg, tablets, 60 Tabs",2.04,88,1038.4,PMO - US,"Aurobindo Unit III, India",Lamivudine/Nevirapine/Zidovudine,11.8,N/A - From RDC,SO-17752,Pre-PQ Process,Pre-PQ Process,ARV,114-UG-T01,03-Mar-09,Air,Adult,60,0.2,SCMS from RDC,N/A - From RDC,10
71167,ASN-23375,Kaletra,Nigeria,10-Jan-14,10-Jan-14,80/20mg/ml,Oral solution,Yes,17654.94,Direct Drop,"Lopinavir/Ritonavir 80/20mg/ml [Kaletra], oral solution, cool, Bottle 5 x 60 ml",74.08,1943,59883.26,PMO - US,ABBVIE (Abbott) Logis. UK,Lopinavir/Ritonavir,30.82,9/17/13,SCMS-207130,FPQ-12803,8/13/13,ARV,151-NG-T30,10-Jan-14,Air,Pediatric,300,0.1,ABBVIE LOGISTICS (FORMERLY ABBOTT LOGISTICS BV),FCA,1848
58450,ASN-33472,Isentress,South Africa,24-Jul-15,24-Jul-15,400mg,Tablet,No,Freight Included in Commodity Cost,Direct Drop,"Raltegravir 400mg [Isentress], tablets, 60 Tabs",0.41,6,394.51,PMO - US,"MSD, Haarlem, NL",Raltegravir,65.75,10-09-14,SCMS-259078,FPQ-14942,09-11-14,ARV,116-ZA-T30,24-Jul-15,Truck,Adult,60,1.1,PHARMACY DIRECT,DDP,Weight Captured Separately
11653,DN-1280,Generic,Haiti,18-Jun-09,18-Jun-09,15mg,Capsule,No,See DN-1280 (ID#:10776),From RDC,"Stavudine 15mg, capsules, 60 Caps",0.11,36,54.0,PMO - US,"Aurobindo Unit III, India",Stavudine,1.5,N/A - From RDC,SO-24850,Pre-PQ Process,Pre-PQ Process,ARV,106-HT-T01,18-Jun-09,Air,Adult,60,0.02,SCMS from RDC,N/A - From RDC,See DN-1280 (ID#:10776)
67203,ASN-30671,Generic,South Africa,12-Feb-15,12-Feb-15,20mg/ml,Oral solution,No,Freight Included in Commodity Cost,Direct Drop,"Abacavir 20mg/ml, oral solution, Bottle, 240 ml",0.42,23,407.34,PMO - US,"Aurobindo Unit III, India",Abacavir,17.71,02-12-15,SCMS-259073,FPQ-14942,09-11-14,ARV,116-ZA-T30,12-Feb-15,Truck,Pediatric,240,0.07,PHARMACY DIRECT,DDP,Weight Captured Separately
66992,ASN-6085,Stat-Pak,Guyana,04-Mar-10,04-Mar-10,MIssing,Test kit,Yes,386.16,Direct Drop,"HIV 1/2, Stat-Pak HIV, Kit, 20 Tests",1.16,20,540.0,PMO - US,Chembio Diagnostics Sys. Inc.,"HIV 1/2, Stat-Pak HIV, Kit",27.0,02-04-10,SCMS-63880,FPQ-4871,01-11-10,HRDT,102-GY-T30,04-Mar-10,Air,HIV test,20,1.35,"CHEMBIO DIAGNOSTIC SYSTEMS, INC.",EXW,11
86326,DN-1982,Truvada,CÃte dIvoire,23-Aug-10,23-Aug-10,300/200mg,Tablet - FDC,No,See DN-1982 (ID#:82910),From RDC,"Emtricitabine/Tenofovir Disoproxil Fumarate 200/300mg [Truvada], tablets, 30 Tabs",230.91,4080,107100.0,PMO - US,"Aspen-OSD, Port Elizabeth, SA",Emtricitabine/Tenofovir Disoproxil Fumarate,26.25,N/A - From RDC,SO-36311,FPQ-5201,03-03-10,ARV,104-CI-T30,23-Aug-10,Air,Adult,30,0.88,SCMS from RDC,N/A - From RDC,See DN-1982 (ID#:82910)
11695,DN-1496,Generic,Zambia,29-Oct-09,29-Oct-09,150/300mg,Tablet - FDC,Yes,4897.42,From RDC,"Lamivudine/Zidovudine 150/300mg, tablets, 60 Tabs",590.02,31240,273662.4,PMO - US,"Aurobindo Unit III, India",Lamivudine/Zidovudine,8.76,N/A - From RDC,SO-33620,Pre-PQ Process,Date Not Captured,ARV,110-ZM-T01,29-Oct-09,Truck,Adult,60,0.15,SCMS from RDC,N/A - From RDC,2832
12814,DN-977,Generic,Zambia,07-Nov-08,07-Nov-08,150/300mg,Tablet - FDC,Yes,2938.92,From RDC,"Lamivudine/Zidovudine 150/300mg, tablets, 60 Tabs",926.1,50000,472500.0,PMO - US,"Aurobindo Unit III, India",Lamivudine/Zidovudine,9.45,N/A - From RDC,SO-2487,Pre-PQ Process,Pre-PQ Process,ARV,110-ZM-T01,07-Nov-08,Truck,Adult,60,0.16,SCMS from RDC,N/A - From RDC,4585
11672,DN-1382,Generic,Zambia,17-Aug-09,17-Aug-09,300mg,Tablet,No,See DN-1382 (ID#:10788),From RDC,"Abacavir 300mg, tablets, 60 Tabs",519.07,10406,264832.7,PMO - US,Mylan (formerly Matrix) Nashik,Abacavir,25.45,N/A - From RDC,SO-32550,Pre-PQ Process,Date Not Captured,ARV,110-ZM-T01,17-Aug-09,Truck,Adult,60,0.42,SCMS from RDC,N/A - From RDC,See DN-1382 (ID#:10788)
80639,ASN-30367,Generic,Haiti,26-Feb-15,27-Feb-15,600mg,Tablet,Yes,30046.84,Direct Drop,"Efavirenz 600mg, tablets, 30 Tabs",202.75,56352,197232.0,PMO - US,"Hetero, Jadcherla, unit 5, IN",Efavirenz,3.5,11/14/14,SCMS-261020,FPQ-14895,9/24/14,ARV,106-HT-T30,26-Feb-15,Air,Adult,30,0.12,HETERO LABS LIMITED,EXW,4792
85574,DN-4188,Generic,Nigeria,20-Mar-15,30-Mar-15,150/300/200mg,Tablet - FDC,Yes,50569.84,From RDC,"Lamivudine/Nevirapine/Zidovudine 150/200/300mg, tablets, 60 Tabs",1245.94,156995,1212001.4,PMO - US,"Strides, Bangalore, India.",Lamivudine/Nevirapine/Zidovudine,7.72,N/A - From RDC,SO-51091,FPQ-14766,8/13/14,ARV,151-NG-T30,30-Apr-15,Air Charter,Adult,60,0.13,SCMS from RDC,N/A - From RDC,32219
9053,ASN-4359,Videx,South Africa,17-Apr-09,17-Apr-09,100mg,Chewable/dispersible tablet,Yes,Freight Included in Commodity Cost,Direct Drop,"Didanosine 100mg [Videx],chewable tablets, 60 Tabs",45.34,2160,23133.6,PMO - US,"BMS Meymac, France",Didanosine,10.71,3/27/09,SCMS-41588,Pre-PQ Process,Pre-PQ Process,ARV,116-ZA-T01,25-Jun-09,Air,Pediatric,60,0.18,S. BUYS WHOLESALER,DDP,Weight Captured Separately
86192,DN-4227,Generic,Nigeria,15-Apr-15,20-Apr-15,300mg,Tablet,No,See DN-4227 (ID#:82795),From RDC,"Zidovudine 300mg, tablets, 60 Tabs",4.35,793,4226.69,PMO - US,"Aurobindo Unit III, India",Zidovudine,5.33,N/A - From RDC,SO-49687,FPQ-14766,8/13/14,ARV,151-NG-T30,30-Apr-15,Air Charter,Adult,60,0.09,SCMS from RDC,N/A - From RDC,See DN-4227 (ID#:82795)
9085,ASN-4242,Bioline,CÃte dIvoire,01-Jul-09,01-Jul-09,MIssing,Test kit,Yes,2094.08,Direct Drop,"HIV 1/2, Bioline 3.0 Kit, Lancets, Capillary pipets, Alcohol swabs included, 25 Tests",19.6,500,10000.0,PMO - US,"Standard Diagnostics, Korea","HIV 1/2, Bioline 3.0 Kit, Lancets, Capillary pipets, Alcohol swabs included",20.0,04-02-09,SCMS-42600,Pre-PQ Process,Pre-PQ Process,HRDT,104-CI-T01,01-Jul-09,Air,HIV test,25,0.8,"Standard Diagnostics, Inc.",EXW,136
83568,DN-2533,Generic,CÃte dIvoire,01-Mar-12,01-Mar-12,10mg/ml,Oral suspension,Yes,1102.3,From RDC,"Nevirapine 10mg/ml, oral suspension w/syringe, Bottle, 240 ml",14.31,4448,8673.6,PMO - US,"Aurobindo Unit III, India",Nevirapine,1.95,N/A - From RDC,SO-40760,FPQ-8295,8/25/11,ARV,104-CI-T30,01-Mar-12,Truck,Pediatric,240,0.01,SCMS from RDC,N/A - From RDC,1663
82813,DN-4315,Generic,Zambia,25-Aug-15,03-Sep-15,600/300/300mg,Tablet - FDC,Yes,Freight Included in Commodity Cost,From RDC,"Efavirenz/Lamivudine/Tenofovir Disoproxil Fumarate 600/300/300mg, tablets, 30 Tabs",1526.75,148665,1485163.35,PMO - US,"Aurobindo Unit VII, IN",Efavirenz/Lamivudine/Tenofovir Disoproxil Fumarate,9.99,N/A - From RDC,SO-49620,FPQ-14784,08-12-14,ARV,110-ZM-T30,15-Aug-15,Truck,Adult,30,0.33,SCMS from RDC,N/A - From RDC,37686
11021,DN-924,Generic,Zambia,29-Sep-08,29-Sep-08,600mg,Tablet,Yes,15281.81,From RDC,"Efavirenz 600mg, tablets, 30 Tabs",960.8,50000,600500.0,PMO - US,Mylan (formerly Matrix) Nashik,Efavirenz,12.01,N/A - From RDC,SO-2481,Pre-PQ Process,Pre-PQ Process,ARV,110-ZM-T01,29-Sep-08,Truck,Adult,30,0.4,SCMS from RDC,N/A - From RDC,3842
85989,DN-3286,Generic,Mozambique,09-Oct-13,18-Oct-13,600/300/300mg,Tablet - FDC,Yes,10825.06,From RDC,"Efavirenz/Lamivudine/Tenofovir Disoproxil Fumarate 600/300/300mg, tablets, 30 Tabs",1630.82,125320,1318366.4,PMO - US,Hetero Unit III Hyderabad IN,Efavirenz/Lamivudine/Tenofovir Disoproxil Fumarate,10.52,N/A - From RDC,SO-43773,FPQ-11033,11-12-12,ARV,111-MZ-T30,09-Oct-13,Truck,Adult,30,0.35,SCMS from RDC,N/A - From RDC,16498
86621,DN-3395,Generic,Zambia,09-Nov-13,20-Jan-14,200/300mg,Tablet - FDC,Yes,14275.5,From RDC,"Emtricitabine/Tenofovir Disoproxil Fumarate 200/300mg, tablets, 30 Tabs",238.47,31760,192783.2,PMO - US,"Aurobindo Unit III, India",Emtricitabine/Tenofovir Disoproxil Fumarate,6.07,N/A - From RDC,SO-45910,FPQ-12497,6/20/13,ARV,100-ZM-T30,29-Nov-13,Air,Adult,30,0.2,SCMS from RDC,N/A - From RDC,2875
73373,ASN-31750,Uni-Gold,"Congo, DRC",02-Jul-15,30-Jul-15,MIssing,Test kit,No,See ASN-31750 (ID#:19272),Direct Drop,"HIV 1/2, Uni-Gold HIV Kit, 20 Tests",3.35,89,2848.0,PMO - US,"Trinity Biotech, Plc","HIV 1/2, Uni-Gold HIV Kit",32.0,3/16/15,SCMS-280210,FPQ-16001,03-10-15,HRDT,101-CD-T30,02-Jul-15,Air,HIV test,20,1.6,"Trinity Biotech, Plc",EXW,See ASN-31750 (ID#:19272)
45442,ASN-11702,Generic,South Africa,20-Sep-11,20-Sep-11,300mg,Tablet,Yes,9726.53,Direct Drop,"Tenofovir Disoproxil Fumarate 300mg, tablets, 30 Tabs",1504.66,137130,911914.5,PMO - US,"Aurobindo Unit III, India",Tenofovir Disoproxil Fumarate,6.65,12/14/10,SCMS-93570,FPQ-6708,11/26/10,ARV,161-ZA-T30,05-Oct-11,Ocean,Adult,30,0.22,Aurobindo Pharma Limited,DDP,45800
18373,ASN-13410,Generic,Vietnam,18-Feb-12,18-Feb-12,600mg,Tablet,No,See ASN-13410 (ID#:16901),Direct Drop,"Efavirenz 600mg, tablets, 30 Tabs",23.71,3548,14369.4,PMO - US,"Aurobindo Unit III, India",Efavirenz,4.05,10-04-11,SCMS-123600,FPQ-8428,9/21/11,ARV,108-VN-T30,18-Feb-12,Air,Adult,30,0.13,Aurobindo Pharma Limited,EXW,See ASN-13410 (ID#:16901)
86112,DN-3800,Generic,CÃte dIvoire,09-Jul-14,07-Aug-14,600/300mg,Tablet - FDC,Yes,814.06,From RDC,"Abacavir/Lamivudine 600/300mg, tablets, 30 Tabs",36.14,2600,35152.0,PMO - US,"Cipla, Patalganga, India",Abacavir/Lamivudine,13.52,N/A - From RDC,SO-47350,FPQ-13295,11/18/13,ARV,104-CI-T30,30-Jun-14,Truck,Adult,30,0.45,SCMS from RDC,N/A - From RDC,235
68361,ASN-17262,Generic,Vietnam,19-Dec-12,19-Dec-12,30/50/60mg,Chewable/dispersible tablet - FDC,Yes,2148.1,Direct Drop,"Lamivudine/Nevirapine/Zidovudine 30/50/60mg, dispersible tablets, 60 Tabs",61.14,10508,43608.2,PMO - US,Mylan (formerly Matrix) Nashik,Lamivudine/Nevirapine/Zidovudine,4.15,8/14/12,SCMS-156270,FPQ-10286,7/25/12,ARV,108-VN-T30,19-Dec-12,Air,Pediatric,60,0.07,MYLAN LABORATORIES LTD (FORMERLY MATRIX LABORATORIES),EXW,678
84058,DN-2092,Generic,Nigeria,16-Feb-11,16-Feb-11,150mg,Tablet,Yes,43548,From RDC,"Lamivudine 150mg, tablets, 60 Tabs",33.66,6700,15611.0,PMO - US,"Aurobindo Unit III, India",Lamivudine,2.33,N/A - From RDC,SO-38330,FPQ-6243,8/25/10,ARV,151-NG-T30,21-Feb-11,Air Charter,Adult,60,0.04,SCMS from RDC,N/A - From RDC,426
85212,DN-2436,Generic,Kenya,11-Nov-11,11-Nov-11,10mg/ml,Oral suspension,Yes,5752.74,From RDC,"Nevirapine 10mg/ml, oral suspension w/syringe, Bottle, 240 ml",10.94,4000,7800.0,PMO - US,"Aurobindo Unit III, India",Nevirapine,1.95,N/A - From RDC,SO-41070,FPQ-8736,11-01-11,ARV,102-KE-T30,30-Nov-11,Air,Pediatric,240,0.01,SCMS from RDC,N/A - From RDC,1496
30388,ASN-19116,Norvir,Haiti,03-May-13,03-May-13,100mg,Tablet,Yes,877.61,Direct Drop,"Ritonavir 100mg [Norvir], film coated tablets, 60 Tabs",2.03,240,1644.0,PMO - US,ABBVIE Ludwigshafen Germany,Ritonavir,6.85,02-11-13,SCMS-177110,FPQ-11442,1/30/13,ARV,106-HT-T30,03-May-13,Air,Adult,60,0.11,ABBVIE LOGISTICS (FORMERLY ABBOTT LOGISTICS BV),FCA,30
31146,ASN-13013,Generic,Vietnam,20-Dec-11,20-Dec-11,150/300/200mg,Tablet - FDC,Yes,5726.24,Direct Drop,"Lamivudine/Nevirapine/Zidovudine 150/200/300mg, tablets, 60 Tabs",157.93,9030,95718.0,PMO - US,"Strides, Bangalore, India.",Lamivudine/Nevirapine/Zidovudine,10.6,07-08-11,SCMS-113610,FPQ-7898,6/27/11,ARV,108-VN-T30,20-Dec-11,Air,Adult,60,0.18,STRIDES ARCOLAB LIMITED,EXW,1054
12925,DN-1497,Generic,Haiti,22-Oct-09,22-Oct-09,30mg,Capsule,Yes,3842.22,From RDC,"Stavudine 30mg, capsules, 60 Caps",13.88,4410,6438.6,PMO - US,"Aurobindo Unit III, India",Stavudine,1.46,N/A - From RDC,SO-34250,Pre-PQ Process,Date Not Captured,ARV,106-HT-T01,22-Oct-09,Air,Adult,60,0.02,SCMS from RDC,N/A - From RDC,286
1095,ASN-4896,OraQuick,Botswana,13-Nov-09,13-Nov-09,MIssing,Test kit,Yes,1172.11,Direct Drop,"HIV 1/2, OraQuick Advance HIV Rapid Antibody Kit, 100 Tests",13.72,20,7000.0,PMO - US,"Pacific Biotech, Thailand","HIV 1/2, OraQuick Advance HIV Rapid Antibody Kit",350.0,3/25/09,SCMS-41870,Pre-PQ Process,Pre-PQ Process,HRDT,144-BW-T01,13-Nov-09,Air,HIV test,100,3.5,Orasure Technologies Inc.,EXW,48
84024,DN-1948,Generic,Zimbabwe,22-Jul-10,22-Jul-10,300mg,Tablet,No,See DN-1948 (ID#:82906),From RDC,"Zidovudine 300mg, tablets, 60 Tabs",91.4,5880,42394.8,PMO - US,"Aurobindo Unit III, India",Zidovudine,7.21,N/A - From RDC,SO-35351,FPQ-4694,12-08-09,ARV,113-ZW-T30,30-Jul-10,Air,Adult,60,0.12,SCMS from RDC,N/A - From RDC,See DN-1948 (ID#:82906)
83806,DN-3748,Generic,Rwanda,12-Jun-14,10-Jul-14,10mg/ml,Oral solution,Yes,2342.16,From RDC,"Lamivudine 10mg/ml, oral solution w/syringe, Bottle, 240 ml",1.16,507,937.95,PMO - US,"Aurobindo Unit III, India",Lamivudine,1.85,N/A - From RDC,SO-45402,FPQ-12190,05-06-13,ARV,107-RW-T30,30-Jun-14,Truck,Pediatric,240,0.01,SCMS from RDC,N/A - From RDC,185
53852,ASN-19166,Generic,South Africa,16-Apr-13,16-Apr-13,200mg,Capsule,No,Freight Included in Commodity Cost,Direct Drop,"Efavirenz 200mg, capsule, 90 Caps",16.09,545,13007.18,South Africa Field Office,"Aurobindo Unit III, India",Efavirenz,23.87,Date Not Captured,SCMS-183950,FPQ-11828,3/18/13,ARV,116-ZA-T30,16-Apr-13,Truck,Pediatric,90,0.27,S. BUYS WHOLESALER,DDP,Weight Captured Separately
47233,ASN-27980,Generic,South Africa,27-Aug-14,27-Aug-14,200/300mg,Tablet - FDC,No,Freight Included in Commodity Cost,Direct Drop,"Emtricitabine/Tenofovir Disoproxil Fumarate 200/300mg, tablets, 30 Tabs",0.46,11,370.96,PMO - US,"Aurobindo Unit III, India",Emtricitabine/Tenofovir Disoproxil Fumarate,33.72,8/27/14,SCMS-199283,FPQ-12522,07-11-13,ARV,116-ZA-T30,27-Aug-14,Truck,Adult,30,1.12,S. BUYS WHOLESALER,DDP,Weight Captured Separately
41841,ASN-24415,Generic,South Africa,06-Feb-14,06-Feb-14,300mg,Tablet,No,Freight Included in Commodity Cost,Direct Drop,"Abacavir 300mg, tablets, 60 Tabs",4.23,53,3422.75,PMO - US,"Cipla, Patalganga, India",Abacavir,64.58,12-02-13,SCMS-215370,FPQ-13035,10-08-13,ARV,116-ZA-T30,06-Feb-14,Truck,Adult,60,1.08,S. BUYS WHOLESALER,DDP,Weight Captured Separately
84567,DN-1840,Generic,Uganda,27-May-10,27-May-10,150/300/200mg,Tablet - FDC,Yes,20654.81,From RDC,"Lamivudine/Nevirapine/Zidovudine 150/200/300mg, tablets, 60 Tabs",483.81,20000,224400.0,PMO - US,Mylan (formerly Matrix) Nashik,Lamivudine/Nevirapine/Zidovudine,11.22,N/A - From RDC,SO-36090,FPQ-5238,03-02-10,ARV,114-UG-T30,26-May-10,Air,Adult,60,0.19,SCMS from RDC,N/A - From RDC,2560
86494,DN-2761,Generic,Tanzania,22-Aug-12,22-Aug-12,600/200/300mg,Tablet - FDC,No,See DN-2761 (ID#:83606),From RDC,"Efavirenz/Emtricitabine/Tenofovir Disoproxil Fumarate 600/200/300mg, tablets, 30 Tabs",3239.71,153642,2310775.68,PMO - US,Mylan (formerly Matrix) Nashik,Efavirenz/Emtricitabine/Tenofovir Disoproxil Fumarate,15.04,N/A - From RDC,SO-41580,FPQ-9271,1/31/12,ARV,109-TZ-T30,31-Aug-12,Truck,Adult,30,0.5,SCMS from RDC,N/A - From RDC,See DN-2761 (ID#:83606)
86414,DN-2376,Generic,Nigeria,28-Sep-11,28-Sep-11,600/200/300mg,Tablet - FDC,Yes,18495.9,From RDC,"Efavirenz/Emtricitabine/Tenofovir Disoproxil Fumarate 600/200/300mg, tablets, 30 Tabs",78.52,2389,47588.88,PMO - US,Mylan (formerly Matrix) Nashik,Efavirenz/Emtricitabine/Tenofovir Disoproxil Fumarate,19.92,N/A - From RDC,SO-38920,FPQ-7217,2/21/11,ARV,151-NG-T30,15-Jun-11,Air Charter,Adult,30,0.66,SCMS from RDC,N/A - From RDC,277
1077,ASN-4361,Generic,South Africa,21-Apr-09,21-Apr-09,10mg/ml,Oral solution,Yes,Freight Included in Commodity Cost,Direct Drop,"Lamivudine 10mg/ml, oral solution, Bottle, 240 ml",3.83,346,1954.9,PMO - US,"Aurobindo Unit III, India",Lamivudine,5.65,3/18/09,SCMS-41462,Pre-PQ Process,Pre-PQ Process,ARV,116-ZA-T01,25-Jun-09,Air,Pediatric,240,0.02,S. BUYS WHOLESALER,DDP,Weight Captured Separately
84582,DN-1978,Generic,Nigeria,17-Aug-10,17-Aug-10,150/300/200mg,Tablet - FDC,Yes,6147.18,From RDC,"Lamivudine/Nevirapine/Zidovudine 150/200/300mg, tablets, 60 Tabs",145.14,6000,67320.0,PMO - US,"Aurobindo Unit III, India",Lamivudine/Nevirapine/Zidovudine,11.22,N/A - From RDC,SO-36934,FPQ-5688,5/27/10,ARV,151-NG-T30,31-Aug-10,Air Charter,Adult,60,0.19,SCMS from RDC,N/A - From RDC,789
27829,ASN-27328,Determine,South Sudan,03-Oct-14,12-Nov-14,MIssing,Test kit - Ancillary,Yes,4594.07,Direct Drop,"Capillary Tubes, for Determine, EDTA, 50uL,100 Pcs",0.95,115,920.0,PMO - US,"Alere Medical Co., Ltd.","HIV, Capillary Tubes, for Determine, EDTA, 50uL,100 Pcs",8.0,6/30/14,SCMS-245250,FPQ-14470,6/17/14,HRDT,105-SS-T30,03-Oct-14,Air,HIV test - Ancillary,100,0.08,"Orgenics, Ltd",EXW,173
4709,ASN-3505,Generic,Rwanda,10-Mar-09,10-Mar-09,150/300mg,Tablet - FDC,Yes,16414.22,Direct Drop,"Lamivudine/Zidovudine 150/300mg, tablets, 60 Tabs",331.04,18560,168896.0,PMO - US,"Cipla, Goa, India",Lamivudine/Zidovudine,9.1,10/21/08,SCMS-30310,Pre-PQ Process,Pre-PQ Process,ARV,107-RW-T01,10-Mar-09,Air,Adult,60,0.15,CIPLA LIMITED,CIP,1698
83907,DN-4243,Generic,Zimbabwe,30-Apr-15,30-Apr-15,30/50/60mg,Chewable/dispersible tablet - FDC,Yes,16679.87,From RDC,"Lamivudine/Nevirapine/Zidovudine 30/50/60mg, dispersible tablets, 60 Tabs",67.52,15935,57366.0,PMO - US,Mylan (formerly Matrix) Nashik,Lamivudine/Nevirapine/Zidovudine,3.6,N/A - From RDC,SO-50010,FPQ-15197,10/16/14,ARV,103-ZW-T30,30-Apr-15,Truck,Pediatric,60,0.06,SCMS from RDC,N/A - From RDC,13469
30649,ASN-5933,Generic,South Africa,29-Dec-09,29-Dec-09,600mg,Tablet,No,Freight Included in Commodity Cost,Direct Drop,"Efavirenz 600mg, tablets, 30 Tabs",112.72,2700,52283.01,PMO - US,"Cipla, Goa, India",Efavirenz,19.36,12/23/09,SCMS-60170,FPQ-4770,12/17/09,ARV,116-ZA-T30,29-Dec-09,Truck,Adult,30,0.65,S. BUYS WHOLESALER,DDP,Weight Captured Separately
11283,DN-897,Generic,Nigeria,10-Sep-08,10-Sep-08,600mg,Tablet,No,See DN-897 (ID#:10722),From RDC,"Efavirenz 600mg, tablets, 30 Tabs",225.02,12000,140640.0,PMO - US,"Aurobindo Unit III, India",Efavirenz,11.72,N/A - From RDC,SO-10820,Pre-PQ Process,Pre-PQ Process,ARV,131-NG-T01,10-Sep-08,Air,Adult,30,0.39,SCMS from RDC,N/A - From RDC,See DN-897 (ID#:10722)
65799,ASN-28033,Generic,South Africa,29-Aug-14,29-Aug-14,150/300mg,Tablet - FDC,No,Freight Included in Commodity Cost,Direct Drop,"Lamivudine/Zidovudine 150/300mg, tablets, 60 Tabs",8.34,206,6746.05,PMO - US,Hetero Unit III Hyderabad IN,Lamivudine/Zidovudine,32.75,8/29/14,SCMS-199289,FPQ-12522,07-11-13,ARV,116-ZA-T30,29-Aug-14,Truck,Adult,60,0.55,S. BUYS WHOLESALER,DDP,Weight Captured Separately
80270,ASN-21425,Generic,Mozambique,09-Oct-13,06-Nov-13,150/30mg,Tablet - FDC,Yes,3574.24,Direct Drop,"Lamivudine/Stavudine 150/30mg, tablets, 60 Tabs",47.56,13168,38450.56,PMO - US,"Strides, Bangalore, India.",Lamivudine/Stavudine,2.92,04-11-13,SCMS-185200,FPQ-11915,3/20/13,ARV,111-MZ-T30,09-Oct-13,Air,Adult,60,0.05,STRIDES ARCOLAB LIMITED,EXW,834
6106,ASN-2903,Stat-Pak,Ethiopia,24-Nov-08,24-Nov-08,MIssing,Test kit,Yes,15619.2,Direct Drop,"HIV 1/2, Stat-Pak HIV, Kit, 20 Tests",474.37,8964,242028.0,PMO - US,Chembio Diagnostics Sys. Inc.,"HIV 1/2, Stat-Pak HIV, Kit",27.0,10/22/08,SCMS-32410,Pre-PQ Process,Pre-PQ Process,HRDT,117-ET-T01,30-Jan-09,Air,HIV test,20,1.35,"CHEMBIO DIAGNOSTIC SYSTEMS, INC.",EXW,3231
83747,DN-3459,Generic,Mozambique,06-Jan-14,29-Jan-14,150/300/200mg,Tablet - FDC,Yes,7150.25,From RDC,"Lamivudine/Nevirapine/Zidovudine 150/200/300mg, tablets, 60 Tabs",633.35,59674,512002.92,PMO - US,"Strides, Bangalore, India.",Lamivudine/Nevirapine/Zidovudine,8.58,N/A - From RDC,SO-45895,FPQ-12416,6/28/13,ARV,111-MZ-T30,06-Jan-14,Truck,Adult,60,0.14,SCMS from RDC,N/A - From RDC,6959
44930,ASN-21218,Determine,Nigeria,18-Sep-13,18-Sep-13,MIssing,Test kit,Yes,13325.59,Direct Drop,"HIV 1/2, Determine Complete HIV Kit, 100 Tests",336.33,3055,271895.0,PMO - US,"Alere Medical Co., Ltd.","HIV 1/2, Determine Complete HIV Kit",89.0,07-10-13,SCMS-196560,FPQ-12456,06-10-13,HRDT,133-NG-T30,18-Sep-13,Air,HIV test,100,0.89,"Orgenics, Ltd",EXW,1241
83138,DN-3146,Generic,Mozambique,31-Jul-13,31-Jul-13,600/300mg,Tablet - FDC,Yes,1981.6,From RDC,"Abacavir/Lamivudine 600/300mg, scored tablets, 30 Tabs",58.71,3400,47464.0,PMO - US,Mylan (formerly Matrix) Nashik,Abacavir/Lamivudine,13.96,N/A - From RDC,SO-44851,FPQ-11884,3/19/13,ARV,111-MZ-T30,30-Aug-13,Truck,Adult,30,0.47,SCMS from RDC,N/A - From RDC,315
29596,ASN-16792,Generic,Rwanda,10-Dec-12,10-Dec-12,200mg,Tablet,Yes,36173.15,Direct Drop,"Nevirapine 200mg, tablets, 60 Tabs",544.75,171925,388550.5,PMO - US,"Micro labs, Verna, Goa, India",Nevirapine,2.26,7/18/12,SCMS-152930,FPQ-10223,07-05-12,ARV,107-RW-T30,10-Dec-12,Ocean,Adult,60,0.04,MICRO LABS LIMITED,EXW,15683
4615,ASN-2325,Determine,Botswana,02-Oct-08,02-Oct-08,MIssing,Test kit,Yes,559.95,Direct Drop,"HIV 1/2, Determine HIV Kit, without Lancets, 100 Tests",0.9,8,560.0,PMO - US,Inverness Japan,"HIV 1/2, Determine HIV Kit, without Lancets",70.0,7/28/08,SCMS-27760,Pre-PQ Process,Pre-PQ Process,HRDT,102-BW-T01,09-Oct-08,Air,HIV test,100,0.7,"Orgenics, Ltd",EXW,5406
11198,DN-435,Generic,Uganda,10-Dec-07,10-Dec-07,150/300/200mg,Tablet - FDC,No,See DN-435 (ID#:10908),From RDC,"Lamivudine/Nevirapine/Zidovudine 150/200/300mg, tablets, 60 Tabs",128.9,3930,80565.0,PMO - US,"Aurobindo Unit III, India",Lamivudine/Nevirapine/Zidovudine,20.5,N/A - From RDC,SO-1300,Pre-PQ Process,Pre-PQ Process,ARV,114-UG-T01,10-Dec-07,Air,Adult,60,0.34,SCMS from RDC,N/A - From RDC,See DN-435 (ID#:10908)
83469,DN-2064,Generic,CÃte dIvoire,09-Dec-10,09-Dec-10,150mg,Tablet,Yes,11235.05,From RDC,"Lamivudine 150mg, tablets, 60 Tabs",40.69,8100,18873.0,PMO - US,Hetero Unit III Hyderabad IN,Lamivudine,2.33,N/A - From RDC,SO-37740,FPQ-5925,6/23/10,ARV,104-CI-T30,30-Nov-10,Air,Adult,60,0.04,SCMS from RDC,N/A - From RDC,3093
86485,DN-2694,Generic,Zimbabwe,27-Jun-12,27-Jun-12,150/200/30mg,Tablet - FDC,No,See DN-2694 (ID#:82483),From RDC,"Lamivudine/Nevirapine/Stavudine 150/200/30mg, tablets, 60 Tabs",550.84,71030,333841.0,PMO - US,"Strides, Bangalore, India.",Lamivudine/Nevirapine/Stavudine,4.7,N/A - From RDC,SO-40891,FPQ-8464,10-04-11,ARV,113-ZW-T30,16-Oct-12,Truck,Adult,60,0.08,SCMS from RDC,N/A - From RDC,See DN-2694 (ID#:82483)
85965,DN-3152,Generic,Uganda,22-May-13,22-May-13,600/300/300mg,Tablet - FDC,Yes,13817.65,From RDC,"Efavirenz/Lamivudine/Tenofovir Disoproxil Fumarate 600/300/300mg, tablets, 30 Tabs",798.93,61394,645864.88,PMO - US,Hetero Unit III Hyderabad IN,Efavirenz/Lamivudine/Tenofovir Disoproxil Fumarate,10.52,N/A - From RDC,SO-43621,FPQ-10945,11-06-12,ARV,114-UG-T30,09-May-13,Air,Adult,30,0.35,SCMS from RDC,N/A - From RDC,8115
85764,DN-2233,Generic,Haiti,20-Jun-11,20-Jun-11,10mg/ml,Oral suspension,Yes,14897.04,From RDC,"Nevirapine 10mg/ml, oral suspension w/syringe, Bottle, 240 ml",16.82,4000,7800.0,PMO - US,"Aurobindo Unit III, India",Nevirapine,1.95,N/A - From RDC,SO-39680,FPQ-6484,10/13/10,ARV,106-HT-T30,16-May-11,Air,Pediatric,240,0.01,SCMS from RDC,N/A - From RDC,1496
10744,DN-916,Truvada,Nigeria,19-Sep-08,19-Sep-08,300/200mg,Tablet - FDC,Yes,462.5,From RDC,"Emtricitabine/Tenofovir Disoproxil Fumarate 200/300mg [Truvada], tablets, 30 Tabs",0.17,4,105.0,PMO - US,"Aspen-OSD, Port Elizabeth, SA",Emtricitabine/Tenofovir Disoproxil Fumarate,26.25,N/A - From RDC,SO-12790,Pre-PQ Process,Pre-PQ Process,ARV,112-NG-T01,19-Sep-08,Air,Adult,30,0.88,SCMS from RDC,N/A - From RDC,1
53775,ASN-13031,Determine,Zambia,20-Dec-11,20-Dec-11,MIssing,Test kit,Yes,25052.44,Direct Drop,"HIV 1/2, Determine Complete HIV Kit, 100 Tests",380.69,2884,230720.0,PMO - US,"Alere Medical Co., Ltd.","HIV 1/2, Determine Complete HIV Kit",80.0,9/22/11,SCMS-120570,FPQ-8315,8/31/11,HRDT,110-ZM-T30,20-Dec-11,Air,HIV test,100,0.8,"Orgenics, Ltd",EXW,1374
84204,DN-2928,Generic,Mozambique,11-Jan-13,11-Jan-13,150/300mg,Tablet - FDC,No,See DN-2928 (ID#:83637),From RDC,"Lamivudine/Zidovudine 150/300mg, tablets, 60 Tabs",472.25,43632,336839.04,PMO - US,Hetero Unit III Hyderabad IN,Lamivudine/Zidovudine,7.72,N/A - From RDC,SO-42850,FPQ-10210,6/28/12,ARV,111-MZ-T30,11-Jan-13,Truck,Adult,60,0.13,SCMS from RDC,N/A - From RDC,See DN-2928 (ID#:83637)
85586,DN-4216,Generic,Uganda,22-Apr-15,24-Apr-15,600/300/300mg,Tablet - FDC,No,Freight Included in Commodity Cost,From RDC,"Efavirenz/Lamivudine/Tenofovir Disoproxil Fumarate 600/300/300mg, tablets, 30 Tabs",1151.39,101900,978240.0,PMO - US,Mylan (formerly Matrix) Nashik,Efavirenz/Lamivudine/Tenofovir Disoproxil Fumarate,9.6,N/A - From RDC,SO-50080,FPQ-15294,11-03-14,ARV,114-UG-T30,30-Apr-15,Truck,Adult,30,0.32,SCMS from RDC,N/A - From RDC,Weight Captured Separately
63988,ASN-20472,Determine,"Congo, DRC",20-Sep-13,20-Sep-13,MIssing,Test kit - Ancillary,No,See ASN-20472 (ID#:38266),Direct Drop,"Chase Buffer, Determine, 100 Tests, 2.5ml x 1 Vial",14.89,2407,12035.0,PMO - US,"Alere Medical Co., Ltd.","Chase Buffer, Determine, 100 Tests, 2.5ml x 1 Vial",5.0,05-08-13,SCMS-186710,FPQ-12073,04-12-13,HRDT,101-CD-T30,20-Sep-13,Air,HIV test - Ancillary,1,5.0,"Orgenics, Ltd",EXW,See ASN-20472 (ID#:38266)
82874,DN-1753,Generic,Uganda,25-Mar-10,25-Mar-10,150/300/200mg,Tablet - FDC,Yes,11065,From RDC,"Lamivudine/Nevirapine/Zidovudine 150/200/300mg, tablets, 60 Tabs",992.15,45116,506201.52,PMO - US,"Aurobindo Unit III, India",Lamivudine/Nevirapine/Zidovudine,11.22,N/A - From RDC,SO-35620,FPQ-4325,9/23/09,ARV,114-UG-T30,01-Apr-10,Truck,Adult,60,0.19,SCMS from RDC,N/A - From RDC,5285
1529,ASN-1194,Generic,Rwanda,28-Jan-08,28-Jan-08,300mg,Tablet,Yes,1511.25,Direct Drop,"Abacavir 300mg, tablets, 60 Tabs",48.36,1099,30222.5,PMO - US,Mylan (formerly Matrix) Nashik,Abacavir,27.5,12-03-07,SCMS-14750,Pre-PQ Process,Pre-PQ Process,ARV,107-RW-T01,28-Jan-08,Air,Adult,60,0.46,MYLAN LABORATORIES LTD (FORMERLY MATRIX LABORATORIES),CIP,113
24060,ASN-5455,Generic,Rwanda,23-Nov-09,23-Nov-09,150mg,Tablet,Yes,730.81,Direct Drop,"Lamivudine 150mg, tablets, 60 Tabs",53.91,10620,27505.8,PMO - US,Hetero Unit III Hyderabad IN,Lamivudine,2.59,8/18/09,SCMS-50800,FPQ-4047,7/28/09,ARV,107-RW-T30,23-Nov-09,Air,Adult,60,0.04,HETERO LABS LIMITED,CIP,593
30274,ASN-20329,Determine,Haiti,17-Jul-13,17-Jul-13,MIssing,Test kit,Yes,24069.99,Direct Drop,"HIV 1/2, Determine Complete HIV Kit, 100 Tests",494.8,4000,400000.0,PMO - US,"Alere Medical Co., Ltd.","HIV 1/2, Determine Complete HIV Kit",100.0,5/21/13,SCMS-189140,FPQ-12041,4/26/13,HRDT,106-HT-T30,17-Jul-13,Air,HIV test,100,1.0,"Orgenics, Ltd",EXW,1740
11271,DN-823,Generic,Zambia,23-Jul-08,23-Jul-08,150/200/30mg,Tablet - FDC,Yes,7053.51,From RDC,"Lamivudine/Nevirapine/Stavudine 150/200/30mg, tablets, 60 Tabs",691.2,60000,432000.0,PMO - US,"Strides, Bangalore, India.",Lamivudine/Nevirapine/Stavudine,7.2,N/A - From RDC,SO-2549,Pre-PQ Process,Pre-PQ Process,ARV,110-ZM-T01,23-Jul-08,Truck,Adult,60,0.12,SCMS from RDC,N/A - From RDC,12606
11913,DN-1105,Generic,Ethiopia,20-Mar-09,20-Mar-09,150/300/200mg,Tablet - FDC,No,See DN-1105 (ID#:11303),From RDC,"Lamivudine/Nevirapine/Zidovudine 150/200/300mg, tablets, 60 Tabs",250.06,10812,127581.6,PMO - US,"Aurobindo Unit III, India",Lamivudine/Nevirapine/Zidovudine,11.8,N/A - From RDC,SO-22050,Pre-PQ Process,Pre-PQ Process,ARV,117-ET-T01,20-Mar-09,Air,Adult,60,0.2,SCMS from RDC,N/A - From RDC,See DN-1105 (ID#:11303)
82593,DN-3260,Generic,Burundi,21-May-13,18-Nov-14,200mg,Tablet,Yes,Invoiced Separately,From RDC,"Nevirapine 200mg, tablets, 60 Tabs",0.63,225,508.5,PMO - US,Hetero Unit III Hyderabad IN,Nevirapine,2.26,N/A - From RDC,SO-45151,FPQ-12065,4/22/13,ARV,102-BI-T30,06-Aug-13,Air,Adult,60,0.04,SCMS from RDC,N/A - From RDC,Weight Captured Separately
84626,DN-2130,Aluvia,Ethiopia,11-Mar-11,11-Mar-11,200/50mg,Tablet,Yes,3600.65,From RDC,"Lopinavir/Ritonavir 200/50mg [Aluvia], tablets, 120 Tabs",623.69,8000,289280.0,PMO - US,ABBVIE Ludwigshafen Germany,Lopinavir/Ritonavir,36.16,N/A - From RDC,SO-37630,FPQ-6428,9/24/10,ARV,117-ET-T30,10-Mar-11,Air,Adult,120,0.3,SCMS from RDC,N/A - From RDC,1647
83632,DN-2901,Generic,Nigeria,06-Nov-12,06-Nov-12,300/300mg,Tablet - FDC,Yes,15459.09,From RDC,"Lamivudine/Tenofovir Disoproxil Fumarate 300/300mg, tablets, 30 Tabs",311.97,41514,222515.04,PMO - US,"Cipla, Kurkumbh, India",Lamivudine/Tenofovir Disoproxil Fumarate,5.36,N/A - From RDC,SO-42682,FPQ-9968,5/23/12,ARV,151-NG-T30,06-Nov-12,Air,Adult,30,0.18,SCMS from RDC,N/A - From RDC,4052
12516,DN-751,Generic,Tanzania,01-Jul-08,01-Jul-08,30mg,Capsule,Yes,22965.4,From RDC,"Stavudine 30mg, capsules, 60 Caps",183.17,75318,114483.36,PMO - US,"Aurobindo Unit III, India",Stavudine,1.52,N/A - From RDC,SO-2564,Pre-PQ Process,Pre-PQ Process,ARV,109-TZ-T01,01-Jul-08,Air,Adult,60,0.03,SCMS from RDC,N/A - From RDC,5040
68596,ASN-27098,Aluvia,Vietnam,18-Aug-14,25-Aug-14,200/50mg,Tablet,Yes,1779.1,Direct Drop,"Lopinavir/Ritonavir 200/50mg [Aluvia], tablets, 120 Tabs",300.11,4800,291936.0,PMO - US,ABBVIE Ludwigshafen Germany,Lopinavir/Ritonavir,60.82,03-10-14,SCMS-226190,FPQ-13524,02-06-14,ARV,108-VN-T30,18-Aug-14,Air,Adult,120,0.51,ABBVIE LOGISTICS (FORMERLY ABBOTT LOGISTICS BV),FCA,1175
22658,ASN-14125,Generic,Rwanda,30-Mar-12,30-Mar-12,400mg,Delayed-release capsules,Yes,5906.43,Direct Drop,"Didanosine 400mg, delayed-release capsules, 30 Caps",4.95,150,3000.0,PMO - US,"Aurobindo Unit III, India",Didanosine,20.0,11-09-11,SCMS-126490,FPQ-8365,10/26/11,ARV,107-RW-T30,30-Mar-12,Air,Adult,30,0.67,Aurobindo Pharma Limited,EXW,197
58192,ASN-9617,Generic,South Africa,05-Apr-11,05-Apr-11,200mg,Tablet,Yes,17278.96,Direct Drop,"Nevirapine 200mg, tablets, 60 Tabs",1066.94,172428,494868.36,PMO - US,"Strides, Bangalore, India.",Nevirapine,2.87,9/21/10,SCMS-84230,FPQ-6262,8/31/10,ARV,161-ZA-T30,05-Apr-11,Ocean,Adult,60,0.05,STRIDES ARCOLAB LIMITED,DDP,10859
979,ASN-3454,Generic,Vietnam,16-Mar-09,16-Mar-09,150/300mg,Tablet - FDC,Yes,892.5,Direct Drop,"Lamivudine/Zidovudine 150/300mg, tablets, 60 Tabs",39.69,2352,20250.72,PMO - US,"Aurobindo Unit III, India",Lamivudine/Zidovudine,8.61,10/21/08,SCMS-31721,Pre-PQ Process,Pre-PQ Process,ARV,108-VN-T01,16-Mar-09,Air,Adult,60,0.14,Aurobindo Pharma Limited,EXW,211
10816,DN-123,Stocrin/Sustiva,Mozambique,18-May-07,18-May-07,200mg,Capsule,Yes,348.09,From RDC,"Efavirenz 200mg [Stocrin/Sustiva], capsule, 90 Caps",MIssing,409,13251.6,PMO - US,"MSD Manati, Puerto Rico, (USA)",Efavirenz,32.4,N/A - From RDC,SO-533,Pre-PQ Process,Pre-PQ Process,ARV,111-MZ-T01,18-May-07,Air,Pediatric,90,0.36,SCMS from RDC,N/A - From RDC,45
86758,DN-4064,Generic,CÃte dIvoire,19-Jan-15,27-Jan-15,150/300/200mg,Tablet - FDC,No,See DN-4064 (ID#:82765),From RDC,"Lamivudine/Nevirapine/Zidovudine 150/200/300mg, tablets, 60 Tabs",952.34,120000,926400.0,PMO - US,Hetero Unit III Hyderabad IN,Lamivudine/Nevirapine/Zidovudine,7.72,N/A - From RDC,SO-49052,FPQ-14370,5/23/14,ARV,104-CI-T30,16-Feb-15,Truck,Adult,60,0.13,SCMS from RDC,N/A - From RDC,See DN-4064 (ID#:82765)
7975,ASN-129,Generic,Uganda,22-Dec-06,22-Dec-06,150/300+200mg,Tablet - FDC + co-blister,Yes,1262.91,Direct Drop,"Lamivudine/Zidovudine+Nevirapine 150/300+200mg, tablets, co-blister, 60+60 Tabs",MIssing,1270,26670.0,PMO - US,"Aspen-OSD, Port Elizabeth, SA",Lamivudine/Zidovudine+Nevirapine,21.0,Date Not Captured,SCMS-176,Pre-PQ Process,Pre-PQ Process,ARV,114-UG-T01,22-Dec-06,Air,Adult,120,0.18,ASPEN PHARMACARE,EXW,201
11690,DN-1470,Generic,Tanzania,26-Oct-09,26-Oct-09,300mg,Tablet,No,See DN-1470 (ID#:10798),From RDC,"Abacavir 300mg, tablets, 60 Tabs",187.16,3752,95488.4,PMO - US,"Aurobindo Unit III, India",Abacavir,25.45,N/A - From RDC,SO-31283,Pre-PQ Process,Date Not Captured,ARV,109-TZ-T01,26-Oct-09,Truck,Adult,60,0.42,SCMS from RDC,N/A - From RDC,See DN-1470 (ID#:10798)
12138,DN-521,Generic,Ethiopia,20-Dec-07,20-Dec-07,150/300mg,Tablet - FDC,Yes,892,From RDC,"Lamivudine/Zidovudine 150/300mg, tablets, 60 Tabs",27.31,1797,17071.5,PMO - US,"Aurobindo Unit III, India",Lamivudine/Zidovudine,9.5,N/A - From RDC,SO-1524,Pre-PQ Process,Pre-PQ Process,ARV,117-ET-T01,20-Dec-07,Air,Adult,60,0.16,SCMS from RDC,N/A - From RDC,170
37963,ASN-11023,Generic,Vietnam,22-Jun-11,22-Jun-11,200mg,Tablet,Yes,10784.69,Direct Drop,"Nevirapine 200mg, tablets, 60 Tabs",6.68,1556,4045.6,PMO - US,Mylan (formerly Matrix) Nashik,Nevirapine,2.6,2/15/11,SCMS-98050,FPQ-6818,1/17/11,ARV,108-VN-T30,22-Jun-11,Air,Adult,60,0.04,MYLAN LABORATORIES LTD (FORMERLY MATRIX LABORATORIES),EXW,2113
6394,ASN-3607,Generic,South Africa,28-Nov-08,28-Nov-08,150mg,Tablet,No,Freight Included in Commodity Cost,Direct Drop,"Lamivudine 150mg, tablets, 60 Tabs",53.8,5000,27450.0,PMO - US,"Aurobindo Unit III, India",Lamivudine,5.49,Date Not Captured,SCMS-40780,Pre-PQ Process,Pre-PQ Process,ARV,116-ZA-T01,17-Mar-09,Air,Adult,60,0.09,S. BUYS WHOLESALER,DDP,Weight Captured Separately
83464,DN-2035,Generic,CÃte dIvoire,26-Nov-10,26-Nov-10,150/30mg,Tablet - FDC,No,See DN-2035 (ID#:82356),From RDC,"Lamivudine/Stavudine 150/30mg, tablets, 60 Tabs",187,26444,86736.32,PMO - US,Mylan (formerly Matrix) Nashik,Lamivudine/Stavudine,3.28,N/A - From RDC,SO-37150,FPQ-5925,6/23/10,ARV,104-CI-T30,30-Nov-10,Truck,Adult,60,0.05,SCMS from RDC,N/A - From RDC,See DN-2035 (ID#:82356)
11307,DN-1019,Generic,CÃte dIvoire,27-Nov-08,27-Nov-08,10mg/ml,Oral solution,Yes,5127.91,From RDC,"Zidovudine 10mg/ml, oral solution, Bottle, 240 ml",23.87,5800,12180.0,PMO - US,"Aurobindo Unit III, India",Zidovudine,2.1,N/A - From RDC,SO-16181,Pre-PQ Process,Pre-PQ Process,ARV,104-CI-T01,27-Nov-08,Air,Pediatric,240,0.01,SCMS from RDC,N/A - From RDC,2177
44448,ASN-12035,Generic,South Africa,13-Dec-11,13-Dec-11,200mg,Tablet,Yes,8527.46,Direct Drop,"Nevirapine 200mg, tablets, 60 Tabs",469.61,104636,284609.92,PMO - US,"Cipla, Goa, India",Nevirapine,2.72,3/28/11,SCMS-104080,FPQ-7175,03-10-11,ARV,161-ZA-T30,13-Dec-11,Ocean,Adult,60,0.05,CIPLA LIMITED,DDP,11275
11887,DN-797,Generic,Uganda,11-Jul-08,11-Jul-08,300mg,Tablet,No,See DN-797 (ID#:10966),From RDC,"Zidovudine 300mg, tablets, 60 Tabs",0.59,46,368.0,PMO - US,"Aurobindo Unit III, India",Zidovudine,8.0,N/A - From RDC,SO-2674,Pre-PQ Process,Pre-PQ Process,ARV,114-UG-T01,11-Jul-08,Air,Adult,60,0.13,SCMS from RDC,N/A - From RDC,See DN-797 (ID#:10966)
84361,DN-3654,Generic,"Congo, DRC",15-Aug-14,05-Sep-14,300mg,Tablet,Yes,3298.78,From RDC,"Zidovudine 300mg, tablets, 60 Tabs",5.65,1000,5500.0,PMO - US,"Aurobindo Unit III, India",Zidovudine,5.5,N/A - From RDC,SO-47631,FPQ-13554,1/15/14,ARV,101-CD-T30,15-Aug-14,Air,Adult,60,0.09,SCMS from RDC,N/A - From RDC,204
34103,ASN-27237,Colloidal Gold,Haiti,28-Aug-14,28-Aug-14,MIssing,Test kit,Yes,3446.68,Direct Drop,"HIV 1/2, SKB Colloidal Gold, Diagnostic Kit, Antibody, 50 Tests",11.33,450,11025.0,PMO - US,"KHB Test Kit Facility, Shanghai China","HIV 1/2, Colloidal Gold, Diagnostic Kit, Antibody",24.5,2/19/14,SCMS-225422,FPQ-13494,1/21/14,HRDT,106-HT-T30,28-Aug-14,Air,HIV test,1,24.5,"SHANGHAI KEHUA BIOENGINEERING CO.,LTD.  (KHB)",EXW,300
84668,DN-2342,Generic,Zambia,26-Sep-11,26-Sep-11,150/300mg,Tablet - FDC,Yes,21180.7,From RDC,"Lamivudine/Zidovudine 150/300mg, tablets, 60 Tabs",2402.9,176308,1456304.08,PMO - US,"Aurobindo Unit VII, IN",Lamivudine/Zidovudine,8.26,N/A - From RDC,SO-38742,FPQ-7085,02-03-11,ARV,110-ZM-T30,29-Sep-11,Truck,Adult,60,0.14,SCMS from RDC,N/A - From RDC,17967
11830,DN-526,Generic,Ethiopia,20-Dec-07,20-Dec-07,10mg/ml,Oral solution,Yes,8586,From RDC,"Zidovudine 10mg/ml, oral solution, Bottle, 240 ml",11.3,3286,7064.9,PMO - US,"Aurobindo Unit III, India",Zidovudine,2.15,N/A - From RDC,SO-1531,Pre-PQ Process,Pre-PQ Process,ARV,117-ET-T01,20-Dec-07,Air,Pediatric,240,0.01,SCMS from RDC,N/A - From RDC,1215
83041,DN-2690,Generic,Nigeria,03-Jun-12,03-Jun-12,200mg,Tablet,Yes,17090,From RDC,"Nevirapine 200mg, tablets, 60 Tabs",20.61,6026,14703.44,PMO - US,Mylan (formerly Matrix) Nashik,Nevirapine,2.44,N/A - From RDC,SO-41256,FPQ-8952,12-08-11,ARV,151-NG-T30,04-Jul-12,Air Charter,Adult,60,0.04,SCMS from RDC,N/A - From RDC,6944
77901,ASN-18172,Determine,Nigeria,21-Feb-13,21-Feb-13,MIssing,Test kit,Yes,88176.17,Direct Drop,"HIV 1/2, Determine Complete HIV Kit, 100 Tests",342.39,2744,244216.0,PMO - US,"Alere Medical Co., Ltd.","HIV 1/2, Determine Complete HIV Kit",89.0,10/16/12,SCMS-162440,FPQ-10765,10-05-12,HRDT,133-NG-T30,09-Jan-13,Air,HIV test,100,0.89,"Orgenics, Ltd",EXW,1235
3828,ASN-4687,Generic,Rwanda,21-Sep-09,21-Sep-09,150/300/200mg,Tablet - FDC,Yes,61925.7,Direct Drop,"Lamivudine/Nevirapine/Zidovudine 150/200/300mg, tablets, 60 Tabs",1257.84,54432,641753.28,PMO - US,Mylan (formerly Matrix) Nashik,Lamivudine/Nevirapine/Zidovudine,11.79,4/15/09,SCMS-43870,Pre-PQ Process,Pre-PQ Process,ARV,107-RW-T01,21-Sep-09,Air,Adult,60,0.2,MYLAN LABORATORIES LTD (FORMERLY MATRIX LABORATORIES),CIP,7278
57866,ASN-22576,Generic,Uganda,21-Nov-13,22-Nov-13,300mg,Capsule,Yes,1249.78,Direct Drop,"Atazanavir 300mg, capsules, 30 Caps",36.11,1946,29190.0,PMO - US,Mylan (formerly Matrix) Nashik,Atazanavir,15.0,6/24/13,SCMS-192210,FPQ-12290,5/17/13,ARV,114-UG-T30,21-Nov-13,Air,Adult,30,0.5,MYLAN LABORATORIES LTD (FORMERLY MATRIX LABORATORIES),EXW,122
59482,ASN-30166,Generic,Vietnam,23-Mar-15,23-Mar-15,150/300/200mg,Tablet - FDC,Yes,1332.29,Direct Drop,"Lamivudine/Nevirapine/Zidovudine 150/200/300mg, tablets, 60 Tabs",28.6,3000,24300.0,PMO - US,Mylan (formerly Matrix) Nashik,Lamivudine/Nevirapine/Zidovudine,8.1,10/30/14,SCMS-261430,FPQ-15087,10/24/14,ARV,108-VN-T30,23-Mar-15,Air,Adult,60,0.13,MYLAN LABORATORIES LTD (FORMERLY MATRIX LABORATORIES),EXW,422
12859,DN-1061,Generic,Ethiopia,29-Jan-09,29-Jan-09,600mg,Tablet,No,See DN-1061 (ID#:11019),From RDC,"Efavirenz 600mg, tablets, 30 Tabs",240.39,11549,122650.38,PMO - US,"Aurobindo Unit III, India",Efavirenz,10.62,N/A - From RDC,SO-22010,Pre-PQ Process,Pre-PQ Process,ARV,117-ET-T01,29-Jan-09,Air,Adult,30,0.35,SCMS from RDC,N/A - From RDC,See DN-1061 (ID#:11019)
22726,ASN-12115,Determine,Namibia,20-Sep-11,20-Sep-11,MIssing,Test kit,Yes,859.18,Direct Drop,"HIV 1/2, Determine HIV Kit, without Lancets, 100 Tests",19.23,150,11655.0,PMO - US,Inverness Japan,"HIV 1/2, Determine HIV Kit, without Lancets",77.7,08-03-11,SCMS-117210,FPQ-8072,7/22/11,HRDT,153-NA-T30,20-Sep-11,Air,HIV test,100,0.78,"Orgenics, Ltd",EXW,36
36005,ASN-33614,Generic,Rwanda,27-Aug-15,27-Aug-15,300/100mg,Tablet,Yes,Invoiced Separately,Direct Drop,"Atazanavir/Ritonavir 300/100mg, tablets, 30 Tabs",74.22,4011,72198.0,PMO - US,"Emcure Plot No.P-2, I.T-B.T. Park, Phase II, MIDC, Hinjwadi, Pune, India",Atazanavir/Ritonavir,18.0,12/15/14,SCMS-261783,FPQ-14813,10-09-14,ARV,107-RW-T30,27-Aug-15,Air,Adult,30,0.6,EMCURE PHARMACEUTICALS LTD,EXW,Weight Captured Separately
18155,ASN-12339,Uni-Gold,Sudan,11-Jan-12,11-Jan-12,MIssing,Test kit,Yes,594.51,Direct Drop,"HIV 1/2, Uni-Gold HIV Kit, 20 Tests",3.06,58,1856.0,PMO - US,"Trinity Biotech, Plc","HIV 1/2, Uni-Gold HIV Kit",32.0,09-07-11,SCMS-120460,FPQ-8261,8/29/11,HRDT,102-SD-T30,11-Jan-12,Air,HIV test,20,1.6,"Trinity Biotech, Plc",EXW,19
83903,DN-4218,Generic,Uganda,14-May-15,15-May-15,60/30mg,Tablet - FDC,No,See DN-4218 (ID#:83326),From RDC,"Abacavir/Lamivudine 60/30mg, tablets, 60 Tabs",132.61,28524,112669.8,PMO - US,Mylan (formerly Matrix) Nashik,Abacavir/Lamivudine,3.95,N/A - From RDC,SO-50050,FPQ-15294,11-03-14,ARV,114-UG-T30,15-Jun-15,Truck,Pediatric,60,0.07,SCMS from RDC,N/A - From RDC,See DN-4218 (ID#:83326)
82584,DN-3198,Generic,Nigeria,28-May-13,28-May-13,600/300/300mg,Tablet - FDC,Yes,20761,From RDC,"Efavirenz/Lamivudine/Tenofovir Disoproxil Fumarate 600/300/300mg, tablets, 30 Tabs",2342.38,180000,1893600.0,PMO - US,Hetero Unit III Hyderabad IN,Efavirenz/Lamivudine/Tenofovir Disoproxil Fumarate,10.52,N/A - From RDC,SO-44260,FPQ-11022,11/15/12,ARV,151-NG-T30,28-May-13,Air Charter,Adult,30,0.35,SCMS from RDC,N/A - From RDC,26361
11711,DN-111,OraQuick,Haiti,11-May-07,11-May-07,MIssing,Test kit,Yes,1027,From RDC,"HIV 1/2, OraQuick Advance HIV Rapid Antibody Kit, 100 Tests",MIssing,10,4000.0,PMO - US,"Pacific Biotech, Thailand","HIV 1/2, OraQuick Advance HIV Rapid Antibody Kit",400.0,N/A - From RDC,SO-419,Pre-PQ Process,Pre-PQ Process,HRDT,100-HT-T01,11-May-07,MIssing,HIV test,100,4.0,SCMS from RDC,N/A - From RDC,24
72300,ASN-14157,Generic,Haiti,27-Mar-12,27-Mar-12,100/25mg,Tablet,Yes,984.39,Direct Drop,"Lopinavir/Ritonavir 100/25mg [Aluvia], tablets, 60 Tabs",3.89,360,2775.6,PMO - US,ABBVIE Ludwigshafen Germany,Lopinavir/Ritonavir,7.71,2/24/12,SCMS-138560,FPQ-9066,01-06-12,ARV,106-HT-T30,27-Mar-12,Air,Pediatric,60,0.13,ABBVIE LOGISTICS (FORMERLY ABBOTT LOGISTICS BV),FCA,46
73018,ASN-9114,Generic,South Africa,01-Feb-11,01-Feb-11,600mg,Tablet,Yes,630.5,Direct Drop,"Efavirenz 600mg, tablets, 30 Tabs",1152.6,118537,534601.87,PMO - US,"Aurobindo Unit III, India",Efavirenz,4.51,6/17/10,SCMS-75750,FPQ-5648,06-02-10,ARV,161-ZA-T30,01-Feb-11,Ocean,Adult,30,0.15,Aurobindo Pharma Limited,DDP,10373
83894,DN-4144,Aluvia,Burundi,28-Feb-15,05-Mar-15,200/50mg,Tablet,No,See DN-4144 (ID#:82781),From RDC,"Lopinavir/Ritonavir 200/50mg [Aluvia], tablets, 120 Tabs",7.12,320,6048.0,PMO - US,ABBVIE Ludwigshafen Germany,Lopinavir/Ritonavir,18.9,N/A - From RDC,SO-50270,FPQ-15406,11/19/14,ARV,102-BI-T30,27-Feb-15,Air,Adult,120,0.16,SCMS from RDC,N/A - From RDC,See DN-4144 (ID#:82781)
12164,DN-717,Generic,Nigeria,18-Apr-08,18-Apr-08,150mg,Tablet,No,See DN-717 (ID#:11858),From RDC,"Lamivudine 150mg, tablets, 60 Tabs",1.43,307,893.37,PMO - US,"Aurobindo Unit III, India",Lamivudine,2.91,N/A - From RDC,SO-2351,Pre-PQ Process,Pre-PQ Process,ARV,112-NG-T01,18-Apr-08,Air,Adult,60,0.05,SCMS from RDC,N/A - From RDC,See DN-717 (ID#:11858)
84827,DN-3206,Generic,Nigeria,30-May-13,30-May-13,200/50mg,Tablet,Yes,20761,From RDC,"Lopinavir/Ritonavir 200/50mg, tablets, 120 Tabs",103.21,3831,83439.18,PMO - US,"Aurobindo Unit III, India",Lopinavir/Ritonavir,21.78,N/A - From RDC,SO-45680,FPQ-11022,11/15/12,ARV,151-NG-T30,31-May-13,Air Charter,Adult,120,0.18,SCMS from RDC,N/A - From RDC,1094
86739,DN-3975,Generic,"Congo, DRC",18-Feb-15,23-Feb-15,150/300mg,Tablet - FDC,No,See DN-3975 (ID#:82748),From RDC,"Lamivudine/Zidovudine 150/300mg, tablets, 60 Tabs",31.3,4670,30448.4,PMO - US,Mylan (formerly Matrix) Nashik,Lamivudine/Zidovudine,6.52,N/A - From RDC,SO-49290,FPQ-14576,7/14/14,ARV,101-CD-T30,30-Jan-15,Air,Adult,60,0.11,SCMS from RDC,N/A - From RDC,See DN-3975 (ID#:82748)
41852,ASN-30671,Generic,South Africa,12-Feb-15,12-Feb-15,10mg/ml,Oral solution,No,Freight Included in Commodity Cost,Direct Drop,"Lamivudine 10mg/ml, oral solution, Bottle, 240 ml",0.04,7,36.18,PMO - US,"Aurobindo Unit III, India",Lamivudine,5.17,02-12-15,SCMS-259073,FPQ-14942,09-11-14,ARV,116-ZA-T30,12-Feb-15,Truck,Pediatric,240,0.02,PHARMACY DIRECT,DDP,Weight Captured Separately
66374,ASN-7991,Generic,South Africa,22-Oct-10,22-Oct-10,200mg,Tablet,Yes,8559.24,Direct Drop,"Nevirapine 200mg, tablets, 60 Tabs",705.27,116000,327120.0,PMO - US,"Strides, Bangalore, India.",Nevirapine,2.82,6/17/10,SCMS-75540,FPQ-5648,06-02-10,ARV,161-ZA-T30,22-Oct-10,Ocean,Adult,60,0.05,STRIDES ARCOLAB LIMITED,DDP,7193
11381,DN-43,Viread,Rwanda,17-Mar-07,17-Mar-07,300mg,Tablet,Yes,11931,From RDC,"Tenofovir Disoproxil Fumarate 300mg [Viread], tablets, 30 Tabs",MIssing,4000,68000.0,PMO - US,Gilead(Nycomed) Oranienburg DE,Tenofovir Disoproxil Fumarate,17.0,N/A - From RDC,SO-396,Pre-PQ Process,Pre-PQ Process,ARV,107-RW-T01,17-Mar-07,Air,Adult,30,0.57,SCMS from RDC,N/A - From RDC,265
12037,DN-46,Generic,CÃte dIvoire,04-May-07,04-May-07,600mg,Tablet,No,See DN-46 (ID#:10550),From RDC,"Efavirenz 600mg, tablets, 30 Tabs",MIssing,6519,105933.75,PMO - US,"Aurobindo Unit III, India",Efavirenz,16.25,N/A - From RDC,SO-284,Pre-PQ Process,Pre-PQ Process,ARV,100-CI-T01,04-May-07,MIssing,Adult,30,0.54,SCMS from RDC,N/A - From RDC,See DN-46 (ID#:10550)
12244,DN-880,Uni-Gold,Kenya,08-Aug-08,08-Aug-08,MIssing,Test kit,Yes,167.44,From RDC,"HIV 1/2, Uni-Gold HIV Kit, 20 Tests",8.6,168,5376.0,PMO - US,"Trinity Biotech, Plc","HIV 1/2, Uni-Gold HIV Kit",32.0,N/A - From RDC,SO-12700,Pre-PQ Process,Pre-PQ Process,HRDT,510-KE-T01,08-Aug-08,Truck,HIV test,20,1.6,SCMS from RDC,N/A - From RDC,56
84108,DN-2340,Generic,Mozambique,30-Nov-11,30-Nov-11,10mg/ml,Oral solution,Yes,5678.14,From RDC,"Zidovudine 10mg/ml, oral solution w/syringe, Bottle, 240 ml",31.33,9400,18988.0,PMO - US,"Aurobindo Unit III, India",Zidovudine,2.02,N/A - From RDC,SO-38636,FPQ-7053,1/24/11,ARV,111-MZ-T30,30-Nov-11,Truck,Pediatric,240,0.01,SCMS from RDC,N/A - From RDC,3642
12246,DN-917,Generic,Nigeria,24-Sep-08,24-Sep-08,30mg,Capsule,No,See DN-917 (ID#:10745),From RDC,"Stavudine 30mg, capsules, 60 Caps",2.24,903,1399.65,PMO - US,"Aurobindo Unit III, India",Stavudine,1.55,N/A - From RDC,SO-2728,Pre-PQ Process,Pre-PQ Process,ARV,112-NG-T01,24-Sep-08,Air,Adult,60,0.03,SCMS from RDC,N/A - From RDC,See DN-917 (ID#:10745)
83922,DN-4320,Generic,Cameroon,19-Aug-15,31-Aug-15,200/50mg,Tablet,Yes,32165.56,From RDC,"Lopinavir/Ritonavir 200/50mg, tablets, 120 Tabs",273.44,12000,232320.0,PMO - US,"Aurobindo Unit III, India",Lopinavir/Ritonavir,19.36,N/A - From RDC,SO-51670,FPQ-16539,6/29/15,ARV,103-CM-T30,10-Aug-15,Air,Adult,120,0.16,SCMS from RDC,N/A - From RDC,2912
55890,ASN-19166,Generic,South Africa,16-Apr-13,16-Apr-13,150/300mg,Tablet - FDC,No,Freight Included in Commodity Cost,Direct Drop,"Lamivudine/Zidovudine 150/300mg, tablets, 60 Tabs",43.15,1152,34884.66,South Africa Field Office,"Cipla, Goa, India",Lamivudine/Zidovudine,30.28,Date Not Captured,SCMS-183950,FPQ-11828,3/18/13,ARV,116-ZA-T30,16-Apr-13,Truck,Adult,60,0.5,S. BUYS WHOLESALER,DDP,Weight Captured Separately
28335,ASN-5660,Determine,Kenya,18-Jan-10,18-Jan-10,MIssing,Test kit,Yes,10075.76,Direct Drop,"HIV 1/2, Determine Complete HIV Kit, 100 Tests",588,3750,300000.0,PMO - US,Inverness Japan,"HIV 1/2, Determine Complete HIV Kit",80.0,10/23/09,SCMS-55902,FPQ-4250,9/16/09,HRDT,102-KE-T30,18-Jan-10,Air,HIV test,100,0.8,"Orgenics, Ltd",EXW,1065
6139,ASN-3423,Paramax,Guyana,06-Mar-09,06-Mar-09,MIssing,Test kit,Yes,Freight Included in Commodity Cost,Direct Drop,"Malaria Paramax-3 Kit, 25 Tests",7.94,108,4050.0,PMO - US,Not Applicable,Malaria Paramax-3 Kit,37.5,11/19/08,SCMS-33940,Pre-PQ Process,Pre-PQ Process,MRDT,102-GY-T01,06-Mar-09,Air,Malaria,25,1.5,ZEPHYR BIOMEDICALS,CIP,Weight Captured Separately
84811,DN-3121,Generic,Uganda,09-Aug-13,09-Aug-13,300/300mg,Tablet - FDC,No,See DN-3121 (ID#:83677),From RDC,"Lamivudine/Tenofovir Disoproxil Fumarate 300/300mg, tablets, 30 Tabs",9.38,1613,7581.1,PMO - US,"Aurobindo Unit VII, IN",Lamivudine/Tenofovir Disoproxil Fumarate,4.7,N/A - From RDC,SO-43650,FPQ-10946,11-01-12,ARV,114-UG-T30,09-Aug-13,Air,Adult,30,0.16,SCMS from RDC,N/A - From RDC,See DN-3121 (ID#:83677)
21279,ASN-18701,Generic,"Congo, DRC",11-Jul-13,11-Jul-13,50mg,Chewable/dispersible tablet,Yes,938.05,Direct Drop,"Nevirapine 50mg, dispersible tablets (tablets for oral suspension), 30 Tabs",1.52,984,1230.0,PMO - US,"Aurobindo Unit III, India",Nevirapine,1.25,01-03-13,SCMS-170580,FPQ-11103,12-07-12,ARV,101-CD-T30,11-Jul-13,Air,Pediatric,30,0.04,Aurobindo Pharma Limited,EXW,53
86212,DN-4326,Generic,CÃte dIvoire,20-Aug-15,25-Aug-15,600mg,Tablet,Yes,4958,From RDC,"Efavirenz 600mg, tablets, 30 Tabs",36.8,9800,31262.0,PMO - US,"Strides, Bangalore, India.",Efavirenz,3.19,N/A - From RDC,SO-50103,FPQ-15259,10/24/14,ARV,104-CI-T30,14-Aug-15,Truck,Adult,30,0.11,SCMS from RDC,N/A - From RDC,622
10995,DN-1043,Generic,Uganda,04-Feb-09,04-Feb-09,150/300/200mg,Tablet - FDC,Yes,13586.1,From RDC,"Lamivudine/Nevirapine/Zidovudine 150/200/300mg, tablets, 60 Tabs",462.56,20000,236000.0,PMO - US,"Aurobindo Unit III, India",Lamivudine/Nevirapine/Zidovudine,11.8,N/A - From RDC,SO-17720,Pre-PQ Process,Pre-PQ Process,ARV,114-UG-T01,04-Feb-09,Air,Adult,60,0.2,SCMS from RDC,N/A - From RDC,2283
5551,ASN-1403,Capillus,Haiti,10-Mar-08,10-Mar-08,MIssing,Test kit,Yes,897.52,Direct Drop,"HIV 1/2, Capillus HIV Kit, 100 Tests",0.44,2,278.0,PMO - US,"Trinity Biotech, Plc","HIV 1/2, Capillus HIV Kit",139.0,Date Not Captured,SCMS-15480,Pre-PQ Process,Pre-PQ Process,HRDT,100-HT-T01,10-Mar-08,Air,HIV test,100,1.39,"Trinity Biotech, Plc",EXW,1
12797,DN-682,Generic,Haiti,21-Mar-08,21-Mar-08,20mg/ml,Oral solution,No,See DN-682 (ID#:10963),From RDC,"Abacavir 20mg/ml, oral solution, Bottle, 240 ml",3.38,128,2112.0,PMO - US,"Aurobindo Unit III, India",Abacavir,16.5,N/A - From RDC,SO-2042,Pre-PQ Process,Pre-PQ Process,ARV,106-HT-T01,21-Mar-08,Air,Pediatric,240,0.07,SCMS from RDC,N/A - From RDC,See DN-682 (ID#:10963)
57537,ASN-27978,Generic,South Africa,27-Aug-14,27-Aug-14,600mg,Tablet,No,Freight Included in Commodity Cost,Direct Drop,"Efavirenz 600mg, tablets, 30 Tabs",4.2,203,3395.39,PMO - US,Hetero Unit III Hyderabad IN,Efavirenz,16.73,8/27/14,SCMS-199283,FPQ-12522,07-11-13,ARV,116-ZA-T30,27-Aug-14,Truck,Adult,30,0.56,S. BUYS WHOLESALER,DDP,Weight Captured Separately
83174,DN-3371,Aluvia,CÃte dIvoire,22-Oct-13,19-Nov-13,200/50mg,Tablet,Yes,27875.36,From RDC,"Lopinavir/Ritonavir 200/50mg [Aluvia], tablets, 120 Tabs",378.16,15119,305706.18,PMO - US,ABBVIE Ludwigshafen Germany,Lopinavir/Ritonavir,20.22,N/A - From RDC,SO-44210,FPQ-11253,12/14/12,ARV,104-CI-T30,31-Oct-13,Truck,Adult,120,0.17,SCMS from RDC,N/A - From RDC,7541
41399,ASN-30327,Generic,Haiti,24-Feb-15,24-Feb-15,300mg,Tablet,Yes,2391.08,Direct Drop,"Tenofovir Disoproxil Fumarate 300mg, tablets, 30 Tabs",1.4,384,1363.2,PMO - US,Hetero Unit III Hyderabad IN,Tenofovir Disoproxil Fumarate,3.55,11/14/14,SCMS-261050,FPQ-14895,9/24/14,ARV,106-HT-T30,24-Feb-15,Air,Adult,30,0.12,HETERO LABS LIMITED,EXW,42
10967,DN-667,Generic,Kenya,26-Mar-08,26-Mar-08,MIssing,Test kit - Ancillary,Yes,190.06,From RDC,"HIV, Lancet, Safety, for HIV Test kits, 100 Pcs",1.92,240,1200.0,PMO - US,Inverness Japan,"HIV, Lancet, Safety, for HIV Test kits, 100 Pcs",5.0,N/A - From RDC,SO-1390,Pre-PQ Process,Pre-PQ Process,HRDT,102-KE-T01,26-Mar-08,Truck,HIV test - Ancillary,100,0.05,SCMS from RDC,N/A - From RDC,751
1644,ASN-1934,Determine,CÃte dIvoire,22-Jul-08,22-Jul-08,MIssing,Test kit,Yes,5175.72,Direct Drop,"HIV 1/2, Determine HIV Kit, without Lancets, 100 Tests",124.99,1116,78120.0,PMO - US,Inverness Japan,"HIV 1/2, Determine HIV Kit, without Lancets",70.0,2/28/08,SCMS-18450,Pre-PQ Process,Pre-PQ Process,HRDT,104-CI-T01,22-Jul-08,Air,HIV test,100,0.7,"Orgenics, Ltd",EXW,255
41238,ASN-30861,Generic,Afghanistan,12-Jul-15,13-Jul-15,600mg/2ml,Injection,Yes,555.49,Direct Drop,"Quinine 600mg/2ml (as dihydrochloride), injection, 2ml x 100 Ampules",0.94,32,800.0,PMO - US,"Gland Pharma, Hyderabad, IN",Quinine (as dihydrochloride),25.0,02-09-15,SCMS-275090,FPQ-15746,1/20/15,ANTM,101-AF-T30,12-Jul-15,Air,Malaria,100,0.25,IMRES B.V.,EXW,68
84731,DN-2694,Generic,Zimbabwe,27-Jun-12,27-Jun-12,150/300/200mg,Tablet - FDC,No,See DN-2694 (ID#:82483),From RDC,"Lamivudine/Nevirapine/Zidovudine 150/200/300mg, tablets, 60 Tabs",196.51,11574,119096.46,PMO - US,Mylan (formerly Matrix) Nashik,Lamivudine/Nevirapine/Zidovudine,10.29,N/A - From RDC,SO-40891,FPQ-8464,10-04-11,ARV,113-ZW-T30,16-Oct-12,Truck,Adult,60,0.17,SCMS from RDC,N/A - From RDC,See DN-2694 (ID#:82483)
64051,ASN-8529,Determine,Rwanda,17-Nov-10,17-Nov-10,MIssing,Test kit,Yes,50550.58,Direct Drop,"HIV 1/2, Determine HIV Kit, without Lancets, 100 Tests",837.61,5000,388500.0,PMO - US,Inverness Japan,"HIV 1/2, Determine HIV Kit, without Lancets",77.7,7/21/10,SCMS-75800,FPQ-5792,06-07-10,HRDT,107-RW-T30,17-Nov-10,Air,HIV test,100,0.78,"Orgenics, Ltd",EXW,1134
83746,DN-3458,Generic,Tanzania,25-Feb-14,13-Mar-14,200mg,Tablet,No,See DN-3458 (ID#:83196),From RDC,"Efavirenz 200mg, scored tablets, 90 Tabs",65.42,5687,52889.1,PMO - US,"Strides, Bangalore, India.",Efavirenz,9.3,N/A - From RDC,SO-45995,FPQ-12587,07-04-13,ARV,109-TZ-T30,31-Dec-13,Truck,Pediatric,90,0.1,SCMS from RDC,N/A - From RDC,See DN-3458 (ID#:83196)
40702,ASN-31321,Determine,South Sudan,03-Jun-15,05-Jun-15,MIssing,Test kit - Ancillary,No,See ASN-31321 (ID#:30363),Direct Drop,"Chase Buffer, Determine, 100 Tests, 2.5ml x 1 Vial",0.26,45,225.0,PMO - US,"Alere Medical Co., Ltd.","Chase Buffer, Determine, 100 Tests, 2.5ml x 1 Vial",5.0,2/20/15,SCMS-272160,FPQ-15569,12/29/14,HRDT,105-SS-T30,03-Jun-15,Air,HIV test - Ancillary,1,5.0,"Orgenics, Ltd",EXW,See ASN-31321 (ID#:30363)
80343,ASN-20331,Determine,South Sudan,20-Sep-13,20-Sep-13,MIssing,Test kit - Ancillary,No,See ASN-20331 (ID#:34113),Direct Drop,"Capillary Tubes, for Determine, EDTA, 50uL,100 Pcs",1.14,115,920.0,PMO - US,"Alere Medical Co., Ltd.","HIV, Capillary Tubes, for Determine, EDTA, 50uL,100 Pcs",8.0,2/26/13,SCMS-176931,FPQ-11539,1/24/13,HRDT,105-SS-T30,20-Sep-13,Air,HIV test - Ancillary,100,0.08,"Orgenics, Ltd",EXW,See ASN-20331 (ID#:34113)
83000,DN-2493,Generic,"Congo, DRC",14-Feb-12,14-Feb-12,300mg,Tablet,No,See DN-2493 (ID#:82432),From RDC,"Abacavir 300mg, tablets, 60 Tabs",0.21,10,146.3,PMO - US,Mylan (formerly Matrix) Nashik,Abacavir,14.63,N/A - From RDC,SO-41131,FPQ-8840,11/21/11,ARV,101-CD-T30,16-Mar-12,Air,Adult,60,0.24,SCMS from RDC,N/A - From RDC,See DN-2493 (ID#:82432)
84538,DN-1700,Generic,Nigeria,31-Mar-10,31-Mar-10,150/200/30mg,Tablet - FDC,Yes,Freight Included in Commodity Cost,From RDC,"Lamivudine/Nevirapine/Stavudine 150/200/30mg, tablets, 60 Tabs",19.76,1500,9165.0,PMO - US,"Strides, Bangalore, India.",Lamivudine/Nevirapine/Stavudine,6.11,N/A - From RDC,SO-35040,FPQ-4537,11-06-09,ARV,151-NG-T30,19-Apr-10,Air Charter,Adult,60,0.1,SCMS from RDC,N/A - From RDC,113
82491,DN-2754,Generic,CÃte dIvoire,31-Jul-12,31-Jul-12,150/300/200mg,Tablet - FDC,Yes,11702.27,From RDC,"Lamivudine/Nevirapine/Zidovudine 150/200/300mg, tablets, 60 Tabs",1100.73,80032,785113.92,PMO - US,"Aurobindo Unit III, India",Lamivudine/Nevirapine/Zidovudine,9.81,N/A - From RDC,SO-41191,FPQ-8790,11-11-11,ARV,104-CI-T30,31-Jul-12,Air,Adult,60,0.16,SCMS from RDC,N/A - From RDC,11720
86371,DN-2140,Generic,CÃte dIvoire,29-Mar-11,29-Mar-11,15mg,Capsule,No,See DN-2140 (ID#:85180),From RDC,"Stavudine 15mg, capsules, 60 Caps",2.62,1059,1588.5,PMO - US,"Aurobindo Unit III, India",Stavudine,1.5,N/A - From RDC,SO-38530,FPQ-6891,12/21/10,ARV,104-CI-T30,31-Mar-11,Air,Adult,60,0.02,SCMS from RDC,N/A - From RDC,See DN-2140 (ID#:85180)
63308,ASN-24433,Generic,South Africa,07-Feb-14,07-Feb-14,50mg,Capsule,No,Freight Included in Commodity Cost,Direct Drop,"Efavirenz 50mg, capsule, 30 Caps",0.29,71,235.46,PMO - US,"Aurobindo Unit III, India",Efavirenz,3.32,8/13/13,SCMS-199280,FPQ-12522,07-11-13,ARV,116-ZA-T30,07-Feb-14,Truck,Pediatric,30,0.11,S. BUYS WHOLESALER,DDP,Weight Captured Separately
83092,DN-2931,Generic,Zambia,17-Dec-12,17-Dec-12,150mg,Tablet,Yes,5213.54,From RDC,"Lamivudine 150mg, tablets, 60 Tabs",46.61,15393,33248.88,PMO - US,Hetero Unit III Hyderabad IN,Lamivudine,2.16,N/A - From RDC,SO-43151,FPQ-10530,8/21/12,ARV,110-ZM-T30,26-Dec-12,Truck,Adult,60,0.04,SCMS from RDC,N/A - From RDC,768
56906,ASN-22588,Generic,Uganda,21-Nov-13,22-Nov-13,300mg,Capsule,Yes,2242.71,Direct Drop,"Atazanavir 300mg, capsules, 30 Caps",130.53,7035,105525.0,PMO - US,Mylan (formerly Matrix) Nashik,Atazanavir,15.0,6/24/13,SCMS-192360,FPQ-12290,5/17/13,ARV,114-UG-T30,21-Nov-13,Air,Adult,30,0.5,MYLAN LABORATORIES LTD (FORMERLY MATRIX LABORATORIES),EXW,440
84067,DN-2139,Generic,CÃte dIvoire,29-Mar-11,29-Mar-11,200mg,Chewable/dispersible tablet,Yes,17941.47,From RDC,"Didanosine 200mg, chewable/dispersible tablets, 60 Tabs",21.65,648,10044.0,PMO - US,"Aurobindo Unit III, India",Didanosine,15.5,N/A - From RDC,SO-38300,FPQ-5925,6/23/10,ARV,104-CI-T30,15-Mar-11,Air,Pediatric,60,0.26,SCMS from RDC,N/A - From RDC,138
83618,DN-2812,Generic,"Congo, DRC",14-Feb-13,14-Feb-13,300/300mg,Tablet - FDC,No,See DN-2812 (ID#:83068),From RDC,"Lamivudine/Tenofovir Disoproxil Fumarate 300/300mg, tablets, 30 Tabs",2.77,369,1977.84,PMO - US,Mylan (formerly Matrix) Nashik,Lamivudine/Tenofovir Disoproxil Fumarate,5.36,N/A - From RDC,SO-42340,FPQ-9906,5/15/12,ARV,102-CD-T30,14-Feb-13,Air,Adult,30,0.18,SCMS from RDC,N/A - From RDC,See DN-2812 (ID#:83068)
31332,ASN-27786,Generic,"Congo, DRC",05-Feb-15,11-Feb-15,500/25mg,Tablet - FDC,Yes,9693.68,Direct Drop,"Sulfadoxine/Pyrimethamine 500/25mg, tablets, 1000 Tabs",38.45,1370,37401.0,PMO - US,"Guilin OSD site, No 17, China",Sulfadoxine/Pyrimethamine,27.3,08-04-14,SCMS-250300,FPQ-14569,7/23/14,ANTM,101-CD-T30,05-Feb-15,Air,Malaria,1000,0.03,IMRES B.V.,EXW,1125
55050,ASN-9434,Generic,Rwanda,11-Jan-11,11-Jan-11,600mg,Tablet,Yes,Freight Included in Commodity Cost,Direct Drop,"Efavirenz 600mg, tablets, 30 Tabs",19.55,2094,9067.02,PMO - US,Hetero Unit III Hyderabad IN,Efavirenz,4.33,9/27/10,SCMS-83360,FPQ-6186,8/13/10,ARV,107-RW-T30,11-Jan-11,Air,Adult,30,0.14,HETERO LABS LIMITED,CIP,Weight Captured Separately
84012,DN-1875,Generic,Zambia,29-Jun-10,29-Jun-10,600mg,Tablet,No,See DN-1875 (ID#:82330),From RDC,"Efavirenz 600mg, tablets, 30 Tabs",991.76,100000,460000.0,PMO - US,Hetero Unit III Hyderabad IN,Efavirenz,4.6,N/A - From RDC,SO-36850,FPQ-5702,5/20/10,ARV,110-ZM-T30,04-Nov-10,Truck,Adult,30,0.15,SCMS from RDC,N/A - From RDC,See DN-1875 (ID#:82330)
38951,ASN-33852,Generic,South Africa,24-Aug-15,24-Aug-15,400mg,Delayed-release capsules,No,Freight Included in Commodity Cost,Direct Drop,"Didanosine 400mg, delayed-release capsules, 30 Caps",0.14,9,137.45,PMO - US,"Aurobindo Unit III, India",Didanosine,15.27,10-09-14,SCMS-259079,FPQ-14942,09-11-14,ARV,116-ZA-T30,24-Aug-15,Truck,Adult,30,0.51,PHARMACY DIRECT,DDP,Weight Captured Separately
84684,DN-2434,Generic,Zambia,28-Nov-11,28-Nov-11,300mg,Tablet,Yes,889.94,From RDC,"Zidovudine 300mg, tablets, 60 Tabs",73.85,6376,44759.52,PMO - US,Hetero Unit III Hyderabad IN,Zidovudine,7.02,N/A - From RDC,SO-40272,FPQ-7767,7/26/11,ARV,110-ZM-T30,28-Feb-12,Truck,Adult,60,0.12,SCMS from RDC,N/A - From RDC,639
12835,DN-893,Generic,Tanzania,15-Sep-08,15-Sep-08,300mg,Tablet,No,See DN-893 (ID#:11596),From RDC,"Abacavir 300mg, tablets, 60 Tabs",252.4,5730,157746.9,PMO - US,"Aurobindo Unit III, India",Abacavir,27.53,N/A - From RDC,SO-1697,Pre-PQ Process,Pre-PQ Process,ARV,109-TZ-T01,15-Sep-08,MIssing,Adult,60,0.46,SCMS from RDC,N/A - From RDC,See DN-893 (ID#:11596)
86366,DN-2115,Generic,Zambia,16-Mar-11,16-Mar-11,300mg,Tablet,Yes,8098.12,From RDC,"Abacavir 300mg, tablets, 60 Tabs",541.37,16200,251100.0,PMO - US,Mylan (formerly Matrix) Nashik,Abacavir,15.5,N/A - From RDC,SO-38590,FPQ-6222,8/20/10,ARV,110-ZM-T30,28-Feb-11,Air,Adult,60,0.26,SCMS from RDC,N/A - From RDC,1583
18904,ASN-20777,Kaletra,"Congo, DRC",20-Nov-13,26-Nov-13,80/20mg/ml,Oral solution,Yes,460.9,Direct Drop,"Lopinavir/Ritonavir 80/20mg/ml [Kaletra], oral solution, cool, Bottle 5 x 60 ml",1.14,30,924.6,PMO - US,ABBVIE (Abbott) Logis. UK,Lopinavir/Ritonavir,30.82,5/23/13,SCMS-189060,FPQ-12093,4/23/13,ARV,101-CD-T30,20-Nov-13,Air,Pediatric,300,0.1,ABBVIE LOGISTICS (FORMERLY ABBOTT LOGISTICS BV),FCA,56
63064,ASN-22347,Determine,Nigeria,07-Nov-13,17-Nov-13,MIssing,Test kit,Yes,19891.2,Direct Drop,"HIV 1/2, Determine Complete HIV Kit, 100 Tests",332.81,3023,269047.0,PMO - US,"Alere Medical Co., Ltd.","HIV 1/2, Determine Complete HIV Kit",89.0,07-10-13,SCMS-196561,FPQ-12456,06-10-13,HRDT,133-NG-T30,07-Nov-13,Air,HIV test,100,0.89,"Orgenics, Ltd",EXW,1221
86257,DN-1620,Generic,CÃte dIvoire,23-Jan-10,23-Jan-10,150/300/200mg,Tablet - FDC,No,See DN-1620 (ID#:83974),From RDC,"Lamivudine/Nevirapine/Zidovudine 150/200/300mg, tablets, 60 Tabs",769.69,35000,392700.0,PMO - US,"Aurobindo Unit III, India",Lamivudine/Nevirapine/Zidovudine,11.22,N/A - From RDC,SO-34521,FPQ-3964,7/24/09,ARV,104-CI-T30,08-Feb-10,Air,Adult,60,0.19,SCMS from RDC,N/A - From RDC,See DN-1620 (ID#:83974)
22855,ASN-18216,Generic,Rwanda,22-Apr-13,22-Apr-13,300mg,Tablet,Yes,59186.46,Direct Drop,"Abacavir 300mg, tablets, 60 Tabs",615.29,37350,438862.5,PMO - US,Mylan (formerly Matrix) Nashik,Abacavir,11.75,11-09-12,SCMS-162530,FPQ-10752,10-03-12,ARV,107-RW-T30,22-Apr-13,Ocean,Adult,60,0.2,MYLAN LABORATORIES LTD (FORMERLY MATRIX LABORATORIES),EXW,3860
86567,DN-3115,Generic,Zambia,14-May-13,14-May-13,200/300mg,Tablet - FDC,Yes,7513.5,From RDC,"Emtricitabine/Tenofovir Disoproxil Fumarate 200/300mg, tablets, 30 Tabs",136.78,18216,110571.12,PMO - US,Mylan (formerly Matrix) Nashik,Emtricitabine/Tenofovir Disoproxil Fumarate,6.07,N/A - From RDC,SO-44900,FPQ-11969,3/26/13,ARV,110-ZM-T30,28-Jun-13,Air,Adult,30,0.2,SCMS from RDC,N/A - From RDC,1500
84194,DN-2878,Generic,Zimbabwe,18-Oct-12,18-Oct-12,200mg,Tablet,Yes,8443.89,From RDC,"Nevirapine 200mg, tablets, 60 Tabs",252.66,74469,180214.98,PMO - US,Hetero Unit III Hyderabad IN,Nevirapine,2.42,N/A - From RDC,SO-42280,FPQ-9927,5/15/12,ARV,102-ZW-T30,31-Oct-12,Truck,Adult,60,0.04,SCMS from RDC,N/A - From RDC,4282
83037,DN-2661,Generic,Zambia,18-Jun-12,18-Jun-12,600mg,Tablet,Yes,4496.13,From RDC,"Efavirenz 600mg, tablets, 30 Tabs",266.8,46190,190302.8,PMO - US,"Strides, Bangalore, India.",Efavirenz,4.12,N/A - From RDC,SO-41710,FPQ-9472,03-08-12,ARV,110-ZM-T30,26-Jul-12,Truck,Adult,30,0.14,SCMS from RDC,N/A - From RDC,4539
15804,ASN-19657,Clearview,Mali,03-Jul-13,03-Jul-13,MIssing,Test kit,Yes,779.06,Direct Drop,"HIV 1/2, Clearview Complete Kit, 25 Tests",2.35,20,1900.0,PMO - US,Chembio Diagnostics Sys. Inc.,"HIV 1/2, Clearview Complete Kit",95.0,04-11-13,SCMS-182801,FPQ-11783,3/15/13,HRDT,102-ML-T30,03-Jul-13,Air,HIV test,25,3.8,"Orgenics, Ltd",EXW,9
57738,ASN-21499,Generic,Cameroon,26-Sep-13,26-Sep-13,600/300/300mg,Tablet - FDC,Yes,43408.7,Direct Drop,"Efavirenz/Lamivudine/Tenofovir Disoproxil Fumarate 600/300/300mg, tablets, 30 Tabs",612.49,44407,495138.05,PMO - US,Mylan (formerly Matrix) Nashik,Efavirenz/Lamivudine/Tenofovir Disoproxil Fumarate,11.15,6/28/13,SCMS-196510,FPQ-12528,6/21/13,ARV,901-CM-T30,26-Sep-13,Air,Adult,30,0.37,MYLAN LABORATORIES LTD (FORMERLY MATRIX LABORATORIES),EXW,5016
53691,ASN-28330,Determine,CÃte dIvoire,07-Oct-14,09-Oct-14,MIssing,Test kit,Yes,7651.46,Direct Drop,"HIV 1/2, Determine Complete HIV Kit, 100 Tests",120.89,1470,117600.0,PMO - US,"Alere Medical Co., Ltd.","HIV 1/2, Determine Complete HIV Kit",80.0,2/26/14,SCMS-228060,FPQ-13602,1/22/14,HRDT,104-CI-T30,07-Oct-14,Air,HIV test,100,0.8,"Orgenics, Ltd",EXW,595
9253,ASN-83,Determine,Haiti,18-Oct-06,18-Oct-06,MIssing,Test kit,Yes,1215.84,Direct Drop,"HIV 1/2, Determine Complete HIV Kit, 100 Tests",MIssing,500,40000.0,PMO - US,ABBVIE GmbH & Co.KG Wiesbaden,"HIV 1/2, Determine Complete HIV Kit",80.0,Date Not Captured,SCMS-63,Pre-PQ Process,Pre-PQ Process,HRDT,106-HT-T01,18-Oct-06,Air,HIV test,100,0.8,Abbott GmbH & Co. KG,EXW,169
57541,ASN-12216,Invirase,Mozambique,02-Nov-11,02-Nov-11,200mg,Capsule,Yes,2556.61,Direct Drop,"Saquinavir 200mg [Invirase], capsules, 270 Caps",78.74,461,47723.35,PMO - US,Roche Basel,Saquinavir,103.52,02-08-11,SCMS-98430,FPQ-7054,1/21/11,ARV,111-MZ-T30,02-Nov-11,Air,Adult,270,0.38,Hoffmann-La Roche ltd Basel,FCA,238
44121,ASN-21890,Uni-Gold,Swaziland,30-Nov-13,27-Mar-14,MIssing,Test kit,Yes,Invoiced Separately,Direct Drop,"HIV 1/2, Uni-Gold HIV Kit, 20 Tests",7.92,200,6400.0,PMO - US,"Trinity Biotech, Plc","HIV 1/2, Uni-Gold HIV Kit",32.0,09-04-13,SCMS-200930,FPQ-12624,7/18/13,HRDT,102-SZ-T30,30-Nov-13,Air,HIV test,20,1.6,"Trinity Biotech, Plc",EXW,Weight Captured Separately
53560,ASN-22346,Determine,Nigeria,08-Nov-13,17-Nov-13,MIssing,Test kit,Yes,21084.84,Direct Drop,"HIV 1/2, Determine Complete HIV Kit, 100 Tests",334.46,3038,270382.0,PMO - US,"Alere Medical Co., Ltd.","HIV 1/2, Determine Complete HIV Kit",89.0,07-10-13,SCMS-196561,FPQ-12456,06-10-13,HRDT,133-NG-T30,07-Nov-13,Air,HIV test,100,0.89,"Orgenics, Ltd",EXW,1234
84556,DN-1801,Generic,Uganda,03-May-10,03-May-10,600mg,Tablet,No,See DN-1801 (ID#:83423),From RDC,"Efavirenz 600mg, tablets, 30 Tabs",16.6,1621,7699.75,PMO - US,Mylan (formerly Matrix) Nashik,Efavirenz,4.75,N/A - From RDC,SO-34940,FPQ-4495,10/28/09,ARV,114-UG-T30,03-May-10,Air,Adult,30,0.16,SCMS from RDC,N/A - From RDC,See DN-1801 (ID#:83423)
85217,DN-2459,Generic,CÃte dIvoire,06-Feb-12,06-Feb-12,300mg,Tablet,No,See DN-2459 (ID#:82424),From RDC,"Zidovudine 300mg, tablets, 60 Tabs",157.41,13590,95401.8,PMO - US,Mylan (formerly Matrix) Nashik,Zidovudine,7.02,N/A - From RDC,SO-40791,FPQ-8295,8/25/11,ARV,104-CI-T30,06-Feb-12,Truck,Adult,60,0.12,SCMS from RDC,N/A - From RDC,See DN-2459 (ID#:82424)
82698,DN-3807,Generic,Nigeria,20-Jun-14,25-Jun-14,300/300mg,Tablet - FDC,Yes,28812.57,From RDC,"Lamivudine/Tenofovir Disoproxil Fumarate 300/300mg, tablets, 30 Tabs",23.85,5000,23200.0,PMO - US,"Cipla, Kurkumbh, India",Lamivudine/Tenofovir Disoproxil Fumarate,4.64,N/A - From RDC,SO-48901,FPQ-14156,4/25/14,ARV,151-NG-T30,31-Oct-14,Air Charter,Adult,30,0.15,SCMS from RDC,N/A - From RDC,1447
85791,DN-2361,Generic,Guyana,28-Sep-11,28-Sep-11,200mg,Capsule,No,See DN-2361 (ID#:84673),From RDC,"Efavirenz 200mg, capsule, 90 Caps",1.55,106,940.22,PMO - US,"Aurobindo Unit III, India",Efavirenz,8.87,N/A - From RDC,SO-40450,FPQ-8024,8/19/11,ARV,105-GY-T30,15-Dec-11,Air,Pediatric,90,0.1,SCMS from RDC,N/A - From RDC,See DN-2361 (ID#:84673)
53659,ASN-19076,Determine,Zambia,06-Jun-13,06-Jun-13,MIssing,Test kit,Yes,21684.99,Direct Drop,"HIV 1/2, Determine Complete HIV Kit, 100 Tests",287.97,2910,232800.0,PMO - US,"Alere Medical Co., Ltd.","HIV 1/2, Determine Complete HIV Kit",80.0,1/23/13,SCMS-173920,FPQ-11390,01-08-13,HRDT,110-ZM-T30,05-Jun-13,Air,HIV test,100,0.8,"Orgenics, Ltd",EXW,2910
84272,DN-3203,Generic,Zambia,23-Jul-13,23-Jul-13,600/200/300mg,Tablet - FDC,Yes,31401.08,From RDC,"Efavirenz/Emtricitabine/Tenofovir Disoproxil Fumarate 600/200/300mg, tablets, 30 Tabs",2824.96,176213,2283720.48,PMO - US,Mylan (formerly Matrix) Nashik,Efavirenz/Emtricitabine/Tenofovir Disoproxil Fumarate,12.96,N/A - From RDC,SO-43830,FPQ-11032,11/28/12,ARV,110-ZM-T30,18-Jul-13,Truck,Adult,30,0.43,SCMS from RDC,N/A - From RDC,19962
42980,ASN-14231,Colloidal Gold,Ethiopia,02-Apr-12,02-Apr-12,MIssing,Test kit,Yes,6488.44,Direct Drop,"HIV 1/2, SKB Colloidal Gold, Diagnostic Kit, Antibody, 50 Tests",31.74,924,22638.0,PMO - US,"KHB Test Kit Facility, Shanghai China","HIV 1/2, Colloidal Gold, Diagnostic Kit, Antibody",24.5,1/23/12,SCMS-134760,FPQ-9210,1/18/12,HRDT,117-ET-T30,02-Apr-12,Air,HIV test,1,24.5,"SHANGHAI KEHUA BIOENGINEERING CO.,LTD.  (KHB)",EXW,656
85113,DN-1799,Generic,CÃte dIvoire,07-May-10,07-May-10,150mg,Tablet,No,See DN-1799 (ID#:84560),From RDC,"Lamivudine 150mg, tablets, 60 Tabs",49.01,9316,22731.04,PMO - US,"Strides, Bangalore, India.",Lamivudine,2.44,N/A - From RDC,SO-35560,FPQ-4659,12-08-09,ARV,104-CI-T30,10-May-10,Air,Adult,60,0.04,SCMS from RDC,N/A - From RDC,See DN-1799 (ID#:84560)
82457,DN-2581,Generic,South Sudan,08-Mar-12,08-Mar-12,300mg,Tablet,Yes,22788.95,From RDC,"Zidovudine 300mg, tablets, 60 Tabs",61.02,6200,43524.0,PMO - US,Hetero Unit III Hyderabad IN,Zidovudine,7.02,N/A - From RDC,SO-41080,FPQ-8624,11-04-11,ARV,900-SS-T30,21-Mar-12,Air,Adult,60,0.12,SCMS from RDC,N/A - From RDC,2652
11603,DN-1052,Generic,Ethiopia,03-Mar-09,03-Mar-09,600mg,Tablet,No,See DN-1052 (ID#:10737),From RDC,"Efavirenz 600mg, tablets, 30 Tabs",240.39,11549,122650.38,PMO - US,"Aurobindo Unit III, India",Efavirenz,10.62,N/A - From RDC,SO-22020,Pre-PQ Process,Pre-PQ Process,ARV,117-ET-T01,03-Mar-09,Air,Adult,30,0.35,SCMS from RDC,N/A - From RDC,See DN-1052 (ID#:10737)
1820,ASN-2640,Determine,Haiti,27-Oct-08,27-Oct-08,MIssing,Test kit,Yes,2851.72,Direct Drop,"HIV 1/2, Determine HIV Kit, without Lancets, 100 Tests",154.08,1123,78610.0,PMO - US,Inverness Japan,"HIV 1/2, Determine HIV Kit, without Lancets",70.0,5/23/08,SCMS-23980,Pre-PQ Process,Pre-PQ Process,HRDT,106-HT-T01,27-Oct-08,Air,HIV test,100,0.7,"Orgenics, Ltd",EXW,257
10695,DN-641,Generic,CÃte dIvoire,03-Mar-08,03-Mar-08,MIssing,Test kit - Ancillary,Yes,1759.4,From RDC,"HIV, Lancet, Safety, for HIV Test kits, 100 Pcs",0.02,1505,15.05,PMO - US,Inverness Japan,"HIV, Lancet, Safety, for HIV Test kits, 100 Pcs",0.01,N/A - From RDC,SO-791,Pre-PQ Process,Pre-PQ Process,HRDT,104-CI-T01,03-Mar-08,MIssing,HIV test - Ancillary,100,0.0,SCMS from RDC,N/A - From RDC,440
10545,DN-27,Generic,Nigeria,22-Feb-07,22-Feb-07,150mg,Tablet,No,See DN-27 (ID#:10544),From RDC,"Lamivudine 150mg, tablets, 60 Tabs",MIssing,2170,6727.0,PMO - US,"Aurobindo Unit III, India",Lamivudine,3.1,N/A - From RDC,SO-339,Pre-PQ Process,Pre-PQ Process,ARV,112-NG-T01,22-Feb-07,MIssing,Adult,60,0.05,SCMS from RDC,N/A - From RDC,See DN-27 (ID#:10544)
9751,ASN-2293,Stocrin/Sustiva,South Africa,08-May-08,08-May-08,200mg,Capsule,No,Freight Included in Commodity Cost,Direct Drop,"Efavirenz 200mg [Stocrin/Sustiva], capsule, 90 Caps",4.12,80,2572.0,PMO - US,"MSD Midrand, Jburg, SA",Efavirenz,32.15,Date Not Captured,SCMS-23500,Pre-PQ Process,Pre-PQ Process,ARV,116-ZA-T01,20-Aug-08,Truck,Pediatric,90,0.36,S. BUYS WHOLESALER,DDP,Weight Captured Separately
2767,ASN-884,Videx,Vietnam,08-Nov-07,08-Nov-07,25mg,Chewable/dispersible tablet,Yes,2514.05,Direct Drop,"Didanosine 25mg [Videx], chewable tablets, 60 Tabs",8.96,800,5600.0,PMO - US,"BMS Meymac, France",Didanosine,7.0,07-03-07,SCMS-752,Pre-PQ Process,Pre-PQ Process,ARV,108-VN-T01,08-Nov-07,Air,Pediatric,60,0.12,BRISTOL-MYERS SQUIBB,CIP,161
64558,ASN-22493,Generic,Uganda,16-Nov-13,21-Nov-13,150/300/200mg,Tablet - FDC,Yes,20416.03,Direct Drop,"Lamivudine/Nevirapine/Zidovudine 150/200/300mg, tablets, 60 Tabs",395.27,39449,319536.9,PMO - US,"Cipla, Goa, India",Lamivudine/Nevirapine/Zidovudine,8.1,09-10-13,SCMS-198541,FPQ-12477,07-08-13,ARV,114-UG-T30,16-Nov-13,Air,Adult,60,0.13,CIPLA LIMITED,EXW,5714
40836,ASN-12992,Generic,South Africa,04-Jan-12,04-Jan-12,300mg,Tablet,Yes,5766.83,Direct Drop,"Zidovudine 300mg, tablets, 60 Tabs",76.9,6384,46603.2,PMO - US,"Aurobindo Unit III, India",Zidovudine,7.3,3/24/11,SCMS-103380,FPQ-7175,03-10-11,ARV,161-ZA-T30,04-Jan-12,Ocean,Adult,60,0.12,Aurobindo Pharma Limited,DDP,331
1889,ASN-2080,Generic,Rwanda,23-Jul-08,23-Jul-08,150/300/200mg,Tablet - FDC,Yes,38120.96,Direct Drop,"Lamivudine/Nevirapine/Zidovudine 150/200/300mg, tablets, 60 Tabs",1160.86,61021,725539.69,PMO - US,"Aurobindo Unit III, India",Lamivudine/Nevirapine/Zidovudine,11.89,6/13/08,SCMS-25520,Pre-PQ Process,Pre-PQ Process,ARV,107-RW-T01,23-Jul-08,Air,Adult,60,0.2,Aurobindo Pharma Limited,CIP,6768
12654,DN-144,Bioline,Tanzania,06-Jul-07,06-Jul-07,MIssing,Test kit,No,See DN-144 (ID#:12058),From RDC,"HIV 1/2, Bioline 3.0 Kit, Lancets, Capillary pipets, Alcohol swabs included, 25 Tests",MIssing,1539,30780.0,PMO - US,"Standard Diagnostics, Korea","HIV 1/2, Bioline 3.0 Kit, Lancets, Capillary pipets, Alcohol swabs included",20.0,N/A - From RDC,SO-306,Pre-PQ Process,Pre-PQ Process,HRDT,109-TZ-T01,06-Jul-07,Air,HIV test,25,0.8,SCMS from RDC,N/A - From RDC,See DN-144 (ID#:12058)
83117,DN-3015,Generic,Haiti,14-Mar-13,14-Mar-13,150/300/200mg,Tablet - FDC,No,See DN-3015 (ID#:82554),From RDC,"Lamivudine/Nevirapine/Zidovudine 150/200/300mg, tablets, 60 Tabs",414.69,39072,335237.76,PMO - US,Hetero Unit III Hyderabad IN,Lamivudine/Nevirapine/Zidovudine,8.58,N/A - From RDC,SO-44400,FPQ-11281,1/16/13,ARV,106-HT-T30,09-Apr-13,Air,Adult,60,0.14,SCMS from RDC,N/A - From RDC,See DN-3015 (ID#:82554)
82336,DN-1909,Generic,Nigeria,28-Jun-10,28-Jun-10,150mg,Tablet,Yes,Freight Included in Commodity Cost,From RDC,"Lamivudine 150mg, tablets, 60 Tabs",34.56,6570,16030.8,PMO - US,"Aurobindo Unit III, India",Lamivudine,2.44,N/A - From RDC,SO-36490,FPQ-5023,02-10-10,ARV,151-NG-T30,15-Jul-10,Air,Adult,60,0.04,SCMS from RDC,N/A - From RDC,307
86121,DN-3828,Generic,Mozambique,05-Nov-14,07-Nov-14,150/300mg,Tablet - FDC,No,See DN-3828 (ID#:82713),From RDC,"Lamivudine/Zidovudine 150/300mg, tablets, 60 Tabs",606.39,90472,589877.44,PMO - US,"Aurobindo Unit III, India",Lamivudine/Zidovudine,6.52,N/A - From RDC,SO-47080,FPQ-13123,10/21/13,ARV,111-MZ-T30,29-Aug-14,Truck,Adult,60,0.11,SCMS from RDC,N/A - From RDC,See DN-3828 (ID#:82713)
64493,ASN-8588,Determine,Kenya,12-Nov-10,12-Nov-10,MIssing,Test kit,Yes,13765.81,Direct Drop,"HIV 1/2, Determine Complete HIV Kit, 100 Tests",1389.82,7243,644627.0,PMO - US,Inverness Japan,"HIV 1/2, Determine Complete HIV Kit",89.0,8/27/10,SCMS-80820,FPQ-6114,7/23/10,HRDT,102-KE-T30,12-Nov-10,Air,HIV test,100,0.89,"Orgenics, Ltd",EXW,1247
86550,DN-3019,Generic,CÃte dIvoire,28-Feb-13,28-Feb-13,150/300/200mg,Tablet - FDC,No,See DN-3019 (ID#:84227),From RDC,"Lamivudine/Nevirapine/Zidovudine 150/200/300mg, tablets, 60 Tabs",771.79,64160,550492.8,PMO - US,Hetero Unit III Hyderabad IN,Lamivudine/Nevirapine/Zidovudine,8.58,N/A - From RDC,SO-43321,FPQ-10633,09-11-12,ARV,104-CI-T30,28-Feb-13,Truck,Adult,60,0.14,SCMS from RDC,N/A - From RDC,See DN-3019 (ID#:84227)
77772,ASN-6788,Aluvia,Uganda,12-May-10,12-May-10,200/50mg,Tablet,Yes,1238.94,Direct Drop,"Lopinavir/Ritonavir 200/50mg [Aluvia], tablets, 120 Tabs",12.47,160,5785.6,PMO - US,ABBVIE Ludwigshafen Germany,Lopinavir/Ritonavir,36.16,3/18/10,SCMS-68320,FPQ-5277,03-12-10,ARV,114-UG-T30,12-May-10,Air,Adult,120,0.3,ABBVIE LOGISTICS (FORMERLY ABBOTT LOGISTICS BV),FCA,47
6625,ASN-261,Viread,Vietnam,16-Mar-07,16-Mar-07,300mg,Tablet,Yes,14571.5,Direct Drop,"Tenofovir Disoproxil Fumarate 300mg [Viread], tablets, 30 Tabs",MIssing,1900,32300.0,PMO - US,Gilead(Nycomed) Oranienburg DE,Tenofovir Disoproxil Fumarate,17.0,12-02-06,SCMS-166,Pre-PQ Process,Pre-PQ Process,ARV,108-VN-T01,16-Mar-07,Air,Adult,30,0.57,"GILEAD SCIENCES IRELAND, INC.",EXW,116
12242,DN-1098,Generic,CÃte dIvoire,27-Feb-09,27-Feb-09,10mg/ml,Oral suspension,Yes,5463.97,From RDC,"Nevirapine 10mg/ml, oral suspension, Bottle, 240 ml",11.2,2976,5713.92,PMO - US,"Aurobindo Unit III, India",Nevirapine,1.92,N/A - From RDC,SO-21841,Pre-PQ Process,Pre-PQ Process,ARV,104-CI-T01,27-Feb-09,Air,Pediatric,240,0.01,SCMS from RDC,N/A - From RDC,209
85713,DN-2032,Generic,Zambia,08-Nov-10,08-Nov-10,150/200/30mg,Tablet - FDC,No,See DN-2032 (ID#:82921),From RDC,"Lamivudine/Nevirapine/Stavudine 150/200/30mg, tablets, 60 Tabs",810.68,69247,376011.21,PMO - US,"Cipla, Goa, India",Lamivudine/Nevirapine/Stavudine,5.43,N/A - From RDC,SO-36842,FPQ-5702,5/20/10,ARV,110-ZM-T30,04-Nov-10,Truck,Adult,60,0.09,SCMS from RDC,N/A - From RDC,See DN-2032 (ID#:82921)
85032,DN-4263,Generic,Nigeria,29-Apr-15,29-Apr-15,30/50/60mg,Chewable/dispersible tablet - FDC,Yes,1871.34,From RDC,"Lamivudine/Nevirapine/Zidovudine 30/50/60mg, dispersible tablets, 60 Tabs",50.55,13660,49176.0,PMO - US,Mylan (formerly Matrix) Nashik,Lamivudine/Nevirapine/Zidovudine,3.6,N/A - From RDC,SO-49937,FPQ-14989,9/19/14,ARV,151-NG-T30,30-Jun-15,Air Charter,Pediatric,60,0.06,SCMS from RDC,N/A - From RDC,849
48228,ASN-21347,Stat-Pak,CÃte dIvoire,03-Sep-13,03-Sep-13,MIssing,Test kit,Yes,10821.66,Direct Drop,"HIV 1/2, Stat-Pak HIV, Kit, 20 Tests",121.97,3400,98600.0,PMO - US,Chembio Diagnostics Sys. Inc.,"HIV 1/2, Stat-Pak HIV, Kit",29.0,5/21/13,SCMS-190720,FPQ-12134,4/23/13,HRDT,104-CI-T30,03-Sep-13,Air,HIV test,20,1.45,"CHEMBIO DIAGNOSTIC SYSTEMS, INC.",EXW,1252
2438,ASN-3752,Zerit,South Africa,21-Nov-08,21-Nov-08,20mg,Capsule,No,Freight Included in Commodity Cost,Direct Drop,"Stavudine 20mg [Zerit], capsules, 60 Caps",0.73,100,371.0,PMO - US,"BMS Meymac, France",Stavudine,3.71,Date Not Captured,SCMS-41140,Pre-PQ Process,Pre-PQ Process,ARV,116-ZA-T01,31-Mar-09,Air,Adult,60,0.06,S. BUYS WHOLESALER,DDP,Weight Captured Separately
56734,ASN-11804,Generic,South Africa,04-Jan-12,04-Jan-12,300mg,Tablet,Yes,3649.67,Direct Drop,"Abacavir 300mg, tablets, 60 Tabs",587.41,23845,356005.85,PMO - US,"Aurobindo Unit III, India",Abacavir,14.93,3/24/11,SCMS-103480,FPQ-7175,03-10-11,ARV,161-ZA-T30,04-Jan-12,Ocean,Adult,60,0.25,Aurobindo Pharma Limited,DDP,2283
31324,ASN-32495,Generic,Haiti,10-Aug-15,11-Aug-15,600/300/300mg,Tablet - FDC,Yes,Invoiced Separately,Direct Drop,"Efavirenz/Lamivudine/Tenofovir Disoproxil Fumarate 600/300/300mg, tablets, 30 Tabs",1222.7,109350,1038825.0,PMO - US,Hetero Unit III Hyderabad IN,Efavirenz/Lamivudine/Tenofovir Disoproxil Fumarate,9.5,5/27/15,SCMS-288900,FPQ-16241,05-05-15,ARV,106-HT-T30,10-Aug-15,Ocean,Adult,30,0.32,HETERO LABS LIMITED,EXW,Weight Captured Separately
16926,ASN-29764,Generic,South Africa,10-Dec-14,10-Dec-14,200mg,Tablet,Yes,Freight Included in Commodity Cost,Direct Drop,"Nevirapine 200mg, tablets, 60 Tabs",2.72,143,2313.12,PMO - US,"Cipla, Goa, India",Nevirapine,16.18,12-10-14,SCMS-267020,FPQ-15269,10/29/14,ARV,116-ZA-T30,10-Dec-14,Truck,Adult,60,0.27,S. BUYS WHOLESALER,DDP,Weight Captured Separately
12271,DN-1166,Generic,Nigeria,08-May-09,08-May-09,600mg,Tablet,Yes,15128.37,From RDC,"Efavirenz 600mg, tablets, 30 Tabs",539,25000,275000.0,PMO - US,"Aurobindo Unit III, India",Efavirenz,11.0,N/A - From RDC,SO-22830,Pre-PQ Process,Pre-PQ Process,ARV,123-NG-T01,08-May-09,Air Charter,Adult,30,0.37,SCMS from RDC,N/A - From RDC,2267
84096,DN-2252,Generic,Benin,05-Jul-11,05-Jul-11,150/30mg,Tablet - FDC,No,See DN-2252 (ID#:84095),From RDC,"Lamivudine/Stavudine 150/30mg, tablets, 60 Tabs",46.46,8800,28160.0,PMO - US,"Cipla, Goa, India",Lamivudine/Stavudine,3.2,N/A - From RDC,SO-39800,FPQ-7658,5/15/11,ARV,100-BJ-T30,13-Jun-11,Air,Adult,60,0.05,SCMS from RDC,N/A - From RDC,See DN-2252 (ID#:84095)
57379,ASN-7740,Generic,Vietnam,23-Aug-10,23-Aug-10,150/300mg,Tablet - FDC,Yes,12793.94,Direct Drop,"Lamivudine/Zidovudine 150/300mg, tablets, 60 Tabs",371.4,22008,189488.88,PMO - US,"Aurobindo Unit III, India",Lamivudine/Zidovudine,8.61,11-11-09,SCMS-56540,FPQ-4266,10/20/09,ARV,108-VN-T30,23-Aug-10,Air,Adult,60,0.14,Aurobindo Pharma Limited,EXW,2148
29259,ASN-20475,Determine,Zambia,05-Aug-13,05-Aug-13,MIssing,Test kit,Yes,19587.34,Direct Drop,"HIV 1/2, Determine Complete HIV Kit, 100 Tests",287.58,2906,232480.0,PMO - US,"Alere Medical Co., Ltd.","HIV 1/2, Determine Complete HIV Kit",80.0,5/22/13,SCMS-189240,FPQ-12252,05-02-13,HRDT,110-ZM-T30,05-Aug-13,Air,HIV test,100,0.8,"Orgenics, Ltd",EXW,1204
11972,DN-1238,Generic,Swaziland,21-May-09,21-May-09,150/300/200mg,Tablet - FDC,No,See DN-1238 (ID#:11046),From RDC,"Lamivudine/Nevirapine/Zidovudine 150/200/300mg, tablets, 60 Tabs",302.55,13600,154360.0,PMO - US,"Aurobindo Unit III, India",Lamivudine/Nevirapine/Zidovudine,11.35,N/A - From RDC,SO-30790,Pre-PQ Process,Pre-PQ Process,ARV,100-SZ-T01,21-May-09,Air,Adult,60,0.19,SCMS from RDC,N/A - From RDC,See DN-1238 (ID#:11046)
62968,ASN-5132,Generic,Vietnam,23-Oct-09,23-Oct-09,150mg,Tablet,No,See ASN-5132 (ID#:22186),Direct Drop,"Lamivudine 150mg, tablets, 60 Tabs",11.85,2520,6048.0,PMO - US,"Aurobindo Unit III, India",Lamivudine,2.4,6/26/09,SCMS-48260,FPQ-3896,6/25/09,ARV,108-VN-T30,23-Oct-09,Air,Adult,60,0.04,Aurobindo Pharma Limited,EXW,See ASN-5132 (ID#:22186)
52354,ASN-29092,Determine,Zambia,11-Mar-15,31-Mar-15,MIssing,Test kit,Yes,7845.09,Direct Drop,"HIV 1/2, Determine Complete HIV Kit, 100 Tests",112.18,1364,109120.0,PMO - US,"Alere Medical Co., Ltd.","HIV 1/2, Determine Complete HIV Kit",80.0,9/19/14,SCMS-256510,FPQ-14827,8/19/14,HRDT,110-ZM-T30,11-Mar-15,Air,HIV test,100,0.8,"Orgenics, Ltd",EXW,553
13874,ASN-20434,Generic,Haiti,14-Aug-13,14-Aug-13,600mg,Tablet,Yes,13257.25,Direct Drop,"Efavirenz 600mg, tablets, 30 Tabs",57.73,14448,46667.04,PMO - US,"Micro labs, Verna, Goa, India",Efavirenz,3.23,3/22/13,SCMS-180960,FPQ-11443,02-07-13,ARV,106-HT-T30,14-Aug-13,Air,Adult,30,0.11,MICRO LABS LIMITED,EXW,2284
40821,ASN-22068,Generic,Cameroon,30-Oct-13,31-Oct-13,300/300mg,Tablet - FDC,Yes,15106.61,Direct Drop,"Lamivudine/Tenofovir Disoproxil Fumarate 300/300mg, tablets, 30 Tabs",71.7,12600,57960.0,PMO - US,"Cipla, Kurkumbh, India",Lamivudine/Tenofovir Disoproxil Fumarate,4.6,6/28/13,SCMS-196500,FPQ-12528,6/21/13,ARV,901-CM-T30,09-Nov-13,Air,Adult,30,0.15,CIPLA LIMITED,EXW,1278
12510,DN-760,Generic,Kenya,26-May-08,26-May-08,MIssing,Test kit - Ancillary,No,See DN-760 (ID#:12207),From RDC,"HIV, Lancet, Safety, for HIV Test kits, 100 Pcs",0.02,1000,10.0,PMO - US,Inverness Japan,"HIV, Lancet, Safety, for HIV Test kits, 100 Pcs",0.01,N/A - From RDC,SO-2692,Pre-PQ Process,Pre-PQ Process,HRDT,102-KE-T01,26-May-08,Truck,HIV test - Ancillary,100,0.0,SCMS from RDC,N/A - From RDC,See DN-760 (ID#:12207)
47432,ASN-26834,Bioline,CÃte dIvoire,08-Jul-14,10-Jul-14,MIssing,Test kit,Yes,5372.87,Direct Drop,"HIV 1/2, Bioline 3.0 Kit, Lancets, Capillary pipets, Alcohol swabs included, 25 Tests",35.5,1400,28700.0,PMO - US,"Standard Diagnostics, Korea","HIV 1/2, Bioline 3.0 Kit, Lancets, Capillary pipets, Alcohol swabs included",20.5,8/15/13,SCMS-201213,FPQ-12622,7/16/13,HRDT,104-CI-T30,08-Jul-14,Air,HIV test,25,0.82,"Standard Diagnostics, Inc.",EXW,468
79445,ASN-12829,Determine,Sudan,06-Jan-12,06-Jan-12,MIssing,Test kit - Ancillary,Yes,878.34,Direct Drop,"Capillary Tubes, for Determine, EDTA, 50uL,100 Pcs",0.05,4,32.0,PMO - US,"Alere Medical Co., Ltd.","HIV, Capillary Tubes, for Determine, EDTA, 50uL,100 Pcs",8.0,9/14/11,SCMS-121841,FPQ-8264,09-07-11,HRDT,102-SD-T30,06-Jan-12,Air,HIV test - Ancillary,100,0.08,"Orgenics, Ltd",EXW,Weight Captured Separately
85288,DN-2784,Generic,Rwanda,06-Aug-12,06-Aug-12,200/50mg,Tablet,Yes,32401.62,From RDC,"Lopinavir/Ritonavir 200/50mg, tablets, 120 Tabs",313.79,7541,223816.88,PMO - US,Mylan (formerly Matrix) Nashik,Lopinavir/Ritonavir,29.68,N/A - From RDC,SO-42761,FPQ-10119,6/18/12,ARV,107-RW-T30,31-Oct-12,Air,Adult,120,0.25,SCMS from RDC,N/A - From RDC,2003
646,ASN-2488,Viramune,South Africa,08-Jul-08,08-Jul-08,10mg/ml,Oral suspension,Yes,Freight Included in Commodity Cost,Direct Drop,"Nevirapine 10mg/ml [Viramune], oral suspension, Bottle, 240 ml",1.11,50,696.5,PMO - US,"BI, Ingelheim, Germany",Nevirapine,13.93,Date Not Captured,SCMS-26820,Pre-PQ Process,Pre-PQ Process,ARV,116-ZA-T01,10-Jul-08,Truck,Pediatric,240,0.06,S. BUYS WHOLESALER,DDP,Weight Captured Separately
40214,ASN-28850,Generic,Rwanda,19-Dec-14,19-Dec-14,300/100mg,Tablet,Yes,5678.36,Direct Drop,"Atazanavir/Ritonavir 300/100mg, tablets, 30 Tabs",593.55,28869,577380.0,PMO - US,Mylan (formerly Matrix) Nashik,Atazanavir/Ritonavir,20.0,5/16/14,SCMS-239030,FPQ-13851,03-10-14,ARV,107-RW-T30,19-Dec-14,Ocean,Adult,30,0.67,MYLAN LABORATORIES LTD (FORMERLY MATRIX LABORATORIES),EXW,3865
12675,DN-220,Invirase,CÃte dIvoire,18-Jul-07,18-Jul-07,200mg,Capsule,No,See DN-220 (ID#:10585),From RDC,"Saquinavir 200mg [Invirase], capsules, 270 Caps",4.53,36,2831.04,PMO - US,Roche Basel,Saquinavir,78.64,N/A - From RDC,SO-590,Pre-PQ Process,Pre-PQ Process,ARV,104-CI-T01,18-Jul-07,MIssing,Adult,270,0.29,SCMS from RDC,N/A - From RDC,See DN-220 (ID#:10585)
51821,ASN-7111,Generic,South Africa,12-May-10,12-May-10,200mg,Capsule,Yes,Freight Included in Commodity Cost,Direct Drop,"Efavirenz 200mg, capsule, 90 Caps",3.53,50,1636.37,PMO - US,"Aurobindo Unit III, India",Efavirenz,32.73,05-05-10,SCMS-72760,FPQ-5630,4/30/10,ARV,116-ZA-T30,12-May-10,Truck,Pediatric,90,0.36,S. BUYS WHOLESALER,DDP,Weight Captured Separately
84890,DN-3533,Generic,Tanzania,21-Feb-14,07-Mar-14,300mg,Tablet,Yes,6007.2,From RDC,"Abacavir 300mg, tablets, 60 Tabs",229.85,16357,185815.52,PMO - US,"Aurobindo Unit III, India",Abacavir,11.36,N/A - From RDC,SO-46671,FPQ-13042,10-01-13,ARV,109-TZ-T30,14-Feb-14,Truck,Adult,60,0.19,SCMS from RDC,N/A - From RDC,1635
11115,DN-152,Generic,Mozambique,08-Jun-07,08-Jun-07,300mg,Tablet,Yes,Freight Included in Commodity Cost,From RDC,"Abacavir 300mg, tablets, 60 Tabs",MIssing,4444,159095.2,PMO - US,"Aurobindo Unit III, India",Abacavir,35.8,N/A - From RDC,SO-500,Pre-PQ Process,Pre-PQ Process,ARV,111-MZ-T01,08-Jun-07,Air,Adult,60,0.6,SCMS from RDC,N/A - From RDC,633
54829,ASN-16915,Generic,Vietnam,15-Nov-12,15-Nov-12,300mg,Tablet,Yes,678.83,Direct Drop,"Zidovudine 300mg, tablets, 60 Tabs",13.65,1475,9735.0,PMO - US,"Cipla, Goa, India",Zidovudine,6.6,8/15/12,SCMS-156160,FPQ-10287,7/25/12,ARV,108-VN-T30,15-Nov-12,Air,Adult,60,0.11,CIPLA LIMITED,EXW,96
10246,ASN-3455,Generic,Vietnam,10-Mar-09,10-Mar-09,150/300mg,Tablet - FDC,Yes,865.6,Direct Drop,"Lamivudine/Zidovudine 150/300mg, tablets, 60 Tabs",19.85,1176,10125.36,PMO - US,"Aurobindo Unit III, India",Lamivudine/Zidovudine,8.61,10/21/08,SCMS-31731,Pre-PQ Process,Pre-PQ Process,ARV,108-VN-T01,10-Mar-09,Air,Adult,60,0.14,Aurobindo Pharma Limited,EXW,105
72241,ASN-25540,Colloidal Gold,Rwanda,28-Apr-14,28-Apr-14,MIssing,Test kit,Yes,53062.21,Direct Drop,"HIV 1/2, SKB Colloidal Gold, Diagnostic Kit, Antibody, 50 Tests",150.96,5994,146853.0,PMO - US,"KHB Test Kit Facility, Shanghai China","HIV 1/2, Colloidal Gold, Diagnostic Kit, Antibody",24.5,04-03-14,SCMS-232310,FPQ-13874,03-12-14,HRDT,107-RW-T30,28-Apr-14,Air,HIV test,1,24.5,"SHANGHAI KEHUA BIOENGINEERING CO.,LTD.  (KHB)",EXW,3996
83705,DN-3256,Generic,Uganda,20-Aug-13,20-Aug-13,150/300mg,Tablet - FDC,No,See DN-3256 (ID#:83149),From RDC,"Lamivudine/Zidovudine 150/300mg, tablets, 60 Tabs",65.97,7619,53333.0,PMO - US,Hetero Unit III Hyderabad IN,Lamivudine/Zidovudine,7.0,N/A - From RDC,SO-45470,FPQ-12253,05-08-13,ARV,114-UG-T30,06-Aug-13,Air,Adult,60,0.12,SCMS from RDC,N/A - From RDC,See DN-3256 (ID#:83149)
46206,ASN-5372,Epivir,South Africa,21-Oct-09,21-Oct-09,150mg,Tablet,No,Freight Included in Commodity Cost,Direct Drop,"Lamivudine 150mg [Epivir], tablets, 60 Tabs",32.82,2600,16744.82,PMO - US,GSK Cape Town Factory (South Africa),Lamivudine,6.44,10/15/09,SCMS-54980,FPQ-4359,10-08-09,ARV,116-ZA-T30,21-Oct-09,Truck,Adult,60,0.11,S. BUYS WHOLESALER,DDP,Weight Captured Separately
85781,DN-2314,Generic,Tanzania,30-Aug-11,30-Aug-11,300mg,Tablet,Yes,1553.64,From RDC,"Tenofovir Disoproxil Fumarate 300mg, tablets, 30 Tabs",46.39,4279,28113.03,PMO - US,Mylan (formerly Matrix) Nashik,Tenofovir Disoproxil Fumarate,6.57,N/A - From RDC,SO-39751,FPQ-7675,5/18/11,ARV,109-TZ-T30,30-Sep-11,Air,Adult,30,0.22,SCMS from RDC,N/A - From RDC,259
84536,DN-1672,Generic,Haiti,15-Mar-10,15-Mar-10,10mg/ml,Oral solution,Yes,13122.39,From RDC,"Lamivudine 10mg/ml, oral solution, Bottle, 240 ml",6.67,1628,3093.2,PMO - US,"Cipla, Goa, India",Lamivudine,1.9,N/A - From RDC,SO-35480,FPQ-4469,9/23/09,ARV,106-HT-T30,16-Mar-10,Air,Pediatric,240,0.01,SCMS from RDC,N/A - From RDC,622
21175,ASN-23875,Generic,South Africa,13-Jan-14,13-Jan-14,300mg,Tablet,No,Freight Included in Commodity Cost,Direct Drop,"Tenofovir Disoproxil Fumarate 300mg, tablets, 30 Tabs",28.53,1485,27749.02,PMO - US,Hetero Unit III Hyderabad IN,Tenofovir Disoproxil Fumarate,18.69,12-02-13,SCMS-215410,FPQ-13214,11/14/13,ARV,116-ZA-T30,13-Jan-14,Truck,Adult,30,0.62,S. BUYS WHOLESALER,DDP,Weight Captured Separately
84523,DN-1609,Generic,Haiti,27-Jan-10,27-Jan-10,300mg,Tablet,No,See DN-1609 (ID#:82286),From RDC,"Zidovudine 300mg, tablets, 60 Tabs",1.95,120,903.6,PMO - US,"Aurobindo Unit III, India",Zidovudine,7.53,N/A - From RDC,SO-34700,FPQ-4384,10/23/09,ARV,106-HT-T30,18-Jan-10,Air,Adult,60,0.13,SCMS from RDC,N/A - From RDC,See DN-1609 (ID#:82286)
85047,DN-4325,Aluvia,Uganda,08-Aug-15,10-Aug-15,200/50mg,Tablet,No,See DN-4325 (ID#:82815),From RDC,"Lopinavir/Ritonavir 200/50mg [Aluvia], tablets, 120 Tabs",185.43,8452,157545.28,PMO - US,ABBVIE Ludwigshafen Germany,Lopinavir/Ritonavir,18.64,N/A - From RDC,SO-50055,FPQ-15294,11-03-14,ARV,114-UG-T30,14-Aug-15,Truck,Adult,120,0.16,SCMS from RDC,N/A - From RDC,See DN-4325 (ID#:82815)
84304,DN-3401,Generic,Tanzania,16-Dec-13,17-Jan-14,200mg,Tablet,No,See DN-3401 (ID#:83180),From RDC,"Nevirapine 200mg, tablets, 60 Tabs",166.33,59498,134465.48,PMO - US,"Aurobindo Unit III, India",Nevirapine,2.26,N/A - From RDC,SO-46680,FPQ-13042,10-01-13,ARV,109-TZ-T30,26-Dec-13,Truck,Adult,60,0.04,SCMS from RDC,N/A - From RDC,See DN-3401 (ID#:83180)
18325,ASN-28998,OraQuick,Cameroon,03-Nov-14,05-Nov-14,MIssing,Test kit,Yes,1800.48,Direct Drop,"HIV 1/2, OraQuick Advance HIV Rapid Antibody Kit, 100 Tests",10.79,30,10500.0,PMO - US,"Pacific Biotech, Thailand","HIV 1/2, OraQuick Advance HIV Rapid Antibody Kit",350.0,10/16/14,SCMS-259410,FPQ-14930,9/23/14,HRDT,103-CM-T30,03-Nov-14,Air,HIV test,100,3.5,Orasure Technologies Inc.,EXW,77
51073,ASN-24415,Generic,South Africa,06-Feb-14,06-Feb-14,600mg,Tablet,No,Freight Included in Commodity Cost,Direct Drop,"Efavirenz 600mg, tablets, 30 Tabs",13.93,757,11261.49,PMO - US,"Cipla, Goa, India",Efavirenz,14.88,12-02-13,SCMS-215370,FPQ-13035,10-08-13,ARV,116-ZA-T30,06-Feb-14,Truck,Adult,30,0.5,S. BUYS WHOLESALER,DDP,Weight Captured Separately
13547,ASN-28279,Uni-Gold,"Congo, DRC",04-Nov-14,20-Nov-14,MIssing,Test kit,Yes,8021.11,Direct Drop,"HIV 1/2, Uni-Gold HIV Kit, 20 Tests",2.53,77,2464.0,PMO - US,"Trinity Biotech, Plc","HIV 1/2, Uni-Gold HIV Kit",32.0,8/27/14,SCMS-253260,FPQ-14654,08-11-14,HRDT,101-CD-T30,04-Nov-14,Air,HIV test,20,1.6,"Trinity Biotech, Plc",EXW,509
70162,ASN-5501,Bioline,Zimbabwe,04-Jan-10,04-Jan-10,MIssing,Test kit,Yes,12127.58,Direct Drop,"HIV 1/2, Bioline 3.0 Kit, Lancets, Capillary pipets, Alcohol swabs included, 25 Tests",219.05,5080,101600.0,PMO - US,"Standard Diagnostics, Korea","HIV 1/2, Bioline 3.0 Kit, Lancets, Capillary pipets, Alcohol swabs included",20.0,10/29/09,SCMS-56170,FPQ-4483,10/27/09,HRDT,113-ZW-T30,04-Jan-10,Air,HIV test,25,0.8,"Standard Diagnostics, Inc.",EXW,1694
69366,ASN-6929,Generic,Ethiopia,21-May-10,21-May-10,400mg,Delayed-release capsules,Yes,516.35,Direct Drop,"Didanosine 400mg, delayed-release capsules, 30 Caps",21.56,500,10000.0,PMO - US,"Aurobindo Unit III, India",Didanosine,20.0,4/29/10,SCMS-72350,FPQ-5582,4/28/10,ARV,117-ET-T30,21-May-10,Air,Adult,30,0.67,Aurobindo Pharma Limited,EXW,39
32883,ASN-29257,Generic,South Africa,05-Nov-14,05-Nov-14,150/300mg,Tablet - FDC,No,Freight Included in Commodity Cost,Direct Drop,"Lamivudine/Zidovudine 150/300mg, tablets, 60 Tabs",0.61,19,592.65,PMO - US,"Aurobindo Unit III, India",Lamivudine/Zidovudine,31.19,11-04-14,SCMS-238555,FPQ-13973,4/30/14,ARV,116-ZA-T30,05-Nov-14,Truck,Adult,60,0.52,PHARMACY DIRECT,DDP,Weight Captured Separately
83733,DN-3376,Generic,Mozambique,28-Nov-13,12-Dec-13,600mg,Tablet,No,See DN-3376 (ID#:83175),From RDC,"Efavirenz 600mg, tablets, 30 Tabs",131.81,32000,106560.0,PMO - US,"Strides, Bangalore, India.",Efavirenz,3.33,N/A - From RDC,SO-45892,FPQ-12416,6/28/13,ARV,111-MZ-T30,29-Nov-13,Truck,Adult,30,0.11,SCMS from RDC,N/A - From RDC,See DN-3376 (ID#:83175)
17219,ASN-11664,Determine,Haiti,25-Jul-11,25-Jul-11,MIssing,Test kit,Yes,Freight Included in Commodity Cost,Direct Drop,"HIV 1/2, Determine Complete HIV Kit, 100 Tests",5.57,27,3375.0,PMO - US,Inverness Japan,"HIV 1/2, Determine Complete HIV Kit",125.0,4/28/11,SCMS-106770,FPQ-7458,3/29/11,HRDT,152-HT-T30,25-Jul-11,Air,HIV test,100,1.25,REINBOLD EXPORT IMPORT,DDU,Weight Captured Separately
42140,ASN-28279,Uni-Gold,"Congo, DRC",04-Nov-14,20-Nov-14,MIssing,Test kit,No,See ASN-28279 (ID#:13547),Direct Drop,"HIV 1/2, Uni-Gold HIV Kit, 20 Tests",1.28,39,1248.0,PMO - US,"Trinity Biotech, Plc","HIV 1/2, Uni-Gold HIV Kit",32.0,8/27/14,SCMS-253260,FPQ-14654,08-11-14,HRDT,101-CD-T30,04-Nov-14,Air,HIV test,20,1.6,"Trinity Biotech, Plc",EXW,See ASN-28279 (ID#:13547)
48065,ASN-7506,Generic,South Africa,24-Aug-10,24-Aug-10,10mg/ml,Oral solution,Yes,3283.59,Direct Drop,"Lamivudine 10mg/ml, oral solution w/syringe, Bottle, 240 ml",75.47,11668,35004.0,PMO - US,"Aurobindo Unit III, India",Lamivudine,3.0,3/19/10,SCMS-68952,FPQ-5303,3/18/10,ARV,161-ZA-T30,24-Aug-10,Air,Pediatric,240,0.01,Aurobindo Pharma Limited,DDP,4396
82851,DN-1585,Generic,CÃte dIvoire,05-Jan-10,05-Jan-10,300mg,Tablet,Yes,2794.67,From RDC,"Zidovudine 300mg, tablets, 60 Tabs",144.34,9780,73643.4,PMO - US,"Aurobindo Unit III, India",Zidovudine,7.53,N/A - From RDC,SO-33510,FPQ-4187,09-09-09,ARV,104-CI-T30,30-Dec-09,Air,Adult,60,0.13,SCMS from RDC,N/A - From RDC,550
11226,DN-556,Generic,Tanzania,06-Feb-08,06-Feb-08,300mg,Tablet,No,See DN-556 (ID#:10662),From RDC,"Abacavir 300mg, tablets, 60 Tabs",49.69,1128,31053.84,PMO - US,"Aurobindo Unit III, India",Abacavir,27.53,N/A - From RDC,SO-1647,Pre-PQ Process,Pre-PQ Process,ARV,109-TZ-T01,06-Feb-08,Air,Adult,60,0.46,SCMS from RDC,N/A - From RDC,See DN-556 (ID#:10662)
12661,DN-173,Generic,CÃte dIvoire,21-Jun-07,21-Jun-07,150/300mg,Tablet - FDC,Yes,1478,From RDC,"Lamivudine/Zidovudine 150/300mg, tablets, 60 Tabs",MIssing,35074,374590.32,PMO - US,"Aurobindo Unit III, India",Lamivudine/Zidovudine,10.68,N/A - From RDC,SO-640,Pre-PQ Process,Pre-PQ Process,ARV,104-CI-T01,21-Jun-07,MIssing,Adult,60,0.18,SCMS from RDC,N/A - From RDC,3116
58202,ASN-31647,Generic,Vietnam,01-Jun-15,01-Jun-15,600/300/300mg,Tablet - FDC,Yes,4872.65,Direct Drop,"Efavirenz/Lamivudine/Tenofovir Disoproxil Fumarate 600/300/300mg, tablets, 30 Tabs",223.12,21384,217047.6,PMO - US,Mylan (formerly Matrix) Nashik,Efavirenz/Lamivudine/Tenofovir Disoproxil Fumarate,10.15,12-08-14,SCMS-263630,FPQ-15040,10/30/14,ARV,108-VN-T30,01-Jun-15,Air,Adult,30,0.34,MYLAN LABORATORIES LTD (FORMERLY MATRIX LABORATORIES),EXW,2406
67980,ASN-17525,Determine,Nigeria,08-Jan-13,08-Jan-13,MIssing,Test kit,Yes,24927.19,Direct Drop,"HIV 1/2, Determine Complete HIV Kit, 100 Tests",342.39,2744,244216.0,PMO - US,"Alere Medical Co., Ltd.","HIV 1/2, Determine Complete HIV Kit",89.0,10/16/12,SCMS-162440,FPQ-10765,10-05-12,HRDT,133-NG-T30,09-Jan-13,Air,HIV test,100,0.89,"Orgenics, Ltd",EXW,1186
51410,ASN-30183,Generic,Haiti,13-Mar-15,18-Mar-15,600mg,Tablet,Yes,11051.22,Direct Drop,"Efavirenz 600mg, tablets, 30 Tabs",134.18,39554,130528.2,PMO - US,"Aurobindo Unit VII, IN",Efavirenz,3.3,12/24/14,SCMS-262910,FPQ-15038,10/22/14,ARV,106-HT-T30,13-Mar-15,Ocean,Adult,30,0.11,Aurobindo Pharma Limited,EXW,3823
83989,DN-1723,Generic,Nigeria,30-Mar-10,30-Mar-10,150/300/200mg,Tablet - FDC,Yes,Freight Included in Commodity Cost,From RDC,"Lamivudine/Nevirapine/Zidovudine 150/200/300mg, tablets, 60 Tabs",496.34,20518,230211.96,PMO - US,"Aurobindo Unit III, India",Lamivudine/Nevirapine/Zidovudine,11.22,N/A - From RDC,SO-35061,FPQ-4537,11-06-09,ARV,151-NG-T30,19-Apr-10,Air Charter,Adult,60,0.19,SCMS from RDC,N/A - From RDC,2407
12829,DN-912,Generic,Zambia,23-Sep-08,23-Sep-08,150/300mg,Tablet - FDC,No,See DN-912 (ID#:11577),From RDC,"Lamivudine/Zidovudine 150/300mg, tablets, 60 Tabs",756,50000,472500.0,PMO - US,"Aurobindo Unit III, India",Lamivudine/Zidovudine,9.45,N/A - From RDC,SO-2486,Pre-PQ Process,Pre-PQ Process,ARV,110-ZM-T01,23-Sep-08,Truck,Adult,60,0.16,SCMS from RDC,N/A - From RDC,See DN-912 (ID#:11577)
84562,DN-1825,Generic,CÃte dIvoire,20-May-10,20-May-10,1mg/ml,Oral solution,No,See DN-1825 (ID#:82884),From RDC,"Stavudine 1mg/ml, powder for oral solution, 200 ml",13.73,4550,6370.0,PMO - US,"Aurobindo Unit III, India",Stavudine,1.4,N/A - From RDC,SO-35600,FPQ-4659,12-08-09,ARV,104-CI-T30,31-May-10,Air,Pediatric,200,0.01,SCMS from RDC,N/A - From RDC,See DN-1825 (ID#:82884)
61697,ASN-32524,Generic,South Africa,02-Jun-15,02-Jun-15,300mg,Tablet,No,Freight Included in Commodity Cost,Direct Drop,"Zidovudine 300mg, tablets, 60 Tabs",0.13,7,126.22,PMO - US,"Aurobindo Unit III, India",Zidovudine,18.03,06-02-15,SCMS-259076,FPQ-14942,09-11-14,ARV,116-ZA-T30,02-Jun-15,Truck,Adult,60,0.3,PHARMACY DIRECT,DDP,Weight Captured Separately
83607,DN-2769,Generic,Nigeria,24-Jul-12,24-Jul-12,300/300mg,Tablet - FDC,Yes,16532.5,From RDC,"Lamivudine/Tenofovir Disoproxil Fumarate 300/300mg, tablets, 30 Tabs",9.02,1161,6431.94,PMO - US,"Cipla, Kurkumbh, India",Lamivudine/Tenofovir Disoproxil Fumarate,5.54,N/A - From RDC,SO-42803,FPQ-9432,03-01-12,ARV,151-NG-T30,02-Aug-12,Air Charter,Adult,30,0.18,SCMS from RDC,N/A - From RDC,2566
10585,DN-220,Stocrin/Sustiva,CÃte dIvoire,18-Jul-07,18-Jul-07,50mg,Capsule,Yes,1699,From RDC,"Efavirenz 50mg [Stocrin/Sustiva], capsule, 30 Caps",27.76,5000,17350.0,PMO - US,"MSD, Haarlem, NL",Efavirenz,3.47,N/A - From RDC,SO-590,Pre-PQ Process,Pre-PQ Process,ARV,104-CI-T01,18-Jul-07,MIssing,Pediatric,30,0.12,SCMS from RDC,N/A - From RDC,263
82675,DN-3704,Generic,Tanzania,21-Jun-14,01-Jul-14,200/300mg,Tablet - FDC,Yes,3623.2,From RDC,"Emtricitabine/Tenofovir Disoproxil Fumarate 200/300mg, tablets, 30 Tabs",72.9,10267,58932.58,PMO - US,Mylan (formerly Matrix) Nashik,Emtricitabine/Tenofovir Disoproxil Fumarate,5.74,N/A - From RDC,SO-45990,FPQ-12587,07-04-13,ARV,109-TZ-T30,30-Jun-14,Truck,Adult,30,0.19,SCMS from RDC,N/A - From RDC,816
56836,ASN-32265,Generic,Vietnam,10-Jul-15,10-Jul-15,200mg,Tablet,No,See ASN-32265 (ID#:56716),Direct Drop,"Nevirapine 200mg, tablets, 60 Tabs",15.25,6000,12960.0,PMO - US,Hetero Unit III Hyderabad IN,Nevirapine,2.16,2/17/15,SCMS-274390,FPQ-15692,1/28/15,ARV,108-VN-T30,10-Jul-15,Air,Adult,60,0.04,HETERO LABS LIMITED,EXW,See ASN-32265 (ID#:56716)
10951,DN-761,Generic,CÃte dIvoire,02-Jun-08,02-Jun-08,20mg,Capsule,Yes,8787.28,From RDC,"Stavudine 20mg, capsules, 60 Caps",3.02,1080,1890.0,PMO - US,"Aurobindo Unit III, India",Stavudine,1.75,N/A - From RDC,SO-2045,Pre-PQ Process,Pre-PQ Process,ARV,104-CI-T01,02-Jun-08,Air,Adult,60,0.03,SCMS from RDC,N/A - From RDC,4668
58713,ASN-33472,Intelence,South Africa,24-Jul-15,24-Jul-15,100mg,Tablet,No,Freight Included in Commodity Cost,Direct Drop,"Etravirine 100mg [Intelence], tablets, 120 Tabs",0.11,4,110.05,PMO - US,"Janssen-Cilag, Latina, IT",Etravirine,27.51,10-09-14,SCMS-259078,FPQ-14942,09-11-14,ARV,116-ZA-T30,24-Jul-15,Truck,Adult,120,0.23,PHARMACY DIRECT,DDP,Weight Captured Separately
86347,DN-2035,Generic,CÃte dIvoire,26-Nov-10,26-Nov-10,200mg,Chewable/dispersible tablet,No,See DN-2035 (ID#:82356),From RDC,"Didanosine 200mg, chewable/dispersible tablets, 60 Tabs",39.83,1192,18476.0,PMO - US,"Aurobindo Unit III, India",Didanosine,15.5,N/A - From RDC,SO-37150,FPQ-5925,6/23/10,ARV,104-CI-T30,30-Nov-10,Truck,Pediatric,60,0.26,SCMS from RDC,N/A - From RDC,See DN-2035 (ID#:82356)
85840,DN-2577,Generic,Zambia,27-Feb-12,27-Feb-12,600mg,Tablet,Yes,5447.21,From RDC,"Efavirenz 600mg, tablets, 30 Tabs",575.97,99714,410821.68,PMO - US,"Strides, Bangalore, India.",Efavirenz,4.12,N/A - From RDC,SO-41411,FPQ-9186,1/16/12,ARV,110-ZM-T30,08-May-12,Truck,Adult,30,0.14,SCMS from RDC,N/A - From RDC,6005
83987,DN-1715,Generic,Nigeria,31-Mar-10,31-Mar-10,150/300mg,Tablet - FDC,Yes,Freight Included in Commodity Cost,From RDC,"Lamivudine/Zidovudine 150/300mg, tablets, 60 Tabs",94.43,5000,43800.0,PMO - US,"Aurobindo Unit III, India",Lamivudine/Zidovudine,8.76,N/A - From RDC,SO-35050,FPQ-4537,11-06-09,ARV,151-NG-T30,19-Apr-10,Air Charter,Adult,60,0.15,SCMS from RDC,N/A - From RDC,452
81421,ASN-9173,Generic,South Africa,09-Feb-11,09-Feb-11,300mg,Tablet,Yes,6639.33,Direct Drop,"Tenofovir Disoproxil Fumarate 300mg, tablets, 30 Tabs",885.5,58423,410713.69,PMO - US,"Cipla, Goa, India",Tenofovir Disoproxil Fumarate,7.03,9/21/10,SCMS-84210,FPQ-6262,8/31/10,ARV,161-ZA-T30,09-Feb-11,Ocean,Adult,30,0.23,CIPLA LIMITED,DDP,4007
82172,ASN-9408,Generic,Vietnam,16-Feb-11,16-Feb-11,30mg,Capsule,No,See ASN-9408 (ID#:39263),Direct Drop,"Stavudine 30mg, capsules, 60 Caps",48.68,15572,22579.4,PMO - US,Hetero Unit III Hyderabad IN,Stavudine,1.45,10/18/10,SCMS-87780,FPQ-6384,9/30/10,ARV,108-VN-T30,16-Feb-11,Air,Adult,60,0.02,HETERO LABS LIMITED,EXW,See ASN-9408 (ID#:39263)
11948,DN-975,Truvada,Zambia,25-Nov-08,25-Nov-08,300/200mg,Tablet - FDC,Yes,11519.94,From RDC,"Emtricitabine/Tenofovir Disoproxil Fumarate 200/300mg [Truvada], tablets, 30 Tabs",5145,100000,2625000.0,PMO - US,"Aspen-OSD, Port Elizabeth, SA",Emtricitabine/Tenofovir Disoproxil Fumarate,26.25,N/A - From RDC,SO-2543,Pre-PQ Process,Pre-PQ Process,ARV,110-ZM-T01,25-Nov-08,Truck,Adult,30,0.88,SCMS from RDC,N/A - From RDC,88190
11998,DN-1373,Generic,Haiti,31-Jul-09,31-Jul-09,30mg,Capsule,No,See DN-1373 (ID#:11062),From RDC,"Stavudine 30mg, capsules, 60 Caps",24.72,8640,12614.4,PMO - US,"Aurobindo Unit III, India",Stavudine,1.46,N/A - From RDC,SO-32760,Pre-PQ Process,Date Not Captured,ARV,106-HT-T01,31-Jul-09,Air,Adult,60,0.02,SCMS from RDC,N/A - From RDC,See DN-1373 (ID#:11062)
23596,ASN-24415,Generic,South Africa,06-Feb-14,06-Feb-14,200mg,Tablet,Yes,Freight Included in Commodity Cost,Direct Drop,"Nevirapine 200mg, tablets, 60 Tabs",5.06,226,4088.15,PMO - US,"Cipla, Goa, India",Nevirapine,18.09,12-02-13,SCMS-215370,FPQ-13035,10-08-13,ARV,116-ZA-T30,06-Feb-14,Truck,Adult,60,0.3,S. BUYS WHOLESALER,DDP,Weight Captured Separately
85763,DN-2232,Generic,CÃte dIvoire,20-Jun-11,20-Jun-11,10mg/ml,Oral suspension,Yes,5597.54,From RDC,"Nevirapine 10mg/ml, oral suspension w/syringe, Bottle, 240 ml",14.71,3500,6825.0,PMO - US,"Aurobindo Unit III, India",Nevirapine,1.95,N/A - From RDC,SO-39670,FPQ-6495,10-04-10,ARV,104-CI-T30,16-May-11,Air,Pediatric,240,0.01,SCMS from RDC,N/A - From RDC,1313
84760,DN-2889,Generic,Tanzania,06-Nov-12,06-Nov-12,30/50/6mg,Chewable/dispersible tablet - FDC,No,See DN-2889 (ID#:83631),From RDC,"Lamivudine/Nevirapine/Stavudine 30/50/6mg, dispersible tablets, 60 Tabs",6.37,1975,4542.5,PMO - US,"Cipla, Goa, India",Lamivudine/Nevirapine/Stavudine,2.3,N/A - From RDC,SO-41551,FPQ-9303,2/15/12,ARV,109-TZ-T30,30-Nov-12,Truck,Pediatric,60,0.04,SCMS from RDC,N/A - From RDC,See DN-2889 (ID#:83631)
5059,ASN-4387,Generic,South Africa,15-Apr-09,15-Apr-09,150mg,Tablet,Yes,Freight Included in Commodity Cost,Direct Drop,"Lamivudine 150mg, tablets, 60 Tabs",133.49,9620,68109.6,PMO - US,"Aurobindo Unit III, India",Lamivudine,7.08,3/27/09,SCMS-41586,Pre-PQ Process,Pre-PQ Process,ARV,116-ZA-T01,25-Jun-09,Air,Adult,60,0.12,S. BUYS WHOLESALER,DDP,Weight Captured Separately
32548,ASN-15869,DoubleCheck,"Congo, DRC",17-Dec-12,17-Dec-12,MIssing,Test kit,Yes,1906.7,Direct Drop,"HIV 1/2, DoubleCheck Gold Kit, 20 Tests",20.48,400,14608.0,PMO - US,"Alere Medical Co., Ltd.","HIV 1/2, DoubleCheck Gold Kit",36.52,05-07-12,SCMS-145490,FPQ-9645,4/24/12,HRDT,102-CD-T30,17-Dec-12,Air,HIV test,20,1.83,"Orgenics, Ltd",EXW,96
59849,ASN-15987,Determine,Zimbabwe,18-Sep-12,18-Sep-12,MIssing,Test kit,No,See ASN-15987 (ID#:42394),Direct Drop,"HIV 1/2, Determine Complete HIV Kit, 100 Tests",567.53,5060,404800.0,PMO - US,"Alere Medical Co., Ltd.","HIV 1/2, Determine Complete HIV Kit",80.0,07-02-12,SCMS-150030,FPQ-10041,6/13/12,HRDT,113-ZW-T30,18-Sep-12,Air,HIV test,100,0.8,"Orgenics, Ltd",EXW,See ASN-15987 (ID#:42394)
83708,DN-3267,Generic,Uganda,13-Sep-13,13-Sep-13,600mg,Tablet,Yes,106022.37,From RDC,"Efavirenz 600mg, tablets, 30 Tabs",148.32,36007,119903.31,PMO - US,"Aurobindo Unit III, India",Efavirenz,3.33,N/A - From RDC,SO-45870,FPQ-12473,06-11-13,ARV,114-UG-T30,29-Aug-13,Air,Adult,30,0.11,SCMS from RDC,N/A - From RDC,19158
1804,ASN-2293,Viramune,South Africa,08-May-08,08-May-08,10mg/ml,Oral suspension,No,Freight Included in Commodity Cost,Direct Drop,"Nevirapine 10mg/ml [Viramune], oral suspension, Bottle, 240 ml",0.7,30,435.9,PMO - US,"BI, Ingelheim, Germany",Nevirapine,14.53,Date Not Captured,SCMS-23500,Pre-PQ Process,Pre-PQ Process,ARV,116-ZA-T01,20-Aug-08,Truck,Pediatric,240,0.06,S. BUYS WHOLESALER,DDP,Weight Captured Separately
86564,DN-3125,Generic,South Sudan,24-Apr-13,24-Apr-13,600mg,Tablet,No,See DN-3125 (ID#:82571),From RDC,"Efavirenz 600mg, tablets, 30 Tabs",8.65,2100,6993.0,PMO - US,"Strides, Bangalore, India.",Efavirenz,3.33,N/A - From RDC,SO-44630,FPQ-11489,1/16/13,ARV,103-SS-T30,30-Apr-13,Air,Adult,30,0.11,SCMS from RDC,N/A - From RDC,See DN-3125 (ID#:82571)
3768,ASN-4304,Generic,South Africa,08-Apr-09,08-Apr-09,200mg,Capsule,No,Freight Included in Commodity Cost,Direct Drop,"Efavirenz 200mg, capsule, 90 Caps",84.99,2000,43360.0,PMO - US,"Aurobindo Unit III, India",Efavirenz,21.68,3/27/09,SCMS-41582,Pre-PQ Process,Pre-PQ Process,ARV,116-ZA-T01,25-Jun-09,Air,Pediatric,90,0.24,S. BUYS WHOLESALER,DDP,Weight Captured Separately
25539,ASN-32394,Norvir,South Africa,26-May-15,26-May-15,80mg/ml,Oral solution,Yes,Freight Included in Commodity Cost,Direct Drop,"Ritonavir 80mg/ml [Norvir], oral solution, cool, Bottle, 90 ml",0.01,2,9.24,PMO - US,ABBVIE (Abbott) France,Ritonavir,4.62,5/29/15,SCMS-277981,FPQ-15950,2/20/15,ARV,116-ZA-T30,26-May-15,Truck,Pediatric,90,0.05,PHARMACY DIRECT,DDP,Weight Captured Separately
18129,ASN-11043,Generic,South Africa,02-Sep-11,02-Sep-11,200mg,Capsule,Yes,4689.6,Direct Drop,"Efavirenz 200mg, capsule, 90 Caps",337.01,25000,204250.0,PMO - US,"Aurobindo Unit III, India",Efavirenz,8.17,3/24/11,SCMS-103490,FPQ-7175,03-10-11,ARV,161-ZA-T30,02-Sep-11,Ocean,Pediatric,90,0.09,Aurobindo Pharma Limited,DDP,3313
11409,DN-279,Generic,Mozambique,21-Sep-07,21-Sep-07,50mg,Capsule,Yes,364.51,From RDC,"Efavirenz 50mg, capsule, 30 Caps",3.12,570,1949.4,PMO - US,"Aurobindo Unit III, India",Efavirenz,3.42,N/A - From RDC,SO-577,Pre-PQ Process,Pre-PQ Process,ARV,111-MZ-T01,21-Sep-07,Air,Pediatric,30,0.11,SCMS from RDC,N/A - From RDC,35
36416,ASN-26863,Generic,Zimbabwe,18-Jul-14,18-Jul-14,200mg,Tablet,Yes,19328.2,Direct Drop,"Nevirapine 200mg, tablets, 60 Tabs",79.16,35000,77000.0,PMO - US,"Strides, Bangalore, India.",Nevirapine,2.2,4/24/14,SCMS-234761,FPQ-13939,04-01-14,ARV,113-ZW-T30,18-Jul-14,Air,Adult,60,0.04,STRIDES ARCOLAB LIMITED,EXW,2180
85472,DN-3674,Generic,Tanzania,24-Jun-14,21-Aug-14,600/200/300mg,Tablet - FDC,Yes,27804.65,From RDC,"Efavirenz/Emtricitabine/Tenofovir Disoproxil Fumarate 600/200/300mg, tablets, 30 Tabs",611.15,50000,594500.0,PMO - US,"Cipla, Goa, India",Efavirenz/Emtricitabine/Tenofovir Disoproxil Fumarate,11.89,N/A - From RDC,SO-47651,FPQ-13566,1/15/14,ARV,109-TZ-T30,30-Jun-14,Truck,Adult,30,0.4,SCMS from RDC,N/A - From RDC,5446
70714,ASN-27467,Determine,Nigeria,19-Aug-14,17-Sep-14,MIssing,Test kit,Yes,35912.43,Direct Drop,"HIV 1/2, Determine Complete HIV Kit, 100 Tests",558.19,6101,542989.0,PMO - US,"Alere Medical Co., Ltd.","HIV 1/2, Determine Complete HIV Kit",89.0,06-02-14,SCMS-240830,FPQ-14305,5/16/14,HRDT,133-NG-T30,19-Aug-14,Air,HIV test,100,0.89,"Orgenics, Ltd",EXW,2471
83093,DN-2932,Generic,CÃte dIvoire,26-Nov-12,26-Nov-12,200/50mg,Tablet,No,See DN-2932 (ID#:83091),From RDC,"Lopinavir/Ritonavir 200/50mg, tablets, 120 Tabs",658.83,17600,469920.0,PMO - US,Mylan (formerly Matrix) Nashik,Lopinavir/Ritonavir,26.7,N/A - From RDC,SO-42372,FPQ-9749,4/19/12,ARV,104-CI-T30,15-Dec-12,Truck,Adult,120,0.22,SCMS from RDC,N/A - From RDC,See DN-2932 (ID#:83091)
27964,ASN-31775,Intelence,Haiti,13-May-15,15-May-15,100mg,Tablet,Yes,Invoiced Separately,Direct Drop,"Etravirine 100mg [Intelence], tablets, 120 Tabs",5.18,140,5040.0,PMO - US,"Janssen-Cilag, Latina, IT",Etravirine,36.0,1/28/15,SCMS-263080,FPQ-15038,10/22/14,ARV,106-HT-T30,13-May-15,Air,Adult,120,0.3,JANSSEN SCIENCES IRELAND UC (FORMERLY JANSSEN R&D IRELAND),EXW,Weight Captured Separately
12206,DN-651,Uni-Gold,Namibia,11-Mar-08,11-Mar-08,MIssing,Test kit,Yes,6148.1,From RDC,"HIV 1/2, Uni-Gold HIV Kit, 20 Tests",39.07,763,24416.0,PMO - US,"Trinity Biotech, Plc","HIV 1/2, Uni-Gold HIV Kit",32.0,N/A - From RDC,SO-1930,Pre-PQ Process,Pre-PQ Process,HRDT,119-NA-T01,11-Mar-08,Air,HIV test,20,1.6,SCMS from RDC,N/A - From RDC,441
84106,DN-2325,Generic,Mozambique,13-Oct-11,13-Oct-11,600mg,Tablet,No,See DN-2325 (ID#:82975),From RDC,"Efavirenz 600mg, tablets, 30 Tabs",133.98,19242,81201.24,PMO - US,Hetero Unit III Hyderabad IN,Efavirenz,4.22,N/A - From RDC,SO-38635,FPQ-7053,1/24/11,ARV,111-MZ-T30,13-Oct-11,Truck,Adult,30,0.14,SCMS from RDC,N/A - From RDC,See DN-2325 (ID#:82975)
84227,DN-3019,Generic,CÃte dIvoire,28-Feb-13,28-Feb-13,150/300/200mg,Tablet - FDC,Yes,36857.21,From RDC,"Lamivudine/Nevirapine/Zidovudine 150/200/300mg, tablets, 60 Tabs",435.94,36240,310939.2,PMO - US,"Aurobindo Unit III, India",Lamivudine/Nevirapine/Zidovudine,8.58,N/A - From RDC,SO-43321,FPQ-10633,09-11-12,ARV,104-CI-T30,28-Feb-13,Truck,Adult,60,0.14,SCMS from RDC,N/A - From RDC,13509
85666,DN-1726,Generic,Nigeria,31-Mar-10,31-Mar-10,150/300/200mg,Tablet - FDC,Yes,Freight Included in Commodity Cost,From RDC,"Lamivudine/Nevirapine/Zidovudine 150/200/300mg, tablets, 60 Tabs",3386.64,140000,1570800.0,PMO - US,"Aurobindo Unit III, India",Lamivudine/Nevirapine/Zidovudine,11.22,N/A - From RDC,SO-35066,FPQ-4537,11-06-09,ARV,151-NG-T30,19-Apr-10,Air Charter,Adult,60,0.19,SCMS from RDC,N/A - From RDC,16424
84040,DN-2012,Generic,CÃte dIvoire,25-Sep-10,25-Sep-10,200mg,Tablet,Yes,8953.2,From RDC,"Nevirapine 200mg, tablets, 60 Tabs",45.45,7925,21080.5,PMO - US,"Aurobindo Unit III, India",Nevirapine,2.66,N/A - From RDC,SO-36881,FPQ-5623,05-07-10,ARV,104-CI-T30,19-Oct-10,Truck,Adult,60,0.04,SCMS from RDC,N/A - From RDC,18041
86798,DN-4218,Generic,Uganda,14-May-15,15-May-15,600mg,Tablet,No,See DN-4218 (ID#:83326),From RDC,"Efavirenz 600mg, tablets, 30 Tabs",110.16,29998,93593.76,PMO - US,Hetero Unit III Hyderabad IN,Efavirenz,3.12,N/A - From RDC,SO-50050,FPQ-15294,11-03-14,ARV,114-UG-T30,15-Jun-15,Truck,Adult,30,0.1,SCMS from RDC,N/A - From RDC,See DN-4218 (ID#:83326)
12779,DN-735,Generic,CÃte dIvoire,14-May-08,14-May-08,150/200/30mg,Tablet - FDC,Yes,1514.68,From RDC,"Lamivudine/Nevirapine/Stavudine 150/200/30mg, tablets, 60 Tabs",45.55,3847,28467.8,PMO - US,"Cipla, Goa, India",Lamivudine/Nevirapine/Stavudine,7.4,N/A - From RDC,SO-1901,Pre-PQ Process,Pre-PQ Process,ARV,104-CI-T01,14-May-08,Air,Adult,60,0.12,SCMS from RDC,N/A - From RDC,408
83647,DN-2981,Generic,"Congo, DRC",11-Sep-13,11-Sep-13,200/50mg,Tablet,No,See DN-2981 (ID#:82538),From RDC,"Lopinavir/Ritonavir 200/50mg, tablets, 120 Tabs",4.87,159,3936.84,PMO - US,"Aurobindo Unit III, India",Lopinavir/Ritonavir,24.76,N/A - From RDC,SO-43680,FPQ-11054,11/16/12,ARV,101-CD-T30,11-Sep-13,Air,Adult,120,0.21,SCMS from RDC,N/A - From RDC,See DN-2981 (ID#:82538)
84311,DN-3460,Generic,Zimbabwe,13-Jan-14,29-Jan-14,300/300mg,Tablet - FDC,Yes,10900,From RDC,"Lamivudine/Tenofovir Disoproxil Fumarate 300/300mg, tablets, 30 Tabs",234.19,39360,189321.6,PMO - US,Hetero Unit III Hyderabad IN,Lamivudine/Tenofovir Disoproxil Fumarate,4.81,N/A - From RDC,SO-44361,FPQ-11545,1/24/13,ARV,113-ZW-T30,31-Dec-13,Truck,Adult,30,0.16,SCMS from RDC,N/A - From RDC,4174
11943,DN-945,Generic,Haiti,27-Oct-08,27-Oct-08,150/300mg,Tablet - FDC,No,See DN-945 (ID#:11018),From RDC,"Lamivudine/Zidovudine 150/300mg, tablets, 60 Tabs",1391.28,93000,869550.0,PMO - US,"Aurobindo Unit III, India",Lamivudine/Zidovudine,9.35,N/A - From RDC,SO-15950,Pre-PQ Process,Pre-PQ Process,ARV,106-HT-T01,27-Oct-08,Air,Adult,60,0.16,SCMS from RDC,N/A - From RDC,See DN-945 (ID#:11018)
30256,ASN-7485,Generic,Vietnam,03-Aug-10,03-Aug-10,200mg,Tablet,Yes,6269.65,Direct Drop,"Nevirapine 200mg, tablets, 60 Tabs",22.79,4065,10569.0,PMO - US,"Strides, Bangalore, India.",Nevirapine,2.6,3/29/10,SCMS-69520,FPQ-5317,3/22/10,ARV,108-VN-T30,03-Aug-10,Air,Adult,60,0.04,STRIDES ARCOLAB LIMITED,EXW,497
21556,ASN-19098,Generic,Vietnam,22-May-13,22-May-13,10mg/ml,Oral suspension,Yes,6368.02,Direct Drop,"Nevirapine 10mg/ml, oral suspension w/syringe, Bottle, 240 ml",1.92,837,1548.45,PMO - US,"Aurobindo Unit III, India",Nevirapine,1.85,02-05-13,SCMS-176180,FPQ-11418,1/29/13,ARV,108-VN-T30,22-May-13,Air,Pediatric,240,0.01,Aurobindo Pharma Limited,EXW,526
82551,DN-3032,Generic,Zimbabwe,14-Mar-13,14-Mar-13,30/6mg,Chewable/dispersible tablet - FDC,Yes,9405.81,From RDC,"Lamivudine/Stavudine 30/6mg, dispersible tablets, 60 Tabs",19.64,7372,14006.8,PMO - US,"Cipla, Goa, India",Lamivudine/Stavudine,1.9,N/A - From RDC,SO-42260,FPQ-9907,5/15/12,ARV,103-ZW-T30,31-Mar-13,Truck,Pediatric,60,0.03,SCMS from RDC,N/A - From RDC,5453
74941,ASN-33470,Generic,South Africa,24-Jul-15,24-Jul-15,250mg,Delayed-release capsules,No,Freight Included in Commodity Cost,Direct Drop,"Didanosine 250mg, delayed-release capsules, 30 Caps",0.07,6,71.03,PMO - US,"Aurobindo Unit III, India",Didanosine,11.84,10-09-14,SCMS-259078,FPQ-14942,09-11-14,ARV,116-ZA-T30,24-Jul-15,Truck,Adult,30,0.39,PHARMACY DIRECT,DDP,Weight Captured Separately
17640,ASN-18533,Determine,Mozambique,20-Mar-13,20-Mar-13,MIssing,Test kit,Yes,8680.27,Direct Drop,"HIV 1/2, Determine Complete HIV Kit, 100 Tests",181.29,1832,146560.0,PMO - US,"Alere Medical Co., Ltd.","HIV 1/2, Determine Complete HIV Kit",80.0,11-06-12,SCMS-164000,FPQ-10880,10/18/12,HRDT,111-MZ-T30,20-Mar-13,Air,HIV test,100,0.8,"Orgenics, Ltd",EXW,829
85699,DN-1980,Generic,Nigeria,17-Aug-10,17-Aug-10,300mg,Tablet,Yes,6147.18,From RDC,"Abacavir 300mg, tablets, 60 Tabs",81.52,2300,37812.0,PMO - US,"Aurobindo Unit III, India",Abacavir,16.44,N/A - From RDC,SO-36450,FPQ-5023,02-10-10,ARV,151-NG-T30,31-Aug-10,Air Charter,Adult,60,0.27,SCMS from RDC,N/A - From RDC,336
3037,ASN-1405,Determine,Ethiopia,27-Feb-08,27-Feb-08,MIssing,Test kit,Yes,Freight Included in Commodity Cost,Direct Drop,"HIV 1/2, Determine Complete HIV Kit, 100 Tests",100.75,805,62967.1,PMO - US,Inverness Japan,"HIV 1/2, Determine Complete HIV Kit",78.22,2/20/08,SCMS-17940,Pre-PQ Process,Pre-PQ Process,HRDT,117-ET-T01,27-Feb-08,Air,HIV test,100,0.78,SUB-SAHARAN BIOMEDICAL P.L.C.,CIP,Weight Captured Separately
82924,DN-2043,Generic,Nigeria,10-Nov-10,10-Nov-10,600/200/300mg,Tablet - FDC,Yes,20264.93,From RDC,"Efavirenz/Emtricitabine/Tenofovir Disoproxil Fumarate 600/200/300mg, tablets, 30 Tabs",42.95,1000,19920.0,PMO - US,Mylan (formerly Matrix) Nashik,Efavirenz/Emtricitabine/Tenofovir Disoproxil Fumarate,19.92,N/A - From RDC,SO-36922,FPQ-5688,5/27/10,ARV,151-NG-T30,18-Nov-10,Air Charter,Adult,30,0.66,SCMS from RDC,N/A - From RDC,101
85042,DN-4307,Generic,Zimbabwe,15-Jul-15,20-Jul-15,30/60mg,Chewable/dispersible tablet - FDC,No,See DN-4307 (ID#:83920),From RDC,"Lamivudine/Zidovudine 30/60mg, dispersible tablets, 60 Tabs",21.69,9262,18431.38,PMO - US,"Cipla, Goa, India",Lamivudine/Zidovudine,1.99,N/A - From RDC,SO-50020,FPQ-15197,10/16/14,ARV,103-ZW-T30,31-Jul-15,Truck,Pediatric,60,0.03,SCMS from RDC,N/A - From RDC,See DN-4307 (ID#:83920)
7477,ASN-3553,Videx,South Africa,09-Oct-08,09-Oct-08,25mg,Chewable/dispersible tablet,No,Freight Included in Commodity Cost,Direct Drop,"Didanosine 25mg [Videx], chewable tablets, 60 Tabs",0.24,10,123.1,PMO - US,"BMS Meymac, France",Didanosine,12.31,Date Not Captured,SCMS-33320,Pre-PQ Process,Pre-PQ Process,ARV,116-ZA-T01,17-May-09,Truck,Pediatric,60,0.21,S. BUYS WHOLESALER,DDP,Weight Captured Separately
48842,ASN-27197,Kaletra,South Africa,10-Jul-14,10-Jul-14,80/20mg/ml,Oral solution,Yes,Freight Included in Commodity Cost,Direct Drop,"Lopinavir/Ritonavir 80/20mg/ml [Kaletra], oral solution, cool, Bottle 5 x 60 ml",0.12,4,93.81,PMO - US,ABBVIE (Abbott) Logis. UK,Lopinavir/Ritonavir,23.45,07-10-14,SCMS-199288,FPQ-12522,07-11-13,ARV,116-ZA-T30,10-Jul-14,Truck,Pediatric,300,0.08,S. BUYS WHOLESALER,DDP,Weight Captured Separately
11981,DN-1250,Generic,Zambia,15-Jun-09,15-Jun-09,200mg,Capsule,No,See DN-1250 (ID#:10774),From RDC,"Efavirenz 200mg, capsule, 90 Caps",20.34,680,10376.8,PMO - US,"Aurobindo Unit III, India",Efavirenz,15.26,N/A - From RDC,SO-30300,Pre-PQ Process,Pre-PQ Process,ARV,110-ZM-T01,15-Jun-09,Truck,Pediatric,90,0.17,SCMS from RDC,N/A - From RDC,See DN-1250 (ID#:10774)
85457,DN-3629,Generic,Tanzania,15-Aug-14,08-Sep-14,600/200/300mg,Tablet - FDC,Yes,43758.8,From RDC,"Efavirenz/Emtricitabine/Tenofovir Disoproxil Fumarate 600/200/300mg, tablets, 30 Tabs",930.58,76134,905233.26,PMO - US,"Hetero, Jadcherla, unit 5, IN",Efavirenz/Emtricitabine/Tenofovir Disoproxil Fumarate,11.89,N/A - From RDC,SO-47653,FPQ-13566,1/15/14,ARV,109-TZ-T30,30-Jun-14,Truck,Adult,30,0.4,SCMS from RDC,N/A - From RDC,9400
86320,DN-1957,Generic,Nigeria,17-Aug-10,17-Aug-10,150/300/200mg,Tablet - FDC,Yes,6147.18,From RDC,"Lamivudine/Nevirapine/Zidovudine 150/200/300mg, tablets, 60 Tabs",985.76,40750,457215.0,PMO - US,"Aurobindo Unit III, India",Lamivudine/Nevirapine/Zidovudine,11.22,N/A - From RDC,SO-36438,FPQ-5023,02-10-10,ARV,151-NG-T30,16-Aug-10,Air Charter,Adult,60,0.19,SCMS from RDC,N/A - From RDC,5366
18022,ASN-32231,Determine,"Congo, DRC",23-Jul-15,29-Jul-15,MIssing,Test kit,No,See ASN-32231 (ID#:13648),Direct Drop,"HIV 1/2, Determine Complete HIV Kit, 100 Tests",12.9,137,10960.0,PMO - US,"Alere Medical Co., Ltd.","HIV 1/2, Determine Complete HIV Kit",80.0,3/17/15,SCMS-280220,FPQ-16001,03-10-15,HRDT,101-CD-T30,23-Jul-15,Air,HIV test,100,0.8,"Orgenics, Ltd",EXW,See ASN-32231 (ID#:13648)
12319,DN-1430,Generic,Tanzania,25-Sep-09,25-Sep-09,300mg,Tablet,Yes,2233.61,From RDC,"Abacavir 300mg, tablets, 60 Tabs",461.06,9243,235234.35,PMO - US,"Aurobindo Unit III, India",Abacavir,25.45,N/A - From RDC,SO-31281,Pre-PQ Process,Date Not Captured,ARV,109-TZ-T01,25-Sep-09,Truck,Adult,60,0.42,SCMS from RDC,N/A - From RDC,936
83549,DN-2467,Generic,Rwanda,23-Jan-12,23-Jan-12,10mg/ml,Oral solution,Yes,4474.31,From RDC,"Lamivudine 10mg/ml, oral solution w/syringe, Bottle, 240 ml",7.78,3000,5550.0,PMO - US,"Aurobindo Unit III, India",Lamivudine,1.85,N/A - From RDC,SO-41060,FPQ-8716,10/31/11,ARV,107-RW-T30,23-Jan-12,Air,Pediatric,240,0.01,SCMS from RDC,N/A - From RDC,1076
86312,DN-1881,Generic,Nigeria,28-Jun-10,28-Jun-10,150/300/200mg,Tablet - FDC,Yes,Freight Included in Commodity Cost,From RDC,"Lamivudine/Nevirapine/Zidovudine 150/200/300mg, tablets, 60 Tabs",1236.9,51132,573701.04,PMO - US,"Aurobindo Unit III, India",Lamivudine/Nevirapine/Zidovudine,11.22,N/A - From RDC,SO-36430,FPQ-5023,02-10-10,ARV,151-NG-T30,15-Jul-10,Air,Adult,60,0.19,SCMS from RDC,N/A - From RDC,6002
55297,ASN-8060,Generic,Vietnam,20-Sep-10,20-Sep-10,300mg,Tablet,Yes,3896.68,Direct Drop,"Abacavir 300mg, tablets, 60 Tabs",3.39,100,1574.0,PMO - US,Mylan (formerly Matrix) Nashik,Abacavir,15.74,6/30/10,SCMS-77280,FPQ-5899,6/23/10,ARV,108-VN-T30,20-Sep-10,Air,Adult,60,0.26,MYLAN LABORATORIES LTD (FORMERLY MATRIX LABORATORIES),EXW,10
22815,ASN-7191,Generic,South Africa,27-Jul-10,27-Jul-10,150mg,Tablet,Yes,20706.21,Direct Drop,"Lamivudine 150mg, tablets, 60 Tabs",1630.95,294346,756469.22,PMO - US,"Strides, Bangalore, India.",Lamivudine,2.57,3/19/10,SCMS-68830,FPQ-5303,3/18/10,ARV,161-ZA-T30,27-Jul-10,Air,Adult,60,0.04,STRIDES ARCOLAB LIMITED,DDP,14550
83088,DN-2898,Generic,Cameroon,17-Oct-12,17-Oct-12,600/300/300mg,Tablet - FDC,Yes,67732.55,From RDC,"Efavirenz/Lamivudine/Tenofovir Disoproxil Fumarate 600/300/300mg, tablets, 30 Tabs",372.09,20000,265400.0,PMO - US,Mylan (formerly Matrix) Nashik,Efavirenz/Lamivudine/Tenofovir Disoproxil Fumarate,13.27,N/A - From RDC,SO-43381,FPQ-10641,9/19/12,ARV,900-CM-T30,07-Nov-12,Air Charter,Adult,30,0.44,SCMS from RDC,N/A - From RDC,3943
12504,DN-757,Generic,Tanzania,30-Jun-08,30-Jun-08,150/300mg,Tablet - FDC,Yes,1108.08,From RDC,"Lamivudine/Zidovudine 150/300mg, tablets, 60 Tabs",102.17,6722,63859.0,PMO - US,"Aurobindo Unit III, India",Lamivudine/Zidovudine,9.5,N/A - From RDC,SO-2001,Pre-PQ Process,Pre-PQ Process,ARV,109-TZ-T01,30-Jun-08,Air,Adult,60,0.16,SCMS from RDC,N/A - From RDC,634
83164,DN-3341,Generic,Rwanda,15-Oct-13,29-Oct-13,200mg,Tablet,Yes,4390.98,From RDC,"Nevirapine 200mg, tablets, 60 Tabs",115.32,41250,93225.0,PMO - US,"Strides, Bangalore, India.",Nevirapine,2.26,N/A - From RDC,SO-45370,FPQ-12190,05-06-13,ARV,107-RW-T30,04-Oct-13,Truck,Adult,60,0.04,SCMS from RDC,N/A - From RDC,2295
41301,ASN-30673,Intelence,South Africa,12-Feb-15,12-Feb-15,100mg,Tablet,Yes,Freight Included in Commodity Cost,Direct Drop,"Etravirine 100mg [Intelence], tablets, 120 Tabs",0.05,2,51.19,PMO - US,"Janssen-Cilag, Latina, IT",Etravirine,25.6,02-12-15,SCMS-259073,FPQ-14942,09-11-14,ARV,116-ZA-T30,12-Feb-15,Truck,Adult,120,0.21,PHARMACY DIRECT,DDP,Weight Captured Separately
22301,ASN-17513,Generic,Vietnam,28-Dec-12,28-Dec-12,600/300/300mg,Tablet - FDC,Yes,4503.42,Direct Drop,"Efavirenz/Lamivudine/Tenofovir Disoproxil Fumarate 600/300/300mg, tablets, 30 Tabs",390.85,23251,278779.49,PMO - US,Mylan (formerly Matrix) Nashik,Efavirenz/Lamivudine/Tenofovir Disoproxil Fumarate,11.99,8/14/12,SCMS-156280,FPQ-10287,7/25/12,ARV,108-VN-T30,28-Dec-12,Air,Adult,30,0.4,MYLAN LABORATORIES LTD (FORMERLY MATRIX LABORATORIES),EXW,2641
32313,ASN-10663,Generic,Rwanda,25-Apr-11,25-Apr-11,400mg,Delayed-release capsules,Yes,255,Direct Drop,"Didanosine 400mg, delayed-release capsules, 30 Caps",25.98,595,12048.75,PMO - US,"Aurobindo Unit III, India",Didanosine,20.25,9/27/10,SCMS-84400,FPQ-6185,09-03-10,ARV,107-RW-T30,25-Apr-11,Air,Adult,30,0.68,Aurobindo Pharma Limited,CIP,87
11526,DN-586,Crixivan,CÃte dIvoire,05-Feb-08,05-Feb-08,400mg,Capsule,Yes,1888.48,From RDC,"Indinavir 400mg [Crixivan], capsules, 180 Caps",124,1550,77500.0,PMO - US,"MSD, Haarlem, NL",Indinavir,50.0,N/A - From RDC,SO-1284,Pre-PQ Process,Pre-PQ Process,ARV,104-CI-T01,05-Feb-08,Air,Adult,180,0.28,SCMS from RDC,N/A - From RDC,345
55225,ASN-8249,Generic,South Africa,17-Nov-10,17-Nov-10,600mg,Tablet,Yes,4263.08,Direct Drop,"Efavirenz 600mg, tablets, 30 Tabs",318.97,31680,147945.6,PMO - US,"Aurobindo Unit III, India",Efavirenz,4.67,3/19/10,SCMS-68940,FPQ-5303,3/18/10,ARV,161-ZA-T30,07-Sep-10,Air,Adult,30,0.16,Aurobindo Pharma Limited,DDP,2970
11234,DN-685,Generic,Haiti,31-Mar-08,31-Mar-08,600mg,Tablet,Yes,31051.3,From RDC,"Efavirenz 600mg, tablets, 30 Tabs",379.32,19740,237077.4,PMO - US,"Aurobindo Unit III, India",Efavirenz,12.01,N/A - From RDC,SO-2046,Pre-PQ Process,Pre-PQ Process,ARV,106-HT-T01,31-Mar-08,Air,Adult,30,0.4,SCMS from RDC,N/A - From RDC,2941
83039,DN-2677,Generic,Uganda,08-Jun-12,08-Jun-12,150/300mg,Tablet - FDC,Yes,17665.42,From RDC,"Lamivudine/Zidovudine 150/300mg, tablets, 60 Tabs",194.45,17827,138694.06,PMO - US,Hetero Unit III Hyderabad IN,Lamivudine/Zidovudine,7.78,N/A - From RDC,SO-42080,FPQ-9875,05-09-12,ARV,114-UG-T30,17-Aug-12,Truck,Adult,60,0.13,SCMS from RDC,N/A - From RDC,2939
1530,ASN-1230,Generic,Vietnam,01-Feb-08,01-Feb-08,20mg,Capsule,Yes,2429.85,Direct Drop,"Stavudine 20mg, capsules, 60 Caps",3.36,1200,2100.0,PMO - US,"Aurobindo Unit III, India",Stavudine,1.75,12-05-07,SCMS-14760,Pre-PQ Process,Pre-PQ Process,ARV,108-VN-T01,01-Feb-08,Air,Adult,60,0.03,Aurobindo Pharma Limited,EXW,125
28282,ASN-33318,Generic,Cameroon,22-Jul-15,22-Jul-15,100/25mg,Tablet,Yes,10334.23,Direct Drop,"Lopinavir/Ritonavir 100/25mg [Aluvia], tablets, 60 Tabs",61.52,8800,52272.0,PMO - US,ABBVIE Ludwigshafen Germany,Lopinavir/Ritonavir,5.94,5/29/15,SCMS-289290,FPQ-16210,4/28/15,ARV,103-CM-T30,22-Jul-15,Air,Pediatric,60,0.1,ABBVIE LOGISTICS (FORMERLY ABBOTT LOGISTICS BV),FCA,1485
83145,DN-3214,Generic,Uganda,09-Aug-13,09-Aug-13,300/300mg,Tablet - FDC,Yes,8800.81,From RDC,"Lamivudine/Tenofovir Disoproxil Fumarate 300/300mg, tablets, 30 Tabs",151.81,26112,122726.4,PMO - US,"Aurobindo Unit VII, IN",Lamivudine/Tenofovir Disoproxil Fumarate,4.7,N/A - From RDC,SO-43900,FPQ-11133,12/13/12,ARV,114-UG-T30,30-Jul-13,Truck,Adult,30,0.16,SCMS from RDC,N/A - From RDC,2444
70508,ASN-8902,Generic,South Africa,06-Jan-11,06-Jan-11,300mg,Tablet,Yes,6147.08,Direct Drop,"Tenofovir Disoproxil Fumarate 300mg, tablets, 30 Tabs",1197.51,80381,555432.71,PMO - US,"Aurobindo Unit III, India",Tenofovir Disoproxil Fumarate,6.91,6/17/10,SCMS-75990,FPQ-5648,06-02-10,ARV,161-ZA-T30,12-Jan-11,Ocean,Adult,30,0.23,Aurobindo Pharma Limited,DDP,7503
13899,ASN-29597,Generic,South Africa,28-Nov-14,28-Nov-14,200mg,Capsule,Yes,Freight Included in Commodity Cost,Direct Drop,"Efavirenz 200mg, capsule, 90 Caps",0.28,16,272.7,PMO - US,"Aurobindo Unit III, India",Efavirenz,17.04,11/28/14,SCMS-259071,FPQ-14942,09-11-14,ARV,116-ZA-T30,28-Nov-14,Truck,Pediatric,90,0.19,PHARMACY DIRECT,DDP,Weight Captured Separately
83096,DN-2946,Generic,Nigeria,04-Dec-12,04-Dec-12,200mg,Tablet,No,See DN-2946 (ID#:82531),From RDC,"Nevirapine 200mg, tablets, 60 Tabs",122.14,36000,87120.0,PMO - US,Mylan (formerly Matrix) Nashik,Nevirapine,2.42,N/A - From RDC,SO-43435,FPQ-9968,5/23/12,ARV,151-NG-T30,04-Dec-12,Air,Adult,60,0.04,SCMS from RDC,N/A - From RDC,See DN-2946 (ID#:82531)
67091,ASN-32231,Determine,"Congo, DRC",23-Jul-15,29-Jul-15,MIssing,Test kit,No,See ASN-32231 (ID#:13648),Direct Drop,"HIV 1/2, Determine Complete HIV Kit, 100 Tests",7.63,81,6480.0,PMO - US,"Alere Medical Co., Ltd.","HIV 1/2, Determine Complete HIV Kit",80.0,3/17/15,SCMS-280220,FPQ-16001,03-10-15,HRDT,101-CD-T30,23-Jul-15,Air,HIV test,100,0.8,"Orgenics, Ltd",EXW,See ASN-32231 (ID#:13648)
83626,DN-2871,Generic,South Sudan,30-Nov-12,30-Nov-12,150/300mg,Tablet - FDC,Yes,742.98,From RDC,"Lamivudine/Zidovudine 150/300mg, tablets, 60 Tabs",3.25,300,2316.0,PMO - US,Mylan (formerly Matrix) Nashik,Lamivudine/Zidovudine,7.72,N/A - From RDC,SO-43060,FPQ-10514,8/17/12,ARV,900-SS-T30,30-Nov-12,Air,Adult,60,0.13,SCMS from RDC,N/A - From RDC,39
58484,ASN-23338,Generic,Cameroon,08-Jan-14,10-Jan-14,600/300/300mg,Tablet - FDC,Yes,65875.32,Direct Drop,"Efavirenz/Lamivudine/Tenofovir Disoproxil Fumarate 600/300/300mg, tablets, 30 Tabs",516.81,37470,417790.5,PMO - US,"Aurobindo Unit VII, IN",Efavirenz/Lamivudine/Tenofovir Disoproxil Fumarate,11.15,8/23/13,SCMS-204290,FPQ-12837,8/19/13,ARV,901-CM-T30,08-Jan-14,Air,Adult,30,0.37,Aurobindo Pharma Limited,EXW,4927
85595,DN-4255,Generic,CÃte dIvoire,08-Jun-15,19-Jun-15,150/300/200mg,Tablet - FDC,No,See DN-4255 (ID#:83911),From RDC,"Lamivudine/Nevirapine/Zidovudine 150/200/300mg, tablets, 60 Tabs",1345.13,148037,1142845.64,PMO - US,"Strides, Bangalore, India.",Lamivudine/Nevirapine/Zidovudine,7.72,N/A - From RDC,SO-50100,FPQ-15259,10/24/14,ARV,104-CI-T30,19-Jun-15,Truck,Adult,60,0.13,SCMS from RDC,N/A - From RDC,See DN-4255 (ID#:83911)
27634,ASN-27336,Generic,Rwanda,22-Aug-14,26-Aug-14,300/100mg,Tablet,Yes,3484.48,Direct Drop,"Atazanavir/Ritonavir 300/100mg, tablets, 30 Tabs",61.68,3000,60000.0,PMO - US,Mylan (formerly Matrix) Nashik,Atazanavir/Ritonavir,20.0,5/16/14,SCMS-239020,FPQ-13851,03-10-14,ARV,107-RW-T30,22-Aug-14,Air,Adult,30,0.67,MYLAN LABORATORIES LTD (FORMERLY MATRIX LABORATORIES),EXW,405
85943,DN-3015,Generic,Haiti,14-Mar-13,14-Mar-13,300mg,Tablet,No,See DN-3015 (ID#:82554),From RDC,"Abacavir 300mg, tablets, 60 Tabs",41.84,2610,33825.6,PMO - US,"Aurobindo Unit III, India",Abacavir,12.96,N/A - From RDC,SO-44400,FPQ-11281,1/16/13,ARV,106-HT-T30,09-Apr-13,Air,Adult,60,0.22,SCMS from RDC,N/A - From RDC,See DN-3015 (ID#:82554)
86369,DN-2122,Generic,CÃte dIvoire,15-Mar-11,15-Mar-11,200mg,Tablet,No,See DN-2122 (ID#:84622),From RDC,"Nevirapine 200mg, tablets, 60 Tabs",270.58,50000,125500.0,PMO - US,"Aurobindo Unit III, India",Nevirapine,2.51,N/A - From RDC,SO-37720,FPQ-6495,10-04-10,ARV,104-CI-T30,31-Mar-11,Air,Adult,60,0.04,SCMS from RDC,N/A - From RDC,See DN-2122 (ID#:84622)
86322,DN-1969,Generic,Nigeria,17-Aug-10,17-Aug-10,200/300mg,Tablet - FDC,Yes,6147.18,From RDC,"Emtricitabine/Tenofovir Disoproxil Fumarate 200/300mg, tablets, 30 Tabs",1659.36,65502,769648.5,PMO - US,Mylan (formerly Matrix) Nashik,Emtricitabine/Tenofovir Disoproxil Fumarate,11.75,N/A - From RDC,SO-36910,FPQ-5688,5/27/10,ARV,151-NG-T30,31-Aug-10,Air Charter,Adult,30,0.39,SCMS from RDC,N/A - From RDC,5896
23194,ASN-10007,Videx,Haiti,05-Apr-11,05-Apr-11,25mg,Chewable/dispersible tablet,Yes,1082.89,Direct Drop,"Didanosine 25mg [Videx], chewable tablets, 60 Tabs",1.85,160,1120.0,PMO - US,"BMS Meymac, France",Didanosine,7.0,2/15/11,SCMS-100140,FPQ-7066,1/27/11,ARV,106-HT-T30,05-Apr-11,Air,Pediatric,60,0.12,BRISTOL-MYERS SQUIBB,FCA,43
49585,ASN-24127,Generic,Mozambique,14-Feb-14,28-Mar-14,150/300/200mg,Tablet - FDC,Yes,146734.85,Direct Drop,"Lamivudine/Nevirapine/Zidovudine 150/200/300mg, tablets, 60 Tabs",2084.27,250000,2027500.0,PMO - US,Hetero Unit III Hyderabad IN,Lamivudine/Nevirapine/Zidovudine,8.11,12/17/13,SCMS-219210,FPQ-13395,12-11-13,ARV,111-MZ-T30,14-Feb-14,Air,Adult,60,0.14,HETERO LABS LIMITED,EXW,34074
86556,DN-3060,Generic,Guyana,15-Mar-13,15-Mar-13,200/50mg,Tablet,No,See DN-3060 (ID#:83121),From RDC,"Lopinavir/Ritonavir 200/50mg, tablets, 120 Tabs",87.93,2871,71085.96,PMO - US,Mylan (formerly Matrix) Nashik,Lopinavir/Ritonavir,24.76,N/A - From RDC,SO-44520,FPQ-11546,1/28/13,ARV,105-GY-T30,18-Apr-13,Air,Adult,120,0.21,SCMS from RDC,N/A - From RDC,See DN-3060 (ID#:83121)
84733,DN-2741,Generic,Zimbabwe,23-Jul-12,23-Jul-12,300/300mg,Tablet - FDC,No,See DN-2741 (ID#:84180),From RDC,"Lamivudine/Tenofovir Disoproxil Fumarate 300/300mg, tablets, 30 Tabs",690.56,78082,418519.52,PMO - US,Mylan (formerly Matrix) Nashik,Lamivudine/Tenofovir Disoproxil Fumarate,5.36,N/A - From RDC,SO-40890,FPQ-8464,10-04-11,ARV,113-ZW-T30,16-Oct-12,Truck,Adult,30,0.18,SCMS from RDC,N/A - From RDC,See DN-2741 (ID#:84180)
5646,ASN-1553,Generic,Nigeria,07-Apr-08,07-Apr-08,MIssing,Test kit - Ancillary,Yes,Invoiced Separately,Direct Drop,"HIV, Lancet, Safety, for HIV Test kits, 100 Pcs",0,285,2.85,PMO - US,Inverness Japan,"HIV, Lancet, Safety, for HIV Test kits, 100 Pcs",0.01,03-11-08,SCMS-18740,Pre-PQ Process,Pre-PQ Process,HRDT,123-NG-T01,08-May-08,Air,HIV test - Ancillary,100,0.0,"Orgenics, Ltd",EXW,Weight Captured Separately
23387,ASN-33470,Generic,South Africa,24-Jul-15,24-Jul-15,150mg,Tablet,No,Freight Included in Commodity Cost,Direct Drop,"Lamivudine 150mg, tablets, 60 Tabs",0.54,74,521.82,PMO - US,"Aurobindo Unit III, India",Lamivudine,7.05,10-09-14,SCMS-259078,FPQ-14942,09-11-14,ARV,116-ZA-T30,24-Jul-15,Truck,Adult,60,0.12,PHARMACY DIRECT,DDP,Weight Captured Separately
83958,DN-1503,Generic,Haiti,05-Nov-09,05-Nov-09,150mg,Tablet,Yes,6113.34,From RDC,"Lamivudine 150mg, tablets, 60 Tabs",53.48,10167,24807.48,PMO - US,"Aurobindo Unit III, India",Lamivudine,2.44,N/A - From RDC,SO-34220,FPQ-4469,9/23/09,ARV,106-HT-T30,18-Nov-09,Air,Adult,60,0.04,SCMS from RDC,N/A - From RDC,487
39489,ASN-28009,Uni-Gold,Guyana,17-Sep-14,10-Nov-14,MIssing,Test kit,Yes,Invoiced Separately,Direct Drop,"HIV 1/2, Uni-Gold HIV Kit, 20 Tests",87.27,2653,84896.0,PMO - US,"Trinity Biotech, Plc","HIV 1/2, Uni-Gold HIV Kit",32.0,8/13/14,SCMS-252360,FPQ-14694,7/28/14,HRDT,105-GY-T30,17-Sep-14,Air,HIV test,20,1.6,"Trinity Biotech, Plc",EXW,Weight Captured Separately
19647,ASN-12269,Ziagen,South Africa,18-Nov-11,18-Nov-11,20mg/ml,Oral solution,Yes,17022.13,Direct Drop,"Abacavir 20mg/ml [Ziagen], oral solution, Bottle, 240 ml",306.24,20000,185600.0,PMO - US,GSK Mississauga (Canada),Abacavir,9.28,3/30/11,SCMS-104240,FPQ-7400,03-11-11,ARV,161-ZA-T30,18-Nov-11,Ocean,Pediatric,240,0.04,GLAXOSMITHKLINE EXPORT LIMITED,DDP,7664
86059,DN-3583,Generic,Uganda,18-Apr-14,07-May-14,200/50mg,Tablet,Yes,Invoiced Separately,From RDC,"Lopinavir/Ritonavir 200/50mg, tablets, 120 Tabs",556.24,26960,541087.2,PMO - US,"Aurobindo Unit III, India",Lopinavir/Ritonavir,20.07,N/A - From RDC,SO-46880,FPQ-13108,10/16/13,ARV,114-UG-T30,30-Apr-14,Truck,Adult,120,0.17,SCMS from RDC,N/A - From RDC,Weight Captured Separately
78603,ASN-12154,Generic,Vietnam,18-Oct-11,18-Oct-11,30mg,Capsule,Yes,11311.6,Direct Drop,"Stavudine 30mg, capsules, 60 Caps",43.06,18000,26100.0,PMO - US,Hetero Unit III Hyderabad IN,Stavudine,1.45,05-02-11,SCMS-107660,FPQ-7565,4/21/11,ARV,108-VN-T30,18-Oct-11,Air,Adult,60,0.02,HETERO LABS LIMITED,EXW,1390
35488,ASN-29930,Determine,Nigeria,16-Jan-15,22-Jan-15,MIssing,Test kit,Yes,15994.73,Direct Drop,"HIV 1/2, Determine Complete HIV Kit, 100 Tests",279.42,3054,271806.0,PMO - US,"Alere Medical Co., Ltd.","HIV 1/2, Determine Complete HIV Kit",89.0,10/29/14,SCMS-260700,FPQ-14995,9/22/14,HRDT,133-NG-T30,19-Jan-15,Air,HIV test,100,0.89,"Orgenics, Ltd",EXW,1241
17660,ASN-33470,Generic,South Africa,24-Jul-15,24-Jul-15,200/300mg,Tablet - FDC,Yes,Freight Included in Commodity Cost,Direct Drop,"Emtricitabine/Tenofovir Disoproxil Fumarate 200/300mg, tablets, 30 Tabs",0.29,12,281.25,PMO - US,"Aurobindo Unit III, India",Emtricitabine/Tenofovir Disoproxil Fumarate,23.44,10-09-14,SCMS-259078,FPQ-14942,09-11-14,ARV,116-ZA-T30,24-Jul-15,Truck,Adult,30,0.78,PHARMACY DIRECT,DDP,Weight Captured Separately
11909,DN-870,Generic,Nigeria,18-Aug-08,18-Aug-08,30mg,Capsule,Yes,9185.15,From RDC,"Stavudine 30mg, capsules, 60 Caps",33.18,13380,20739.0,PMO - US,"Aurobindo Unit III, India",Stavudine,1.55,N/A - From RDC,SO-10770,Pre-PQ Process,Pre-PQ Process,ARV,126-NG-T01,18-Aug-08,Air,Adult,60,0.03,SCMS from RDC,N/A - From RDC,925
83993,DN-1769,Generic,Uganda,12-Apr-10,12-Apr-10,300mg,Tablet,Yes,521.52,From RDC,"Zidovudine 300mg, tablets, 60 Tabs",1.46,90,675.0,PMO - US,"Aurobindo Unit III, India",Zidovudine,7.5,N/A - From RDC,SO-36250,FPQ-5275,03-04-10,ARV,114-UG-T30,04-Jun-10,Air,Adult,60,0.12,SCMS from RDC,N/A - From RDC,4
82423,DN-2455,Generic,Nigeria,18-Dec-11,18-Dec-11,200/300mg,Tablet - FDC,Yes,15322.73,From RDC,"Emtricitabine/Tenofovir Disoproxil Fumarate 200/300mg, tablets, 30 Tabs",88.06,5950,53371.5,PMO - US,"Aurobindo Unit III, India",Emtricitabine/Tenofovir Disoproxil Fumarate,8.97,N/A - From RDC,SO-40653,FPQ-8364,8/29/11,ARV,151-NG-T30,02-Mar-12,Air Charter,Adult,30,0.3,SCMS from RDC,N/A - From RDC,631
16398,ASN-12601,Generic,Rwanda,13-Dec-11,13-Dec-11,200/50mg,Tablet,Yes,81246.12,Direct Drop,"Lopinavir/Ritonavir 200/50mg, tablets, 120 Tabs",1673.52,23240,776216.0,PMO - US,Cipla Ltd A-42 MIDC Mahar. IN,Lopinavir/Ritonavir,33.4,9/27/10,SCMS-84930,FPQ-6341,09-03-10,ARV,107-RW-T30,13-Dec-11,Ocean,Adult,120,0.28,CIPLA LIMITED,EXW,6853
48945,ASN-21627,Generic,Uganda,06-Nov-13,13-Nov-13,150/300mg,Tablet - FDC,Yes,33981.11,Direct Drop,"Lamivudine/Zidovudine 150/300mg, tablets, 60 Tabs",1326.08,165179,1072011.71,PMO - US,Mylan (formerly Matrix) Nashik,Lamivudine/Zidovudine,6.49,7/31/13,SCMS-198720,FPQ-12477,07-08-13,ARV,114-UG-T30,06-Nov-13,Ocean,Adult,60,0.11,MYLAN LABORATORIES LTD (FORMERLY MATRIX LABORATORIES),EXW,37127
12006,DN-1411,Generic,Zimbabwe,22-Sep-09,22-Sep-09,150/200/30mg,Tablet - FDC,No,See DN-1411 (ID#:11352),From RDC,"Lamivudine/Nevirapine/Stavudine 150/200/30mg, tablets, 60 Tabs",1060.6,76000,541120.0,PMO - US,"Cipla, Goa, India",Lamivudine/Nevirapine/Stavudine,7.12,N/A - From RDC,SO-21020,Pre-PQ Process,Date Not Captured,ARV,113-ZW-T01,22-Sep-09,Truck,Adult,60,0.12,SCMS from RDC,N/A - From RDC,See DN-1411 (ID#:11352)
84967,DN-3865,Generic,Mozambique,30-Oct-14,13-Nov-14,600mg,Tablet,No,See DN-3865 (ID#:82723),From RDC,"Efavirenz 600mg, tablets, 30 Tabs",21.78,6600,21186.0,PMO - US,"Strides, Bangalore, India.",Efavirenz,3.21,N/A - From RDC,SO-47703,FPQ-13575,1/17/14,ARV,111-MZ-T30,31-Aug-14,Truck,Adult,30,0.11,SCMS from RDC,N/A - From RDC,See DN-3865 (ID#:82723)
85202,DN-2373,Generic,Tanzania,23-Sep-11,23-Sep-11,600/200/300mg,Tablet - FDC,Yes,1047.17,From RDC,"Efavirenz/Emtricitabine/Tenofovir Disoproxil Fumarate 600/200/300mg, tablets, 30 Tabs",112.67,3428,68285.76,PMO - US,Mylan (formerly Matrix) Nashik,Efavirenz/Emtricitabine/Tenofovir Disoproxil Fumarate,19.92,N/A - From RDC,SO-38172,FPQ-6713,12-02-10,ARV,109-TZ-T30,03-Oct-11,Truck,Adult,30,0.66,SCMS from RDC,N/A - From RDC,396
18679,ASN-19530,Generic,Haiti,25-Jul-13,25-Jul-13,600/300/300mg,Tablet - FDC,Yes,7992.56,Direct Drop,"Efavirenz/Lamivudine/Tenofovir Disoproxil Fumarate 600/300/300mg, tablets, 30 Tabs",702.55,54090,567945.0,PMO - US,Hetero Unit III Hyderabad IN,Efavirenz/Lamivudine/Tenofovir Disoproxil Fumarate,10.5,03-07-13,SCMS-177150,FPQ-11442,1/30/13,ARV,106-HT-T30,25-Jul-13,Ocean,Adult,30,0.35,HETERO LABS LIMITED,EXW,7140
85358,DN-3133,Generic,Mozambique,26-Jul-13,26-Jul-13,10mg/ml,Oral solution,No,See DN-3133 (ID#:84254),From RDC,"Zidovudine 10mg/ml, oral solution w/syringe, Bottle, 240 ml",34.16,13150,27615.0,PMO - US,"Aurobindo Unit III, India",Zidovudine,2.1,N/A - From RDC,SO-43820,FPQ-11033,11-12-12,ARV,111-MZ-T30,21-Jul-13,Truck,Pediatric,240,0.01,SCMS from RDC,N/A - From RDC,See DN-3133 (ID#:84254)
28703,ASN-8226,Uni-Gold,Mozambique,30-Nov-10,30-Nov-10,MIssing,Test kit,Yes,18669.96,Direct Drop,"HIV 1/2, Uni-Gold HIV Kit, 20 Tests",306.67,4445,142240.0,PMO - US,"Trinity Biotech, Plc","HIV 1/2, Uni-Gold HIV Kit",32.0,8/23/10,SCMS-82710,FPQ-6132,08-12-10,HRDT,111-MZ-T30,30-Nov-10,Air,HIV test,20,1.6,"Trinity Biotech, Plc",EXW,1112
83407,DN-1690,Generic,Nigeria,31-Mar-10,31-Mar-10,200/300mg,Tablet - FDC,Yes,Freight Included in Commodity Cost,From RDC,"Emtricitabine/Tenofovir Disoproxil Fumarate 200/300mg, tablets, 30 Tabs",299.11,11807,138732.25,PMO - US,Mylan (formerly Matrix) Nashik,Emtricitabine/Tenofovir Disoproxil Fumarate,11.75,N/A - From RDC,SO-35075,FPQ-4537,11-06-09,ARV,151-NG-T30,19-Apr-10,Air Charter,Adult,30,0.39,SCMS from RDC,N/A - From RDC,952
11581,DN-1022,Generic,Haiti,10-Dec-08,10-Dec-08,10mg/ml,Oral solution,Yes,6338.09,From RDC,"Lamivudine 10mg/ml, oral solution, Bottle, 240 ml",5.94,1595,3030.5,PMO - US,"Aurobindo Unit III, India",Lamivudine,1.9,N/A - From RDC,SO-15970,Pre-PQ Process,Pre-PQ Process,ARV,106-HT-T01,10-Dec-08,Air,Pediatric,240,0.01,SCMS from RDC,N/A - From RDC,598
12456,DN-508,Generic,Zambia,28-Dec-07,28-Dec-07,200mg,Tablet,Yes,15245.25,From RDC,"Nevirapine 200mg, tablets, 60 Tabs",319.22,58680,199512.0,PMO - US,"Aurobindo Unit III, India",Nevirapine,3.4,N/A - From RDC,SO-1315,Pre-PQ Process,Pre-PQ Process,ARV,110-ZM-T01,28-Dec-07,MIssing,Adult,60,0.06,SCMS from RDC,N/A - From RDC,5557
10388,ASN-4224,Generic,South Africa,15-May-09,15-May-09,30mg,Capsule,No,Freight Included in Commodity Cost,Direct Drop,"Stavudine 30mg, capsules, 60 Caps",10.62,1800,5418.0,PMO - US,"Aurobindo Unit III, India",Stavudine,3.01,04-02-09,SCMS-47320,Pre-PQ Process,Pre-PQ Process,ARV,116-ZA-T01,15-May-09,Truck,Adult,60,0.05,S. BUYS WHOLESALER,DDP,Weight Captured Separately
82373,DN-2148,Generic,Ethiopia,18-Mar-11,18-Mar-11,300mg,Tablet,Yes,4277.04,From RDC,"Tenofovir Disoproxil Fumarate 300mg, tablets, 30 Tabs",75.81,6993,45944.01,PMO - US,"Aurobindo Unit III, India",Tenofovir Disoproxil Fumarate,6.57,N/A - From RDC,SO-38580,FPQ-7001,01-06-11,ARV,117-ET-T30,30-Apr-11,Air,Adult,30,0.22,SCMS from RDC,N/A - From RDC,629
84394,DN-3836,Generic,"Congo, DRC",28-Oct-14,04-Dec-14,200mg,Tablet,No,See DN-3836 (ID#:83825),From RDC,"Nevirapine 200mg, tablets, 60 Tabs",6.11,2725,5940.5,PMO - US,Hetero Unit III Hyderabad IN,Nevirapine,2.18,N/A - From RDC,SO-48860,FPQ-14252,05-07-14,ARV,101-CD-T30,24-Sep-14,Air,Adult,60,0.04,SCMS from RDC,N/A - From RDC,See DN-3836 (ID#:83825)
82535,DN-2974,Generic,CÃte dIvoire,27-Dec-12,27-Dec-12,300/300mg,Tablet - FDC,Yes,3026.61,From RDC,"Lamivudine/Tenofovir Disoproxil Fumarate 300/300mg, tablets, 30 Tabs",73.4,9767,52351.12,PMO - US,"Cipla, Kurkumbh, India",Lamivudine/Tenofovir Disoproxil Fumarate,5.36,N/A - From RDC,SO-43270,FPQ-10626,09-06-12,ARV,104-CI-T30,10-Jan-13,Truck,Adult,30,0.18,SCMS from RDC,N/A - From RDC,852
11078,DN-1529,Generic,Mozambique,23-Feb-10,23-Feb-10,200mg,Tablet,Yes,1380.45,From RDC,"Nevirapine 200mg, tablets, 60 Tabs",12.34,1788,5721.6,PMO - US,"Cipla, Goa, India",Nevirapine,3.2,N/A - From RDC,SO-33430,Pre-PQ Process,Date Not Captured,ARV,111-MZ-T01,23-Feb-10,Air,Adult,60,0.05,SCMS from RDC,N/A - From RDC,205
3751,ASN-3732,Videx EC,South Africa,21-Jan-09,21-Jan-09,400mg,Delayed-release capsules - blister,No,Freight Included in Commodity Cost,Direct Drop,"Didanosine EC 400mg [Videx EC], delayed-release capsules, Blister 3 x 10 Caps",2.15,60,1095.0,PMO - US,"BMS Meymac, France",Didanosine EC,18.25,Date Not Captured,SCMS-41190,Pre-PQ Process,Pre-PQ Process,ARV,116-ZA-T01,30-Mar-09,Air,Adult,30,0.61,S. BUYS WHOLESALER,DDP,Weight Captured Separately
51275,ASN-19098,Generic,Vietnam,22-May-13,22-May-13,10mg/ml,Oral solution,No,See ASN-19098 (ID#:21556),Direct Drop,"Zidovudine 10mg/ml, oral solution w/syringe, Bottle, 240 ml",1.22,471,989.1,PMO - US,"Aurobindo Unit III, India",Zidovudine,2.1,02-05-13,SCMS-176180,FPQ-11418,1/29/13,ARV,108-VN-T30,22-May-13,Air,Pediatric,240,0.01,Aurobindo Pharma Limited,EXW,See ASN-19098 (ID#:21556)
20450,ASN-20218,Generic,"Congo, DRC",28-Nov-13,03-Dec-13,125mg,Delayed-release capsules,Yes,2782.94,Direct Drop,"Didanosine 125mg, delayed-release capsules, 30 Caps",1.8,171,1453.5,PMO - US,"Aurobindo Unit III, India",Didanosine,8.5,5/17/13,SCMS-189070,FPQ-12093,4/23/13,ARV,101-CD-T30,28-Nov-13,Air,Pediatric,30,0.28,Aurobindo Pharma Limited,EXW,81
76270,ASN-12455,Determine,Rwanda,04-Nov-11,04-Nov-11,MIssing,Test kit,Yes,26849.57,Direct Drop,"HIV 1/2, Determine HIV Kit, without Lancets, 100 Tests",324.36,2530,196581.0,PMO - US,Inverness Japan,"HIV 1/2, Determine HIV Kit, without Lancets",77.7,8/29/11,SCMS-119640,FPQ-8263,8/19/11,HRDT,107-RW-T30,04-Nov-11,Air,HIV test,100,0.78,"Orgenics, Ltd",EXW,575
62370,ASN-28036,Generic,South Africa,29-Aug-14,29-Aug-14,250mg,Delayed-release capsules,No,Freight Included in Commodity Cost,Direct Drop,"Didanosine 250mg, delayed-release capsules, 30 Caps",0.23,11,185.01,PMO - US,"Aurobindo Unit III, India",Didanosine,16.82,8/29/14,SCMS-199289,FPQ-12522,07-11-13,ARV,116-ZA-T30,29-Aug-14,Truck,Adult,30,0.56,S. BUYS WHOLESALER,DDP,Weight Captured Separately
61105,ASN-31861,Prezista,Mozambique,06-May-15,16-Jul-15,600mg,Tablet,Yes,Freight Included in Commodity Cost,Direct Drop,"Darunavir 600mg [Prezista], tablets, 60 Tabs",6.36,100,5400.0,PMO - US,"Janssen-Cilag, Latina, IT",Darunavir,54.0,12/19/14,SCMS-270130,FPQ-15221,10/28/14,ARV,111-MZ-T30,06-May-15,Air,Adult,60,0.9,JANSSEN SCIENCES IRELAND UC (FORMERLY JANSSEN R&D IRELAND),CIP,Weight Captured Separately
77606,ASN-20772,Kaletra,"Congo, DRC",20-Nov-13,26-Nov-13,80/20mg/ml,Oral solution,Yes,1573.41,Direct Drop,"Lopinavir/Ritonavir 80/20mg/ml [Kaletra], oral solution, cool, Bottle 5 x 60 ml",0.38,10,308.2,PMO - US,ABBVIE (Abbott) Logis. UK,Lopinavir/Ritonavir,30.82,5/23/13,SCMS-189060,FPQ-12093,4/23/13,ARV,101-CD-T30,20-Nov-13,Air,Pediatric,300,0.1,ABBVIE LOGISTICS (FORMERLY ABBOTT LOGISTICS BV),FCA,38
11338,DN-1335,Generic,CÃte dIvoire,16-Jul-09,16-Jul-09,150/30mg,Tablet - FDC,Yes,2787.55,From RDC,"Lamivudine/Stavudine 150/30mg, tablets, 60 Tabs",71.2,9560,36328.0,PMO - US,Mylan (formerly Matrix) Nashik,Lamivudine/Stavudine,3.8,N/A - From RDC,SO-32250,Pre-PQ Process,Date Not Captured,ARV,104-CI-T01,16-Jul-09,Air,Adult,60,0.06,SCMS from RDC,N/A - From RDC,722
82986,DN-2397,Generic,Zimbabwe,21-Nov-11,21-Nov-11,200mg,Tablet,Yes,11154.87,From RDC,"Nevirapine 200mg, tablets, 60 Tabs",231.1,55800,140058.0,PMO - US,Mylan (formerly Matrix) Nashik,Nevirapine,2.51,N/A - From RDC,SO-40283,FPQ-7934,6/28/11,ARV,113-ZW-T30,21-Nov-11,Truck,Adult,60,0.04,SCMS from RDC,N/A - From RDC,5598
41916,ASN-11888,Generic,South Africa,10-Oct-11,10-Oct-11,600mg,Tablet,Yes,9951.37,Direct Drop,"Efavirenz 600mg, tablets, 30 Tabs",363.64,48866,220385.66,PMO - US,"Aurobindo Unit III, India",Efavirenz,4.51,3/24/11,SCMS-103510,FPQ-7175,03-10-11,ARV,161-ZA-T30,10-Oct-11,Ocean,Adult,30,0.15,Aurobindo Pharma Limited,DDP,4154
12092,DN-304,Viread,Mozambique,21-Sep-07,21-Sep-07,300mg,Tablet,No,See DN-304 (ID#:10589),From RDC,"Tenofovir Disoproxil Fumarate 300mg [Viread], tablets, 30 Tabs",90.25,3318,56406.0,PMO - US,Gilead(Nycomed) Oranienburg DE,Tenofovir Disoproxil Fumarate,17.0,N/A - From RDC,SO-298,Pre-PQ Process,Pre-PQ Process,ARV,111-MZ-T01,21-Sep-07,Air,Adult,30,0.57,SCMS from RDC,N/A - From RDC,See DN-304 (ID#:10589)
66264,ASN-33144,Generic,Vietnam,07-Sep-15,07-Sep-15,600/300/300mg,Tablet - FDC,Yes,Invoiced Separately,Direct Drop,"Efavirenz/Lamivudine/Tenofovir Disoproxil Fumarate 600/300/300mg, tablets, 30 Tabs",198.58,17760,168720.0,PMO - US,Hetero Unit III Hyderabad IN,Efavirenz/Lamivudine/Tenofovir Disoproxil Fumarate,9.5,5/13/15,SCMS-285490,FPQ-16194,4/14/15,ARV,108-VN-T30,07-Sep-15,Air,Adult,30,0.32,HETERO LABS LIMITED,EXW,Weight Captured Separately
82809,DN-4309,Generic,Uganda,23-Jul-15,23-Jul-15,200mg,Tablet,Yes,Invoiced Separately,From RDC,"Nevirapine 200mg, tablets, 60 Tabs",24.55,9566,20853.88,PMO - US,Hetero Unit III Hyderabad IN,Nevirapine,2.18,N/A - From RDC,SO-50052,FPQ-15294,11-03-14,ARV,114-UG-T30,31-Jul-15,Truck,Adult,60,0.04,SCMS from RDC,N/A - From RDC,Weight Captured Separately
40665,ASN-16201,Colloidal Gold,Ethiopia,04-Sep-12,04-Sep-12,MIssing,Test kit,Yes,161962.32,Direct Drop,"HIV 1/2, SKB Colloidal Gold, Diagnostic Kit, Antibody, 50 Tests",858.86,25004,612598.0,PMO - US,"KHB Test Kit Facility, Shanghai China","HIV 1/2, Colloidal Gold, Diagnostic Kit, Antibody",24.5,7/25/12,SCMS-148510,FPQ-9954,5/21/12,HRDT,117-ET-T30,04-Sep-12,Air,HIV test,1,24.5,"SHANGHAI KEHUA BIOENGINEERING CO.,LTD.  (KHB)",EXW,17367
82928,DN-2067,Generic,Uganda,02-Dec-10,02-Dec-10,150/300mg,Tablet - FDC,Yes,35284.86,From RDC,"Lamivudine/Zidovudine 150/300mg, tablets, 60 Tabs",1156.78,62753,536538.15,PMO - US,Hetero Unit III Hyderabad IN,Lamivudine/Zidovudine,8.55,N/A - From RDC,SO-37570,FPQ-6427,9/29/10,ARV,114-UG-T30,27-Dec-10,Truck,Adult,60,0.14,SCMS from RDC,N/A - From RDC,5090
73776,ASN-32231,Determine,"Congo, DRC",23-Jul-15,29-Jul-15,MIssing,Test kit,No,See ASN-32231 (ID#:13648),Direct Drop,"HIV 1/2, Determine Complete HIV Kit, 100 Tests",12.05,128,10240.0,PMO - US,"Alere Medical Co., Ltd.","HIV 1/2, Determine Complete HIV Kit",80.0,3/17/15,SCMS-280220,FPQ-16001,03-10-15,HRDT,101-CD-T30,23-Jul-15,Air,HIV test,100,0.8,"Orgenics, Ltd",EXW,See ASN-32231 (ID#:13648)
4045,ASN-2700,Bioline,Tanzania,19-Nov-08,19-Nov-08,MIssing,Test kit,Yes,22856.02,Direct Drop,"HIV 1/2, Bioline 3.0 Kit, Lancets, Capillary pipets, Alcohol swabs included, 25 Tests",392,10000,200000.0,PMO - US,"Standard Diagnostics, Korea","HIV 1/2, Bioline 3.0 Kit, Lancets, Capillary pipets, Alcohol swabs included",20.0,9/17/08,SCMS-10340,Pre-PQ Process,Pre-PQ Process,HRDT,109-TZ-T01,19-Nov-08,Air,HIV test,25,0.8,"Standard Diagnostics, Inc.",EXW,3112
83827,DN-3842,Generic,South Sudan,01-Sep-14,02-Sep-14,200mg,Tablet,No,See DN-3842 (ID#:82706),From RDC,"Efavirenz 200mg, scored tablets, 90 Tabs",9.71,1016,9448.8,PMO - US,"Strides, Bangalore, India.",Efavirenz,9.3,N/A - From RDC,SO-49120,FPQ-14409,06-05-14,ARV,103-SS-T30,01-Sep-14,Air,Pediatric,90,0.1,SCMS from RDC,N/A - From RDC,See DN-3842 (ID#:82706)
27118,ASN-23950,Determine,Nigeria,14-Feb-14,19-Mar-14,MIssing,Test kit,Yes,57484.06,Direct Drop,"HIV 1/2, Determine Complete HIV Kit, 100 Tests",1017.37,9241,822449.0,PMO - US,"Alere Medical Co., Ltd.","HIV 1/2, Determine Complete HIV Kit",89.0,11-01-13,SCMS-210351,FPQ-12812,8/13/13,HRDT,133-NG-T30,18-Feb-14,Air,HIV test,100,0.89,"Orgenics, Ltd",EXW,3744
53971,ASN-25539,Uni-Gold,Lesotho,07-May-14,09-May-14,MIssing,Test kit,Yes,Invoiced Separately,Direct Drop,"HIV 1/2, Uni-Gold HIV Kit, 20 Tests",82.24,2500,80000.0,PMO - US,"Trinity Biotech, Plc","HIV 1/2, Uni-Gold HIV Kit",32.0,04-02-14,SCMS-233580,FPQ-13954,3/24/14,HRDT,800-LS-T30,07-May-14,Air,HIV test,20,1.6,"Trinity Biotech, Plc",EXW,Weight Captured Separately
42394,ASN-15987,Determine,Zimbabwe,18-Sep-12,18-Sep-12,MIssing,Test kit - Ancillary,Yes,46552.3,Direct Drop,"Chase Buffer, Determine, 100 Tests, 2.5ml x 1 Vial",35.47,5060,25300.0,PMO - US,"Alere Medical Co., Ltd.","Chase Buffer, Determine, 100 Tests, 2.5ml x 1 Vial",5.0,07-02-12,SCMS-150030,FPQ-10041,6/13/12,HRDT,113-ZW-T30,18-Sep-12,Air,HIV test - Ancillary,1,5.0,"Orgenics, Ltd",EXW,2486
74729,ASN-19163,Stat-Pak,Nigeria,06-May-13,06-May-13,MIssing,Test kit,Yes,10191.28,Direct Drop,"HIV 1/2, Stat-Pak HIV, Kit, 20 Tests",138.28,3401,98629.0,PMO - US,Chembio Diagnostics Sys. Inc.,"HIV 1/2, Stat-Pak HIV, Kit",29.0,08-10-12,SCMS-155311,FPQ-10349,7/17/12,HRDT,133-NG-T30,06-May-13,Air,HIV test,20,1.45,"CHEMBIO DIAGNOSTIC SYSTEMS, INC.",EXW,972
84698,DN-2497,Generic,"Congo, DRC",14-Feb-12,14-Feb-12,300mg,Tablet,No,See DN-2497 (ID#:82435),From RDC,"Abacavir 300mg, tablets, 60 Tabs",0.18,9,131.67,PMO - US,Mylan (formerly Matrix) Nashik,Abacavir,14.63,N/A - From RDC,SO-41135,FPQ-8840,11/21/11,ARV,101-CD-T30,16-Mar-12,Air,Adult,60,0.24,SCMS from RDC,N/A - From RDC,See DN-2497 (ID#:82435)
69657,ASN-31750,Uni-Gold,"Congo, DRC",02-Jul-15,30-Jul-15,MIssing,Test kit,No,See ASN-31750 (ID#:19272),Direct Drop,"HIV 1/2, Uni-Gold HIV Kit, 20 Tests",8.06,214,6848.0,PMO - US,"Trinity Biotech, Plc","HIV 1/2, Uni-Gold HIV Kit",32.0,3/16/15,SCMS-280210,FPQ-16001,03-10-15,HRDT,101-CD-T30,02-Jul-15,Air,HIV test,20,1.6,"Trinity Biotech, Plc",EXW,See ASN-31750 (ID#:19272)
40379,ASN-30792,Generic,South Africa,19-Feb-15,19-Feb-15,20mg/ml,Oral solution,No,Freight Included in Commodity Cost,Direct Drop,"Abacavir 20mg/ml, oral solution, Bottle, 240 ml",0.08,3,73.53,PMO - US,"Aurobindo Unit III, India",Abacavir,24.51,05-08-14,SCMS-238550,FPQ-13973,4/30/14,ARV,116-ZA-T30,19-Feb-15,Truck,Pediatric,240,0.1,PHARMACY DIRECT,DDP,Weight Captured Separately
65274,ASN-21710,Generic,Cameroon,18-Oct-13,18-Oct-13,150/300/200mg,Tablet - FDC,Yes,34441.93,Direct Drop,"Lamivudine/Nevirapine/Zidovudine 150/200/300mg, tablets, 60 Tabs",323.73,32190,261704.7,PMO - US,"Aurobindo Unit III, India",Lamivudine/Nevirapine/Zidovudine,8.13,8/23/13,SCMS-204300,FPQ-12837,8/19/13,ARV,901-CM-T30,18-Oct-13,Air,Adult,60,0.14,Aurobindo Pharma Limited,EXW,4093
49380,ASN-5460,Generic,South Africa,29-Oct-09,29-Oct-09,150mg,Tablet,Yes,Freight Included in Commodity Cost,Direct Drop,"Lamivudine 150mg, tablets, 60 Tabs",38.04,2000,19410.49,PMO - US,"Aurobindo Unit III, India",Lamivudine,9.71,9/22/09,SCMS-50370,FPQ-3596,05-07-09,ARV,116-ZA-T30,29-Oct-09,Truck,Adult,60,0.16,S. BUYS WHOLESALER,DDP,Weight Captured Separately
83847,DN-3967,Generic,Tanzania,20-Nov-14,21-Nov-14,30/50/60mg,Chewable/dispersible tablet - FDC,Yes,6311.88,From RDC,"Lamivudine/Nevirapine/Zidovudine 30/50/60mg, dispersible tablets, 60 Tabs",88.14,18317,71253.13,PMO - US,Mylan (formerly Matrix) Nashik,Lamivudine/Nevirapine/Zidovudine,3.89,N/A - From RDC,SO-46700,FPQ-13042,10-01-13,ARV,109-TZ-T30,28-Nov-14,Truck,Pediatric,60,0.06,SCMS from RDC,N/A - From RDC,581
44092,ASN-9004,Stat-Pak,Guyana,12-Jan-11,12-Jan-11,MIssing,Test kit - Ancillary,Yes,281.61,Direct Drop,"HIV 1/2, Stat-Pak Buffer Only, 20 Tests",0.16,40,100.0,PMO - US,Chembio Diagnostics Sys. Inc.,"HIV 1/2, Stat-Pak Buffer Only",2.5,10/27/10,SCMS-89530,FPQ-6501,10-08-10,HRDT,102-GY-T30,12-Jan-11,Air,HIV test - Ancillary,1,2.5,"CHEMBIO DIAGNOSTIC SYSTEMS, INC.",EXW,2
65545,ASN-28627,Generic,South Africa,03-Oct-14,03-Oct-14,300mg,Tablet,No,Freight Included in Commodity Cost,Direct Drop,"Tenofovir Disoproxil Fumarate 300mg, tablets, 30 Tabs",0.85,43,822.19,PMO - US,Mylan (formerly Matrix) Nashik,Tenofovir Disoproxil Fumarate,19.12,10-03-14,SCMS-238554,FPQ-13973,4/30/14,ARV,116-ZA-T30,03-Oct-14,Truck,Adult,30,0.64,PHARMACY DIRECT,DDP,Weight Captured Separately
51217,ASN-13956,Kaletra,Zimbabwe,02-Apr-12,02-Apr-12,80/20mg/ml,Oral solution,Yes,54424.24,Direct Drop,"Lopinavir/Ritonavir 80/20mg/ml [Kaletra], oral solution, cool, Bottle 5 x 60 ml",83.13,1251,38555.82,PMO - US,ABBVIE (Abbott) Logis. UK,Lopinavir/Ritonavir,30.82,11-10-10,SCMS-90690,FPQ-6488,10/26/10,ARV,200-ZW-T30,02-Apr-12,Air,Pediatric,300,0.1,ABBVIE LOGISTICS (FORMERLY ABBOTT LOGISTICS BV),FCA,1254
59153,ASN-7572,Aluvia,Vietnam,31-Jul-10,31-Jul-10,200/50mg,Tablet,Yes,5215.07,Direct Drop,"Lopinavir/Ritonavir 200/50mg [Aluvia], tablets, 120 Tabs",614.96,3470,285234.0,PMO - US,ABBVIE Ludwigshafen Germany,Lopinavir/Ritonavir,82.2,3/31/10,SCMS-69230,FPQ-5317,3/22/10,ARV,108-VN-T30,31-Jul-10,Air,Adult,120,0.68,ABBVIE LOGISTICS (FORMERLY ABBOTT LOGISTICS BV),FCA,862
83594,DN-2699,Generic,CÃte dIvoire,15-Jun-12,15-Jun-12,600/300mg,Tablet - FDC,Yes,2330.21,From RDC,"Abacavir/Lamivudine 600/300mg, scored tablets, 30 Tabs",73.82,2340,52650.0,PMO - US,Mylan (formerly Matrix) Nashik,Abacavir/Lamivudine,22.5,N/A - From RDC,SO-41470,FPQ-9261,1/30/12,ARV,104-CI-T30,02-Jul-12,Air Charter,Adult,30,0.75,SCMS from RDC,N/A - From RDC,263
83533,DN-2362,Generic,Zimbabwe,21-Oct-11,21-Oct-11,30/60mg,Tablet - FDC,Yes,502.49,From RDC,"Lamivudine/Zidovudine 30/60mg, tablets, 60 Tabs",1.73,323,1049.75,PMO - US,"Aurobindo Unit III, India",Lamivudine/Zidovudine,3.25,N/A - From RDC,SO-39551,FPQ-7559,4/29/11,ARV,100-ZW-T30,21-Oct-11,Truck,Pediatric,60,0.05,SCMS from RDC,N/A - From RDC,209
86539,DN-2969,Generic,CÃte dIvoire,25-Jan-13,25-Jan-13,200mg,Tablet,Yes,3138.35,From RDC,"Efavirenz 200mg, scored tablets, 90 Tabs",40.94,4000,29200.0,PMO - US,"Strides, Bangalore, India.",Efavirenz,7.3,N/A - From RDC,SO-42970,FPQ-10405,7/24/12,ARV,104-CI-T30,28-Feb-13,Air,Pediatric,90,0.08,SCMS from RDC,N/A - From RDC,244
48825,ASN-32017,Generic,Vietnam,13-Jul-15,14-Jul-15,300mg,Tablet,Yes,Invoiced Separately,Direct Drop,"Tenofovir Disoproxil Fumarate 300mg, tablets, 30 Tabs",84.16,22700,71505.0,PMO - US,Hetero Unit III Hyderabad IN,Tenofovir Disoproxil Fumarate,3.15,3/19/15,SCMS-281670,FPQ-15692,1/28/15,ARV,108-VN-T30,13-Jul-15,Air,Adult,30,0.1,HETERO LABS LIMITED,EXW,Weight Captured Separately
84583,DN-1982,Generic,CÃte dIvoire,23-Aug-10,23-Aug-10,300mg,Tablet,No,See DN-1982 (ID#:82910),From RDC,"Zidovudine 300mg, tablets, 60 Tabs",187.47,12060,86952.6,PMO - US,"Aurobindo Unit III, India",Zidovudine,7.21,N/A - From RDC,SO-36311,FPQ-5201,03-03-10,ARV,104-CI-T30,23-Aug-10,Air,Adult,60,0.12,SCMS from RDC,N/A - From RDC,See DN-1982 (ID#:82910)
85737,DN-2103,Generic,Tanzania,28-Feb-11,28-Feb-11,200mg,Tablet,Yes,1647,From RDC,"Nevirapine 200mg, tablets, 60 Tabs",203.45,36576,94366.08,PMO - US,"Aurobindo Unit III, India",Nevirapine,2.58,N/A - From RDC,SO-37910,FPQ-5237,03-01-10,ARV,109-TZ-T30,28-Feb-11,Truck,Adult,60,0.04,SCMS from RDC,N/A - From RDC,4145
85557,DN-4112,Generic,Zimbabwe,06-Feb-15,06-Feb-15,600/300/300mg,Tablet - FDC,No,See DN-4112 (ID#:84448),From RDC,"Efavirenz/Lamivudine/Tenofovir Disoproxil Fumarate 600/300/300mg, tablets, 30 Tabs",1509.69,150468,1468567.68,PMO - US,Mylan (formerly Matrix) Nashik,Efavirenz/Lamivudine/Tenofovir Disoproxil Fumarate,9.76,N/A - From RDC,SO-49170,FPQ-14458,6/13/14,ARV,113-ZW-T30,06-Mar-15,Truck,Adult,30,0.33,SCMS from RDC,N/A - From RDC,See DN-4112 (ID#:84448)
12499,DN-675,Generic,Kenya,05-Mar-08,05-Mar-08,MIssing,Test kit - Ancillary,No,See DN-675 (ID#:11247),From RDC,"HIV, Lancet, Safety, for HIV Test kits, 100 Pcs",0.02,1550,15.5,PMO - US,Inverness Japan,"HIV, Lancet, Safety, for HIV Test kits, 100 Pcs",0.01,N/A - From RDC,SO-1975,Pre-PQ Process,Pre-PQ Process,HRDT,102-KE-T01,05-Mar-08,Truck,HIV test - Ancillary,100,0.0,SCMS from RDC,N/A - From RDC,See DN-675 (ID#:11247)
11722,DN-79,Generic,CÃte dIvoire,30-Apr-07,30-Apr-07,150/200/30mg,Tablet - FDC,Yes,1458,From RDC,"Lamivudine/Nevirapine/Stavudine 150/200/30mg, tablets, 60 Tabs",MIssing,1000,7500.0,PMO - US,"Cipla, Goa, India",Lamivudine/Nevirapine/Stavudine,7.5,N/A - From RDC,SO-440,Pre-PQ Process,Pre-PQ Process,ARV,100-CI-T01,30-Apr-07,MIssing,Adult,60,0.12,SCMS from RDC,N/A - From RDC,104
12751,DN-475,Generic,Nigeria,03-Dec-07,03-Dec-07,150mg,Tablet,No,See DN-475 (ID#:10642),From RDC,"Lamivudine 150mg, tablets, 60 Tabs",3.42,645,2134.95,PMO - US,"Aurobindo Unit III, India",Lamivudine,3.31,N/A - From RDC,SO-567,Pre-PQ Process,Pre-PQ Process,ARV,112-NG-T01,03-Dec-07,Air,Adult,60,0.06,SCMS from RDC,N/A - From RDC,See DN-475 (ID#:10642)
83206,DN-3525,Generic,Mozambique,20-Feb-14,19-Mar-14,150/200/30mg,Tablet - FDC,No,See DN-3525 (ID#:82648),From RDC,"Lamivudine/Nevirapine/Stavudine 150/200/30mg, tablets, 60 Tabs",252.26,47205,203925.6,PMO - US,Hetero Unit III Hyderabad IN,Lamivudine/Nevirapine/Stavudine,4.32,N/A - From RDC,SO-46172,FPQ-12573,6/28/13,ARV,111-MZ-T30,31-Jan-14,Truck,Adult,60,0.07,SCMS from RDC,N/A - From RDC,See DN-3525 (ID#:82648)
85891,DN-2813,Generic,CÃte dIvoire,27-Aug-12,27-Aug-12,600/300/300mg,Tablet - FDC,No,See DN-2813 (ID#:82501),From RDC,"Efavirenz/Lamivudine/Tenofovir Disoproxil Fumarate 600/300/300mg, tablets, 30 Tabs",709.95,38160,506383.2,PMO - US,Mylan (formerly Matrix) Nashik,Efavirenz/Lamivudine/Tenofovir Disoproxil Fumarate,13.27,N/A - From RDC,SO-42381,FPQ-9749,4/19/12,ARV,104-CI-T30,29-Oct-12,Truck,Adult,30,0.44,SCMS from RDC,N/A - From RDC,See DN-2813 (ID#:82501)
85071,DN-1523,Generic,CÃte dIvoire,02-Dec-09,02-Dec-09,300mg,Tablet,No,See DN-1523 (ID#:83961),From RDC,"Abacavir 300mg, tablets, 60 Tabs",167.93,4000,85680.0,PMO - US,Mylan (formerly Matrix) Nashik,Abacavir,21.42,N/A - From RDC,SO-34500,FPQ-3964,7/24/09,ARV,104-CI-T30,01-Dec-09,Air,Adult,60,0.36,SCMS from RDC,N/A - From RDC,See DN-1523 (ID#:83961)
41568,ASN-15777,Generic,Vietnam,23-Aug-12,23-Aug-12,10mg/ml,Oral solution,Yes,755.03,Direct Drop,"Zidovudine 10mg/ml, oral solution w/syringe, Bottle, 240 ml",0.44,150,315.0,PMO - US,"Aurobindo Unit III, India",Zidovudine,2.1,06-08-12,SCMS-145290,FPQ-9576,04-11-12,ARV,108-VN-T30,23-Aug-12,Air,Pediatric,240,0.01,Aurobindo Pharma Limited,EXW,58
82901,DN-1918,Generic,Nigeria,28-Jun-10,28-Jun-10,300mg,Tablet,Yes,Freight Included in Commodity Cost,From RDC,"Zidovudine 300mg, tablets, 60 Tabs",0.49,30,225.0,PMO - US,"Aurobindo Unit III, India",Zidovudine,7.5,N/A - From RDC,SO-36505,FPQ-5023,02-10-10,ARV,151-NG-T30,15-Jul-10,Air,Adult,60,0.12,SCMS from RDC,N/A - From RDC,2
56331,ASN-15571,Generic,Haiti,22-Oct-12,22-Oct-12,200/50mg,Tablet,No,See ASN-15571 (ID#:21091),Direct Drop,"Lopinavir/Ritonavir 200/50mg, tablets, 120 Tabs",75.71,2160,54000.0,PMO - US,Mylan (formerly Matrix) Nashik,Lopinavir/Ritonavir,25.0,6/28/12,SCMS-148440,FPQ-9635,5/14/12,ARV,106-HT-T30,22-Oct-12,Ocean,Adult,120,0.21,MYLAN LABORATORIES LTD (FORMERLY MATRIX LABORATORIES),EXW,See ASN-15571 (ID#:21091)
84975,DN-3913,Generic,Nigeria,03-Sep-14,05-Sep-14,150/300/200mg,Tablet - FDC,No,See DN-3913 (ID#:84409),From RDC,"Lamivudine/Nevirapine/Zidovudine 150/200/300mg, tablets, 60 Tabs",379.5,45520,369167.2,PMO - US,Mylan (formerly Matrix) Nashik,Lamivudine/Nevirapine/Zidovudine,8.11,N/A - From RDC,SO-47274,FPQ-13293,11/19/13,ARV,151-NG-T30,30-Sep-14,Air Charter,Adult,60,0.14,SCMS from RDC,N/A - From RDC,See DN-3913 (ID#:84409)
84865,DN-3368,Generic,Nigeria,14-Oct-13,24-Oct-13,600/300/300mg,Tablet - FDC,No,See DN-3368 (ID#:83730),From RDC,"Efavirenz/Lamivudine/Tenofovir Disoproxil Fumarate 600/300/300mg, tablets, 30 Tabs",1379.26,100000,1115000.0,PMO - US,Mylan (formerly Matrix) Nashik,Efavirenz/Lamivudine/Tenofovir Disoproxil Fumarate,11.15,N/A - From RDC,SO-45661,FPQ-12248,05-06-13,ARV,151-NG-T30,18-Nov-13,Air Charter,Adult,30,0.37,SCMS from RDC,N/A - From RDC,See DN-3368 (ID#:83730)
85652,DN-1640,Generic,CÃte dIvoire,15-Feb-10,15-Feb-10,600/300mg,Tablet - FDC,Yes,1083.3,From RDC,"Abacavir/Lamivudine 600/300mg, scored tablets, 30 Tabs",57.52,1276,29348.0,PMO - US,"Aurobindo Unit III, India",Abacavir/Lamivudine,23.0,N/A - From RDC,SO-35770,FPQ-4378,10/15/09,ARV,104-CI-T30,06-Apr-10,Air,Adult,30,0.77,SCMS from RDC,N/A - From RDC,117
86809,DN-4259,Generic,Uganda,04-Jun-15,15-Jun-15,30/50/60mg,Chewable/dispersible tablet - FDC,No,See DN-4259 (ID#:86808),From RDC,"Lamivudine/Nevirapine/Zidovudine 30/50/60mg, dispersible tablets, 60 Tabs",124.09,29287,105433.2,PMO - US,"Strides, Bangalore, India.",Lamivudine/Nevirapine/Zidovudine,3.6,N/A - From RDC,SO-50070,FPQ-15294,11-03-14,ARV,114-UG-T30,30-Jun-15,Truck,Pediatric,60,0.06,SCMS from RDC,N/A - From RDC,See DN-4259 (ID#:86808)
86536,DN-2959,Generic,CÃte dIvoire,14-Jan-13,14-Jan-13,600/300mg,Tablet - FDC,Yes,2148.5,From RDC,"Abacavir/Lamivudine 600/300mg, scored tablets, 30 Tabs",56.78,1800,40500.0,PMO - US,"Aurobindo Unit III, India",Abacavir/Lamivudine,22.5,N/A - From RDC,SO-43290,FPQ-10626,09-06-12,ARV,104-CI-T30,27-Feb-13,Truck,Adult,30,0.75,SCMS from RDC,N/A - From RDC,174
64667,ASN-31338,Determine,South Sudan,03-Jun-15,05-Jun-15,MIssing,Test kit - Ancillary,No,See ASN-31338 (ID#:38992),Direct Drop,"Capillary Tubes, for Determine, EDTA, 50uL,100 Pcs",0.94,100,800.0,PMO - US,"Alere Medical Co., Ltd.","HIV, Capillary Tubes, for Determine, EDTA, 50uL,100 Pcs",8.0,2/20/15,SCMS-272160,FPQ-15569,12/29/14,HRDT,105-SS-T30,03-Jun-15,Air,HIV test - Ancillary,100,0.08,"Orgenics, Ltd",EXW,See ASN-31338 (ID#:38992)
85530,DN-3936,Generic,Uganda,01-Oct-14,21-Oct-14,600/300mg,Tablet - FDC,Yes,2786.61,From RDC,"Abacavir/Lamivudine 600/300mg, tablets, 30 Tabs",45.49,3273,44250.96,PMO - US,"Cipla, Patalganga, India",Abacavir/Lamivudine,13.52,N/A - From RDC,SO-48960,FPQ-14396,06-04-14,ARV,114-UG-T30,30-Sep-14,Air,Adult,30,0.45,SCMS from RDC,N/A - From RDC,389
51034,ASN-22345,Determine,Nigeria,07-Nov-13,17-Nov-13,MIssing,Test kit,Yes,6522.64,Direct Drop,"HIV 1/2, Determine Complete HIV Kit, 100 Tests",98.86,898,79922.0,PMO - US,"Alere Medical Co., Ltd.","HIV 1/2, Determine Complete HIV Kit",89.0,07-10-13,SCMS-196561,FPQ-12456,06-10-13,HRDT,133-NG-T30,07-Nov-13,Air,HIV test,100,0.89,"Orgenics, Ltd",EXW,364
85077,DN-1570,Generic,Nigeria,18-Dec-09,18-Dec-09,300mg,Tablet,Yes,11637.64,From RDC,"Abacavir 300mg, tablets, 60 Tabs",31.7,755,16172.1,PMO - US,Mylan (formerly Matrix) Nashik,Abacavir,21.42,N/A - From RDC,SO-32974,FPQ-4014,7/27/09,ARV,123-NG-T30,18-Dec-09,Air Charter,Adult,60,0.36,SCMS from RDC,N/A - From RDC,75
38759,ASN-11475,Ziagen,South Africa,24-Sep-11,24-Sep-11,20mg/ml,Oral solution,Yes,7073.56,Direct Drop,"Abacavir 20mg/ml [Ziagen], oral solution, Bottle, 240 ml",306.24,20000,185600.0,PMO - US,GSK Mississauga (Canada),Abacavir,9.28,3/30/11,SCMS-104200,FPQ-7400,03-11-11,ARV,161-ZA-T30,24-Sep-11,Ocean,Pediatric,240,0.04,GLAXOSMITHKLINE EXPORT LIMITED,DDP,7683
83616,DN-2809,Generic,CÃte dIvoire,27-Aug-12,27-Aug-12,200/50mg,Tablet,Yes,20786.04,From RDC,"Lopinavir/Ritonavir 200/50mg, tablets, 120 Tabs",1051.85,25597,750248.07,PMO - US,Mylan (formerly Matrix) Nashik,Lopinavir/Ritonavir,29.31,N/A - From RDC,SO-41490,FPQ-9261,1/30/12,ARV,104-CI-T30,17-Sep-12,Truck,Adult,120,0.24,SCMS from RDC,N/A - From RDC,9790
51763,ASN-19166,Generic,South Africa,16-Apr-13,16-Apr-13,600mg,Tablet,No,Freight Included in Commodity Cost,Direct Drop,"Efavirenz 600mg, tablets, 30 Tabs",18.12,911,14646.84,South Africa Field Office,"Cipla, Goa, India",Efavirenz,16.08,Date Not Captured,SCMS-183950,FPQ-11828,3/18/13,ARV,116-ZA-T30,16-Apr-13,Truck,Adult,30,0.54,S. BUYS WHOLESALER,DDP,Weight Captured Separately
86288,DN-1754,Generic,Uganda,25-Mar-10,25-Mar-10,150/300/200mg,Tablet - FDC,Yes,1694,From RDC,"Lamivudine/Nevirapine/Zidovudine 150/200/300mg, tablets, 60 Tabs",73.76,3354,37631.88,PMO - US,"Aurobindo Unit III, India",Lamivudine/Nevirapine/Zidovudine,11.22,N/A - From RDC,SO-35690,FPQ-4275,9/17/09,ARV,114-UG-T30,01-Apr-10,Truck,Adult,60,0.19,SCMS from RDC,N/A - From RDC,393
85542,DN-4024,Generic,CÃte dIvoire,11-Feb-15,16-Feb-15,150/300/200mg,Tablet - FDC,No,See DN-4024 (ID#:82756),From RDC,"Lamivudine/Nevirapine/Zidovudine 150/200/300mg, tablets, 60 Tabs",402.36,50700,391404.0,PMO - US,Mylan (formerly Matrix) Nashik,Lamivudine/Nevirapine/Zidovudine,7.72,N/A - From RDC,SO-47912,FPQ-13628,1/29/14,ARV,104-CI-T30,30-Jan-15,Truck,Adult,60,0.13,SCMS from RDC,N/A - From RDC,See DN-4024 (ID#:82756)
82860,DN-1659,Generic,Zimbabwe,12-Mar-10,12-Mar-10,150/300mg,Tablet - FDC,No,See DN-1659 (ID#:82859),From RDC,"Lamivudine/Zidovudine 150/300mg, tablets, 60 Tabs",10.58,560,4905.6,PMO - US,"Aurobindo Unit III, India",Lamivudine/Zidovudine,8.76,N/A - From RDC,SO-35390,FPQ-4694,12-08-09,ARV,113-ZW-T30,31-Mar-10,Truck,Adult,60,0.15,SCMS from RDC,N/A - From RDC,See DN-1659 (ID#:82859)
84312,DN-3470,Generic,CÃte dIvoire,16-Dec-13,20-Jan-14,30/50/60mg,Chewable/dispersible tablet - FDC,Yes,2431.36,From RDC,"Lamivudine/Nevirapine/Zidovudine 30/50/60mg, dispersible tablets, 60 Tabs",27.91,5800,22562.0,PMO - US,"Strides, Bangalore, India.",Lamivudine/Nevirapine/Zidovudine,3.89,N/A - From RDC,SO-46370,FPQ-12800,08-09-13,ARV,104-CI-T30,16-Dec-13,Air,Pediatric,60,0.06,SCMS from RDC,N/A - From RDC,248
12792,DN-770,Generic,Zimbabwe,09-Jun-08,09-Jun-08,600mg,Tablet,No,See DN-770 (ID#:10959),From RDC,"Efavirenz 600mg, tablets, 30 Tabs",36.96,1860,23101.2,PMO - US,"Aurobindo Unit III, India",Efavirenz,12.42,N/A - From RDC,SO-716,Pre-PQ Process,Pre-PQ Process,ARV,100-ZW-T01,09-Jun-08,Air,Adult,30,0.41,SCMS from RDC,N/A - From RDC,See DN-770 (ID#:10959)
85751,DN-2158,Generic,CÃte dIvoire,07-Jun-11,07-Jun-11,600/200/300mg,Tablet - FDC,No,See DN-2158 (ID#:84075),From RDC,"Efavirenz/Emtricitabine/Tenofovir Disoproxil Fumarate 600/200/300mg, tablets, 30 Tabs",9.86,300,5976.0,PMO - US,Mylan (formerly Matrix) Nashik,Efavirenz/Emtricitabine/Tenofovir Disoproxil Fumarate,19.92,N/A - From RDC,SO-37730,FPQ-6499,10-04-10,ARV,104-CI-T30,24-Mar-11,Air,Adult,30,0.66,SCMS from RDC,N/A - From RDC,See DN-2158 (ID#:84075)
74965,ASN-9922,Norvir,Tanzania,31-Mar-11,31-Mar-11,100mg,Capsule,Yes,4701.1,Direct Drop,"Ritonavir 100mg [Norvir], capsules, cool, 4 x 84 Caps",27.71,335,12850.6,PMO - US,ABBVIE (Abbott) Logis. UK,Ritonavir,38.36,03-12-10,SCMS-66940,FPQ-5174,03-01-10,ARV,109-TZ-T30,31-Mar-11,Air,Adult,336,0.11,ABBVIE LOGISTICS (FORMERLY ABBOTT LOGISTICS BV),FCA,146
84189,DN-2838,Generic,Uganda,06-Oct-12,06-Oct-12,200/50mg,Tablet,No,See DN-2838 (ID#:84188),From RDC,"Lopinavir/Ritonavir 200/50mg, tablets, 120 Tabs",208.06,5000,148400.0,PMO - US,Mylan (formerly Matrix) Nashik,Lopinavir/Ritonavir,29.68,N/A - From RDC,SO-42630,FPQ-10084,06-07-12,ARV,900-UG-T30,28-Sep-12,Truck,Adult,120,0.25,SCMS from RDC,N/A - From RDC,See DN-2838 (ID#:84188)
49429,ASN-20240,Determine,Uganda,11-Jul-13,11-Jul-13,MIssing,Test kit,Yes,16337.04,Direct Drop,"HIV 1/2, Determine Complete HIV Kit, 100 Tests",301.53,3047,243760.0,PMO - US,"Alere Medical Co., Ltd.","HIV 1/2, Determine Complete HIV Kit",80.0,05-09-13,SCMS-188330,FPQ-12154,4/23/13,HRDT,114-UG-T30,11-Jul-13,Air,HIV test,100,0.8,"Orgenics, Ltd",EXW,1323
84417,DN-3951,Generic,Zambia,02-Oct-14,22-Oct-14,60/30mg,Tablet - FDC,No,See DN-3951 (ID#:82735),From RDC,"Abacavir/Lamivudine 60/30mg, tablets, 60 Tabs",102.8,25000,100000.0,PMO - US,Mylan (formerly Matrix) Nashik,Abacavir/Lamivudine,4.0,N/A - From RDC,SO-47990,FPQ-13692,02-06-14,ARV,110-ZM-T30,31-Oct-14,Truck,Pediatric,60,0.07,SCMS from RDC,N/A - From RDC,See DN-3951 (ID#:82735)
82385,DN-2231,Generic,Guyana,15-Jun-11,15-Jun-11,100mg,Capsule,Yes,4398.32,From RDC,"Zidovudine 100mg, capsules, 100 Caps",8.19,1043,4964.68,PMO - US,"Aurobindo Unit III, India",Zidovudine,4.76,N/A - From RDC,SO-39720,FPQ-7621,05-04-11,ARV,105-GY-T30,27-Oct-11,Air,Pediatric,100,0.05,SCMS from RDC,N/A - From RDC,332
84179,DN-2727,Generic,Nigeria,09-Jul-12,09-Jul-12,200mg,Tablet,No,See DN-2727 (ID#:83053),From RDC,"Nevirapine 200mg, tablets, 60 Tabs",129.46,37844,92339.36,PMO - US,Hetero Unit III Hyderabad IN,Nevirapine,2.44,N/A - From RDC,SO-41681,FPQ-9432,03-01-12,ARV,151-NG-T30,02-Aug-12,Air Charter,Adult,60,0.04,SCMS from RDC,N/A - From RDC,See DN-2727 (ID#:83053)
48729,ASN-32525,Intelence,South Africa,02-Jun-15,02-Jun-15,100mg,Tablet,Yes,Freight Included in Commodity Cost,Direct Drop,"Etravirine 100mg [Intelence], tablets, 120 Tabs",0.03,1,25.59,PMO - US,"Janssen-Cilag, Latina, IT",Etravirine,25.59,06-02-15,SCMS-259076,FPQ-14942,09-11-14,ARV,116-ZA-T30,02-Jun-15,Truck,Adult,120,0.21,PHARMACY DIRECT,DDP,Weight Captured Separately
61694,ASN-26882,Generic,South Africa,25-Jun-14,25-Jun-14,10mg/ml,Oral solution,No,Freight Included in Commodity Cost,Direct Drop,"Lamivudine 10mg/ml, oral solution, Bottle, 240 ml",0.04,6,42.91,PMO - US,"Aurobindo Unit III, India",Lamivudine,7.15,6/25/14,SCMS-238551,FPQ-13973,4/30/14,ARV,116-ZA-T30,25-Jun-14,Truck,Pediatric,240,0.03,PHARMACY DIRECT,DDP,Weight Captured Separately
84075,DN-2158,Generic,CÃte dIvoire,07-Jun-11,07-Jun-11,600/200/300mg,Tablet - FDC,Yes,3380.35,From RDC,"Efavirenz/Emtricitabine/Tenofovir Disoproxil Fumarate 600/200/300mg, tablets, 30 Tabs",370.75,11280,224697.6,PMO - US,Mylan (formerly Matrix) Nashik,Efavirenz/Emtricitabine/Tenofovir Disoproxil Fumarate,19.92,N/A - From RDC,SO-37730,FPQ-6499,10-04-10,ARV,104-CI-T30,24-Mar-11,Air,Adult,30,0.66,SCMS from RDC,N/A - From RDC,1264
76144,ASN-30261,Determine,Mozambique,10-Feb-15,18-Feb-15,MIssing,Test kit,No,See ASN-30261 (ID#:19627),Direct Drop,"HIV 1/2, Determine Kit without Lancets, Buffer or Caplillary Tubes, 100 Tests",1.53,18,1298.7,PMO - US,"Alere Medical Co., Ltd.","HIV 1/2, Determine Kit without Lancets, Buffer or Capillary Tubes, 100 Tests",72.15,11/19/14,SCMS-264780,FPQ-15324,11-12-14,HRDT,111-MZ-T30,10-Feb-15,Air,HIV test,100,0.72,"Orgenics, Ltd",EXW,See ASN-30261 (ID#:19627)
58801,ASN-9987,Generic,CÃte dIvoire,22-Apr-11,22-Apr-11,300/150/300mg,Tablet - FDC,Yes,5150.82,Direct Drop,"Abacavir/Lamivudine/Zidovudine 300/150/300mg, tablets, 60 Tabs",202.84,3136,94080.0,PMO - US,Mylan (formerly Matrix) Nashik,Abacavir/Lamivudine/Zidovudine,30.0,09-07-10,SCMS-83700,FPQ-6183,08-10-10,ARV,104-CI-T30,22-Apr-11,Air,Adult,60,0.5,MYLAN LABORATORIES LTD (FORMERLY MATRIX LABORATORIES),EXW,492
77296,ASN-6763,Generic,Rwanda,29-Apr-10,29-Apr-10,200/50mg,Tablet,Yes,14256.58,Direct Drop,"Lopinavir/Ritonavir 200/50mg, tablets, 120 Tabs",310.48,4240,158406.4,PMO - US,"Aurobindo Unit III, India",Lopinavir/Ritonavir,37.36,03-07-10,SCMS-48931,FPQ-3859,6/30/09,ARV,107-RW-T30,29-Apr-10,Air,Adult,120,0.31,Aurobindo Pharma Limited,CIP,1048
18538,ASN-32524,Generic,South Africa,02-Jun-15,02-Jun-15,250mg,Delayed-release capsules,Yes,Freight Included in Commodity Cost,Direct Drop,"Didanosine 250mg, delayed-release capsules, 30 Caps",0.05,4,44.07,PMO - US,"Aurobindo Unit III, India",Didanosine,11.02,06-02-15,SCMS-259076,FPQ-14942,09-11-14,ARV,116-ZA-T30,02-Jun-15,Truck,Adult,30,0.37,PHARMACY DIRECT,DDP,Weight Captured Separately
2474,ASN-4280,Kaletra,South Africa,20-Apr-09,20-Apr-09,80/20mg/ml,Oral solution,Yes,Freight Included in Commodity Cost,Direct Drop,"Lopinavir/Ritonavir 80/20mg/ml [Kaletra], oral solution, cool, Bottle 5 x 60 ml",2.82,40,1440.0,PMO - US,ABBVIE (Abbott) Logis. UK,Lopinavir/Ritonavir,36.0,04-02-09,SCMS-47420,Pre-PQ Process,Pre-PQ Process,ARV,116-ZA-T01,31-Jul-09,Air,Pediatric,300,0.12,S. BUYS WHOLESALER,DDP,Weight Captured Separately
48857,ASN-8167,Generic,South Africa,21-Jan-11,21-Jan-11,10mg/ml,Oral solution,Yes,2154.52,Direct Drop,"Lamivudine 10mg/ml, oral solution w/syringe, Bottle, 240 ml",75.21,11628,34884.0,PMO - US,"Aurobindo Unit III, India",Lamivudine,3.0,3/19/10,SCMS-68980,FPQ-5303,3/18/10,ARV,161-ZA-T30,24-Aug-10,Air,Pediatric,240,0.01,Aurobindo Pharma Limited,DDP,4382
3055,ASN-1611,Determine,Uganda,22-May-08,22-May-08,MIssing,Test kit,Yes,2642.45,Direct Drop,"HIV 1/2, Determine HIV Kit, without Lancets, 100 Tests",97.91,850,61191.5,PMO - US,Inverness Japan,"HIV 1/2, Determine HIV Kit, without Lancets",71.99,03-11-08,SCMS-18750,Pre-PQ Process,Pre-PQ Process,HRDT,114-UG-T01,22-May-08,Air,HIV test,100,0.72,"Orgenics, Ltd",EXW,194
84199,DN-2900,Generic,Nigeria,06-Nov-12,06-Nov-12,150/300mg,Tablet - FDC,Yes,15459.1,From RDC,"Lamivudine/Zidovudine 150/300mg, tablets, 60 Tabs",956.82,88403,682471.16,PMO - US,Hetero Unit III Hyderabad IN,Lamivudine/Zidovudine,7.72,N/A - From RDC,SO-42681,FPQ-9968,5/23/12,ARV,151-NG-T30,06-Nov-12,Air,Adult,60,0.13,SCMS from RDC,N/A - From RDC,9421
9536,ASN-1319,Capillus,Haiti,18-Feb-08,18-Feb-08,MIssing,Test kit,Yes,Invoiced Separately,Direct Drop,"HIV 1/2, Capillus HIV Kit, 100 Tests",0.44,2,278.0,PMO - US,"Trinity Biotech, Plc","HIV 1/2, Capillus HIV Kit",139.0,01-03-08,SCMS-15870,Pre-PQ Process,Pre-PQ Process,HRDT,100-HT-T01,18-Feb-08,Air,HIV test,100,1.39,"Trinity Biotech, Plc",EXW,Weight Captured Separately
84821,DN-3186,Generic,Zambia,07-Jun-13,07-Jun-13,150/300mg,Tablet - FDC,No,See DN-3186 (ID#:83688),From RDC,"Lamivudine/Zidovudine 150/300mg, tablets, 60 Tabs",857.59,87384,611688.0,PMO - US,"Aurobindo Unit III, India",Lamivudine/Zidovudine,7.0,N/A - From RDC,SO-43460,FPQ-10728,10-05-12,ARV,110-ZM-T30,28-Jun-13,Truck,Adult,60,0.12,SCMS from RDC,N/A - From RDC,See DN-3186 (ID#:83688)
11846,DN-550,Generic,Uganda,11-Mar-08,11-Mar-08,600mg,Tablet,Yes,1902.9,From RDC,"Efavirenz 600mg, tablets, 30 Tabs",66.85,3364,41780.88,PMO - US,"Aurobindo Unit III, India",Efavirenz,12.42,N/A - From RDC,SO-1304,Pre-PQ Process,Pre-PQ Process,ARV,114-UG-T01,11-Mar-08,Air,Adult,30,0.41,SCMS from RDC,N/A - From RDC,369
82812,DN-4314,Generic,CÃte dIvoire,06-Aug-15,07-Aug-15,200/50mg,Tablet,Yes,28406.4,From RDC,"Lopinavir/Ritonavir 200/50mg, tablets, 120 Tabs",231.4,10000,196600.0,PMO - US,Hetero Unit III Hyderabad IN,Lopinavir/Ritonavir,19.66,N/A - From RDC,SO-50111,FPQ-15259,10/24/14,ARV,104-CI-T30,31-Jul-15,Truck,Adult,120,0.16,SCMS from RDC,N/A - From RDC,7041
7732,ASN-3752,Videx,South Africa,21-Nov-08,21-Nov-08,100mg,Chewable/dispersible tablet,No,Freight Included in Commodity Cost,Direct Drop,"Didanosine 100mg [Videx],chewable tablets, 60 Tabs",0.2,10,100.6,PMO - US,"BMS Meymac, France",Didanosine,10.06,Date Not Captured,SCMS-41140,Pre-PQ Process,Pre-PQ Process,ARV,116-ZA-T01,31-Mar-09,Air,Pediatric,60,0.17,S. BUYS WHOLESALER,DDP,Weight Captured Separately
12267,DN-1091,Generic,Ethiopia,18-Feb-09,18-Feb-09,150/300mg,Tablet - FDC,Yes,1719.65,From RDC,"Lamivudine/Zidovudine 150/300mg, tablets, 60 Tabs",85.85,5000,43800.0,PMO - US,Mylan (formerly Matrix) Nashik,Lamivudine/Zidovudine,8.76,N/A - From RDC,SO-22190,Pre-PQ Process,Pre-PQ Process,ARV,117-ET-T01,18-Feb-09,Air,Adult,60,0.15,SCMS from RDC,N/A - From RDC,403
11707,DN-87,Uni-Gold,Zambia,03-May-07,03-May-07,MIssing,Test kit,Yes,9437.24,From RDC,"HIV 1/2, Uni-Gold HIV Kit, 20 Tests",MIssing,3500,112000.0,PMO - US,"Trinity Biotech, Plc","HIV 1/2, Uni-Gold HIV Kit",32.0,N/A - From RDC,SO-355,Pre-PQ Process,Pre-PQ Process,HRDT,110-ZM-T01,03-May-07,MIssing,HIV test,20,1.6,SCMS from RDC,N/A - From RDC,1109
85092,DN-1667,Generic,Haiti,03-Mar-10,03-Mar-10,30mg,Capsule,No,See DN-1667 (ID#:82861),From RDC,"Stavudine 30mg, capsules, 60 Caps",7.93,2610,3680.1,PMO - US,"Aurobindo Unit III, India",Stavudine,1.41,N/A - From RDC,SO-35920,FPQ-4384,10/23/09,ARV,106-HT-T30,10-Mar-10,Air,Adult,60,0.02,SCMS from RDC,N/A - From RDC,See DN-1667 (ID#:82861)
53106,ASN-19819,Generic,Haiti,02-Sep-13,02-Sep-13,60/30mg,Tablet - FDC,No,See ASN-19819 (ID#:13739),Direct Drop,"Abacavir/Lamivudine 60/30mg, tablets, 60 Tabs",7.93,1393,6407.8,PMO - US,"Aurobindo Unit III, India",Abacavir/Lamivudine,4.6,3/22/13,SCMS-180940,FPQ-11443,02-07-13,ARV,106-HT-T30,02-Sep-13,Ocean,Pediatric,60,0.08,Aurobindo Pharma Limited,EXW,See ASN-19819 (ID#:13739)
85766,DN-2231,Generic,Guyana,15-Jun-11,15-Jun-11,10mg/ml,Oral solution,No,See DN-2231 (ID#:82385),From RDC,"Lamivudine 10mg/ml, oral solution w/syringe, Bottle, 240 ml",1.14,375,693.75,PMO - US,"Aurobindo Unit III, India",Lamivudine,1.85,N/A - From RDC,SO-39720,FPQ-7621,05-04-11,ARV,105-GY-T30,27-Oct-11,Air,Pediatric,240,0.01,SCMS from RDC,N/A - From RDC,See DN-2231 (ID#:82385)
85511,DN-3843,Generic,"Congo, DRC",24-Sep-14,06-Nov-14,30/60mg,Tablet - FDC,No,See DN-3843 (ID#:82707),From RDC,"Lamivudine/Zidovudine 30/60mg, tablets, 60 Tabs",1.84,900,1791.0,PMO - US,Mylan (formerly Matrix) Nashik,Lamivudine/Zidovudine,1.99,N/A - From RDC,SO-48850,FPQ-14252,05-07-14,ARV,101-CD-T30,13-Aug-14,Air,Pediatric,60,0.03,SCMS from RDC,N/A - From RDC,See DN-3843 (ID#:82707)
83984,DN-1673,Generic,Haiti,15-Mar-10,15-Mar-10,10mg/ml,Oral solution,No,See DN-1673 (ID#:83983),From RDC,"Lamivudine 10mg/ml, oral solution, Bottle, 240 ml",12.85,3136,5958.4,PMO - US,"Cipla, Goa, India",Lamivudine,1.9,N/A - From RDC,SO-34690,FPQ-4384,10/23/09,ARV,106-HT-T30,15-Mar-10,Air,Pediatric,240,0.01,SCMS from RDC,N/A - From RDC,See DN-1673 (ID#:83983)
84053,DN-2059,Generic,Haiti,15-Dec-10,15-Dec-10,150/300mg,Tablet - FDC,Yes,68243,From RDC,"Lamivudine/Zidovudine 150/300mg, tablets, 60 Tabs",666.18,36139,308988.45,PMO - US,"Aurobindo Unit III, India",Lamivudine/Zidovudine,8.55,N/A - From RDC,SO-36730,FPQ-5523,4/19/10,ARV,106-HT-T30,26-Nov-10,Air,Adult,60,0.14,SCMS from RDC,N/A - From RDC,7100
32111,ASN-14234,Stat-Pak,Ethiopia,27-Mar-12,27-Mar-12,MIssing,Test kit,Yes,354.59,Direct Drop,"HIV 1/2, Stat-Pak HIV, Kit, 20 Tests",4.92,121,3509.0,PMO - US,Chembio Diagnostics Sys. Inc.,"HIV 1/2, Stat-Pak HIV, Kit",29.0,1/23/12,SCMS-134750,FPQ-9210,1/18/12,HRDT,117-ET-T30,27-Mar-12,Air,HIV test,20,1.45,"CHEMBIO DIAGNOSTIC SYSTEMS, INC.",EXW,42
4372,ASN-2050,Aluvia,Vietnam,16-Jul-08,16-Jul-08,200/50mg,Tablet,Yes,4393.32,Direct Drop,"Lopinavir/Ritonavir 200/50mg [Aluvia], tablets, 120 Tabs",199.91,1520,124944.0,PMO - US,ABBVIE Ludwigshafen Germany,Lopinavir/Ritonavir,82.2,3/31/08,SCMS-20410,Pre-PQ Process,Pre-PQ Process,ARV,108-VN-T01,16-Jul-08,Air,Adult,120,0.68,ABBVIE LOGISTICS (FORMERLY ABBOTT LOGISTICS BV),FCA,385
15727,ASN-12090,Coartem,Nigeria,23-Sep-11,23-Sep-11,20/120mg,Tablet - FDC + blister,Yes,5433.21,Direct Drop,"Artemether/Lumefantrine 20/120mg [Coartem], scored tablets, Blister 30 x 24 Tabs",64.35,1000,39000.0,PMO - US,"Novartis Pharma Suffern, USA",Artemether/Lumefantrine,39.0,6/15/11,SCMS-111240,FPQ-7743,5/23/11,ACT,123-NG-T30,23-Sep-11,Air,ACT,720,0.05,NOVARTIS PHARMA SERVICES AG,EXW,711
62047,ASN-8464,Generic,South Africa,08-Dec-10,08-Dec-10,200mg,Tablet,Yes,5159.33,Direct Drop,"Nevirapine 200mg, tablets, 60 Tabs",103.14,16383,47838.36,PMO - US,"Aurobindo Unit III, India",Nevirapine,2.92,3/19/10,SCMS-68981,FPQ-5303,3/18/10,ARV,161-ZA-T30,08-Dec-10,Air,Adult,60,0.05,Aurobindo Pharma Limited,DDP,1935
12059,DN-183,Trizivir,Mozambique,04-Jul-07,04-Jul-07,300/150/300mg,Tablet - FDC,Yes,439.17,From RDC,"Abacavir/Lamivudine/Zidovudine 300/150/300mg [Trizivir], tablets, 60 Tabs",MIssing,1019,71330.0,PMO - US,GSK Ware (UK),Abacavir/Lamivudine/Zidovudine,70.0,N/A - From RDC,SO-379,Pre-PQ Process,Pre-PQ Process,ARV,111-MZ-T01,04-Jul-07,Air,Adult,60,1.17,SCMS from RDC,N/A - From RDC,138
57447,ASN-25327,Generic,Vietnam,15-May-14,14-May-14,150/300/200mg,Tablet - FDC,Yes,1377.02,Direct Drop,"Lamivudine/Nevirapine/Zidovudine 150/200/300mg, tablets, 60 Tabs",49.9,4980,40338.0,PMO - US,Mylan (formerly Matrix) Nashik,Lamivudine/Nevirapine/Zidovudine,8.1,10-07-13,SCMS-210050,FPQ-13034,10-04-13,ARV,108-VN-T30,15-May-14,Air,Adult,60,0.13,MYLAN LABORATORIES LTD (FORMERLY MATRIX LABORATORIES),EXW,695
10831,DN-170,Determine,CÃte dIvoire,08-Jun-07,08-Jun-07,MIssing,Test kit,Yes,1363,From RDC,"HIV 1/2, Determine Complete HIV Kit, 100 Tests",MIssing,50,4000.0,PMO - US,ABBVIE GmbH & Co.KG Wiesbaden,"HIV 1/2, Determine Complete HIV Kit",80.0,N/A - From RDC,SO-635,Pre-PQ Process,Pre-PQ Process,HRDT,104-CI-T01,08-Jun-07,MIssing,HIV test,100,0.8,SCMS from RDC,N/A - From RDC,15
4650,ASN-2658,Generic,Mozambique,01-Nov-08,01-Nov-08,MIssing,Test kit - Ancillary,Yes,23743.01,Direct Drop,"HIV, Lancet, Safety, for HIV Test kits, 100 Pcs",0.15,7690,76.9,PMO - US,Inverness Japan,"HIV, Lancet, Safety, for HIV Test kits, 100 Pcs",0.01,8/26/08,SCMS-28730,Pre-PQ Process,Pre-PQ Process,HRDT,111-MZ-T01,01-Nov-08,Air,HIV test - Ancillary,100,0.0,"Orgenics, Ltd",EXW,2278
86395,DN-2286,Generic,Nigeria,06-Jul-11,06-Jul-11,300/300mg,Tablet - FDC,Yes,13398.06,From RDC,"Lamivudine/Tenofovir Disoproxil Fumarate 300/300mg, tablets, 30 Tabs",427.12,29349,258858.18,PMO - US,Mylan (formerly Matrix) Nashik,Lamivudine/Tenofovir Disoproxil Fumarate,8.82,N/A - From RDC,SO-40170,FPQ-7217,2/21/11,ARV,151-NG-T30,22-Jul-11,Air Charter,Adult,30,0.29,SCMS from RDC,N/A - From RDC,2808
47048,ASN-11550,Aluvia,Guyana,05-Aug-11,05-Aug-11,200/50mg,Tablet,Yes,2171.57,Direct Drop,"Lopinavir/Ritonavir 200/50mg [Aluvia], tablets, 120 Tabs",179.57,1324,108832.8,PMO - US,ABBVIE Ludwigshafen Germany,Lopinavir/Ritonavir,82.2,6/15/11,SCMS-111220,FPQ-7619,5/30/11,ARV,105-GY-T30,05-Aug-11,Air,Adult,120,0.68,ABBVIE LOGISTICS (FORMERLY ABBOTT LOGISTICS BV),FCA,334
11173,DN-344,Generic,Mozambique,05-Oct-07,05-Oct-07,150mg,Tablet,Yes,25442,From RDC,"Lamivudine 150mg, tablets, 60 Tabs",0.97,200,608.0,PMO - US,"Aurobindo Unit III, India",Lamivudine,3.04,N/A - From RDC,SO-924,Pre-PQ Process,Pre-PQ Process,ARV,111-MZ-T01,05-Oct-07,Air,Adult,60,0.05,SCMS from RDC,N/A - From RDC,4241
66383,ASN-18894,Generic,Uganda,22-Apr-13,22-Apr-13,50mg,Chewable/dispersible tablet,Yes,1203.4,Direct Drop,"Nevirapine 50mg, dispersible tablets (tablets for oral suspension), 30 Tabs",1.49,961,1201.25,PMO - US,"Aurobindo Unit III, India",Nevirapine,1.25,02-05-13,SCMS-173450,FPQ-11141,12/13/12,ARV,114-UG-T30,22-Apr-13,Air,Pediatric,30,0.04,Aurobindo Pharma Limited,EXW,53
86701,DN-3880,Aluvia,Uganda,22-Aug-14,26-Aug-14,200/50mg,Tablet,Yes,3730.8,From RDC,"Lopinavir/Ritonavir 200/50mg [Aluvia], tablets, 120 Tabs",103.69,5337,100869.3,PMO - US,ABBVIE Ludwigshafen Germany,Lopinavir/Ritonavir,18.9,N/A - From RDC,SO-48991,FPQ-14396,06-04-14,ARV,114-UG-T30,28-Nov-14,Truck,Adult,120,0.16,SCMS from RDC,N/A - From RDC,1089
50235,ASN-31132,Determine,Zimbabwe,14-May-15,14-May-15,MIssing,Test kit - Ancillary,No,See ASN-31132 (ID#:36641),Direct Drop,"Chase Buffer, Determine, 100 Tests, 2.5ml x 1 Vial",38.25,6500,32500.0,PMO - US,"Alere Medical Co., Ltd.","Chase Buffer, Determine, 100 Tests, 2.5ml x 1 Vial",5.0,1/26/15,SCMS-266490,FPQ-15380,11/17/14,HRDT,113-ZW-T30,14-May-15,Air,HIV test - Ancillary,1,5.0,"Orgenics, Ltd",EXW,See ASN-31132 (ID#:36641)
83702,DN-3242,Generic,Nigeria,23-Jul-13,23-Jul-13,150/300mg,Tablet - FDC,Yes,Freight Included in Commodity Cost,From RDC,"Lamivudine/Zidovudine 150/300mg, tablets, 60 Tabs",36.21,4026,29269.02,PMO - US,"Aurobindo Unit III, India",Lamivudine/Zidovudine,7.27,N/A - From RDC,SO-44922,FPQ-11864,3/14/13,ARV,151-NG-T30,04-Sep-13,Air Charter,Adult,60,0.12,SCMS from RDC,N/A - From RDC,410
86545,DN-3002,Generic,Mozambique,22-Mar-13,22-Mar-13,600mg,Tablet,Yes,7733.77,From RDC,"Efavirenz 600mg, tablets, 30 Tabs",167.34,38000,135280.0,PMO - US,"Hetero, Jadcherla, unit 5, IN",Efavirenz,3.56,N/A - From RDC,SO-43800,FPQ-11033,11-12-12,ARV,111-MZ-T30,22-Mar-13,Truck,Adult,30,0.12,SCMS from RDC,N/A - From RDC,3140
83381,DN-1546,Generic,CÃte dIvoire,02-Dec-09,02-Dec-09,150/30mg,Tablet - FDC,Yes,1211.49,From RDC,"Lamivudine/Stavudine 150/30mg, tablets, 60 Tabs",6.45,940,3290.0,PMO - US,"Strides, Bangalore, India.",Lamivudine/Stavudine,3.5,N/A - From RDC,SO-34740,FPQ-4378,10/15/09,ARV,104-CI-T30,07-Dec-09,Air,Adult,60,0.06,SCMS from RDC,N/A - From RDC,49
84658,DN-2262,Generic,Ghana,09-Jun-11,09-Jun-11,300mg,Tablet,Yes,226.25,From RDC,"Tenofovir Disoproxil Fumarate 300mg, tablets, 30 Tabs",11.5,1086,6972.12,PMO - US,"Aurobindo Unit III, India",Tenofovir Disoproxil Fumarate,6.42,N/A - From RDC,SO-39980,FPQ-7799,06-06-11,ARV,100-GH-T30,04-Jul-11,Air,Adult,30,0.21,SCMS from RDC,N/A - From RDC,90
85377,DN-3231,Generic,Zimbabwe,06-Aug-13,06-Aug-13,200mg,Tablet,No,See DN-3231 (ID#:84831),From RDC,"Nevirapine 200mg, tablets, 60 Tabs",274.54,98203,221938.78,PMO - US,"Cipla, Goa, India",Nevirapine,2.26,N/A - From RDC,SO-44340,FPQ-11545,1/24/13,ARV,113-ZW-T30,31-Jul-13,Truck,Adult,60,0.04,SCMS from RDC,N/A - From RDC,See DN-3231 (ID#:84831)
83227,DN-3592,Generic,Tanzania,08-Apr-14,14-Apr-14,30/50/60mg,Chewable/dispersible tablet - FDC,Yes,6010.2,From RDC,"Lamivudine/Nevirapine/Zidovudine 30/50/60mg, dispersible tablets, 60 Tabs",477.7,102980,386175.0,PMO - US,Mylan (formerly Matrix) Nashik,Lamivudine/Nevirapine/Zidovudine,3.75,N/A - From RDC,SO-46670,FPQ-13042,10-01-13,ARV,109-TZ-T30,08-Apr-14,Truck,Pediatric,60,0.06,SCMS from RDC,N/A - From RDC,5687
86342,DN-2025,Generic,Nigeria,10-Nov-10,10-Nov-10,150mg,Tablet,No,See DN-2025 (ID#:83460),From RDC,"Lamivudine 150mg, tablets, 60 Tabs",20.6,4100,9553.0,PMO - US,Hetero Unit III Hyderabad IN,Lamivudine,2.33,N/A - From RDC,SO-37500,FPQ-5688,5/27/10,ARV,151-NG-T30,22-Oct-10,Air,Adult,60,0.04,SCMS from RDC,N/A - From RDC,See DN-2025 (ID#:83460)
82633,DN-3483,Generic,Mozambique,10-Feb-14,17-Mar-14,150/300/200mg,Tablet - FDC,Yes,15814.01,From RDC,"Lamivudine/Nevirapine/Zidovudine 150/200/300mg, tablets, 60 Tabs",404.62,39600,327096.0,PMO - US,Mylan (formerly Matrix) Nashik,Lamivudine/Nevirapine/Zidovudine,8.26,N/A - From RDC,SO-45896,FPQ-12416,6/28/13,ARV,111-MZ-T30,31-Jan-14,Truck,Adult,60,0.14,SCMS from RDC,N/A - From RDC,17181
12428,DN-423,Invirase,CÃte dIvoire,13-Nov-07,13-Nov-07,200mg,Capsule,No,See DN-423 (ID#:11194),From RDC,"Saquinavir 200mg [Invirase], capsules, 270 Caps",2.89,23,1808.72,PMO - US,Roche Basel,Saquinavir,78.64,N/A - From RDC,SO-1245,Pre-PQ Process,Pre-PQ Process,ARV,104-CI-T01,13-Nov-07,Air,Adult,270,0.29,SCMS from RDC,N/A - From RDC,See DN-423 (ID#:11194)
21705,ASN-18408,Generic,Vietnam,18-Mar-13,18-Mar-13,600/300/300mg,Tablet - FDC,Yes,4802.92,Direct Drop,"Efavirenz/Lamivudine/Tenofovir Disoproxil Fumarate 600/300/300mg, tablets, 30 Tabs",332.43,23389,268739.61,PMO - US,Mylan (formerly Matrix) Nashik,Efavirenz/Lamivudine/Tenofovir Disoproxil Fumarate,11.49,11-07-12,SCMS-164570,FPQ-10811,10/15/12,ARV,108-VN-T30,18-Mar-13,Air,Adult,30,0.38,MYLAN LABORATORIES LTD (FORMERLY MATRIX LABORATORIES),EXW,2741
83649,DN-2998,Generic,Nigeria,11-Feb-13,11-Feb-13,300mg,Tablet,Yes,29780.5,From RDC,"Tenofovir Disoproxil Fumarate 300mg, tablets, 30 Tabs",41.89,7395,29875.8,PMO - US,Mylan (formerly Matrix) Nashik,Tenofovir Disoproxil Fumarate,4.04,N/A - From RDC,SO-43046,FPQ-10477,08-09-12,ARV,151-NG-T30,11-Feb-13,Air Charter,Adult,30,0.13,SCMS from RDC,N/A - From RDC,779
7421,ASN-2718,Clearview,Namibia,28-Oct-08,28-Oct-08,MIssing,Test kit,Yes,85.27,Direct Drop,"HIV 1/2, Clearview Complete Kit, 25 Tests",1.03,7,525.0,PMO - US,Inverness USA,"HIV 1/2, Clearview Complete Kit",75.0,9/24/08,SCMS-31190,Pre-PQ Process,Pre-PQ Process,HRDT,119-NA-T01,28-Oct-08,Air,HIV test,25,3.0,"Orgenics, Ltd",CIP,3
11391,DN-199,Generic,CÃte dIvoire,05-Jul-07,05-Jul-07,10mg/ml,Oral solution,Yes,15561,From RDC,"Zidovudine 10mg/ml, oral solution, Bottle, 240 ml",27.28,4316,17048.2,PMO - US,"Aurobindo Unit III, India",Zidovudine,3.95,N/A - From RDC,SO-519,Pre-PQ Process,Pre-PQ Process,ARV,104-CI-T01,05-Jul-07,MIssing,Pediatric,240,0.02,SCMS from RDC,N/A - From RDC,6634
74035,ASN-27979,Generic,South Africa,27-Aug-14,27-Aug-14,300mg,Tablet,No,Freight Included in Commodity Cost,Direct Drop,"Zidovudine 300mg, tablets, 60 Tabs",0.38,11,306.08,PMO - US,"Aurobindo Unit III, India",Zidovudine,27.83,8/27/14,SCMS-199283,FPQ-12522,07-11-13,ARV,116-ZA-T30,27-Aug-14,Truck,Adult,60,0.46,S. BUYS WHOLESALER,DDP,Weight Captured Separately
85315,DN-2910,Generic,CÃte dIvoire,05-Nov-12,05-Nov-12,30/60mg,Tablet - FDC,Yes,4424.91,From RDC,"Lamivudine/Zidovudine 30/60mg, tablets, 60 Tabs",58.51,15120,41731.2,PMO - US,Mylan (formerly Matrix) Nashik,Lamivudine/Zidovudine,2.76,N/A - From RDC,SO-43030,FPQ-9749,4/19/12,ARV,104-CI-T30,30-Nov-12,Truck,Pediatric,60,0.05,SCMS from RDC,N/A - From RDC,959
65574,ASN-5820,Videx,Haiti,24-Feb-10,24-Feb-10,2g,Powder for oral solution,No,Freight Included in Commodity Cost,Direct Drop,"Didanosine 2g [Videx], powder for oral solution 10mg/ml, reconstitute to 200 ml",5.21,192,2417.28,PMO - US,"BMS Meymac, France",Didanosine,12.59,11/24/09,SCMS-58010,FPQ-4389,11-03-09,ARV,106-HT-T30,24-Feb-10,Air,Pediatric,200,0.06,BRISTOL-MYERS SQUIBB,CIP,Weight Captured Separately
57266,ASN-16494,Uni-Gold,Kenya,15-Oct-12,15-Oct-12,MIssing,Test kit,Yes,36219.03,Direct Drop,"HIV 1/2, Uni-Gold HIV Kit, 20 Tests",672.96,15000,480000.0,PMO - US,"Trinity Biotech, Plc","HIV 1/2, Uni-Gold HIV Kit",32.0,6/13/12,SCMS-149180,FPQ-9856,5/24/12,HRDT,103-KE-T30,15-Oct-12,Air,HIV test,20,1.6,"Trinity Biotech, Plc",EXW,4956
37152,ASN-5935,Generic,Uganda,02-Feb-10,02-Feb-10,150mg,Capsule,Yes,915.09,Direct Drop,"Atazanavir 150mg, capsules, 60 Caps",12.27,240,6261.6,PMO - US,"Emcure Plot No.P-2, I.T-B.T. Park, Phase II, MIDC, Hinjwadi, Pune, India",Atazanavir,26.09,11/25/09,SCMS-58160,FPQ-4320,11/16/09,ARV,114-UG-T30,02-Feb-10,Air,Pediatric,60,0.43,EMCURE PHARMACEUTICALS LTD,EXW,25
3616,ASN-3561,Generic,Vietnam,07-Apr-09,07-Apr-09,150/300/200mg,Tablet - FDC,No,See ASN-3561 (ID#:2297),Direct Drop,"Lamivudine/Nevirapine/Zidovudine 150/200/300mg, tablets, 60 Tabs",6.56,300,3345.0,PMO - US,"Aurobindo Unit III, India",Lamivudine/Nevirapine/Zidovudine,11.15,1/16/09,SCMS-37160,Pre-PQ Process,Pre-PQ Process,ARV,108-VN-T01,07-Apr-09,Air,Adult,60,0.19,Aurobindo Pharma Limited,EXW,See ASN-3561 (ID#:2297)
12646,DN-68,Viracept,Mozambique,04-May-07,04-May-07,250mg,Tablet,Yes,1824.11,From RDC,"Nelfinavir (as mesilate) 250mg [Viracept], tablets, 270 Tabs",MIssing,2579,205288.4,PMO - US,Roche Madrid,Nelfinavir (as mesilate),79.6,N/A - From RDC,SO-260,Pre-PQ Process,Pre-PQ Process,ARV,111-MZ-T01,04-May-07,Air,Adult,270,0.29,SCMS from RDC,N/A - From RDC,663
83020,DN-2591,Generic,Tanzania,11-Apr-12,11-Apr-12,600/200/300mg,Tablet - FDC,Yes,3279.25,From RDC,"Efavirenz/Emtricitabine/Tenofovir Disoproxil Fumarate 600/200/300mg, tablets, 30 Tabs",3623.92,131280,2196314.4,PMO - US,Mylan (formerly Matrix) Nashik,Efavirenz/Emtricitabine/Tenofovir Disoproxil Fumarate,16.73,N/A - From RDC,SO-40631,FPQ-8297,8/22/11,ARV,109-TZ-T30,30-Apr-12,Truck,Adult,30,0.56,SCMS from RDC,N/A - From RDC,15032
78767,ASN-22168,Determine,Burundi,20-Nov-13,22-Nov-13,MIssing,Test kit,Yes,9802.95,Direct Drop,"HIV 1/2, Determine Complete HIV Kit, 100 Tests",125.48,1268,101440.0,PMO - US,"Alere Medical Co., Ltd.","HIV 1/2, Determine Complete HIV Kit",80.0,7/31/13,SCMS-199591,FPQ-12580,07-09-13,HRDT,102-BI-T30,20-Nov-13,Air,HIV test,100,0.8,"Orgenics, Ltd",EXW,516
84765,DN-2921,Generic,Uganda,19-Nov-12,19-Nov-12,300/300mg,Tablet - FDC,No,See DN-2921 (ID#:82527),From RDC,"Lamivudine/Tenofovir Disoproxil Fumarate 300/300mg, tablets, 30 Tabs",171.21,22783,122116.88,PMO - US,Hetero Unit III Hyderabad IN,Lamivudine/Tenofovir Disoproxil Fumarate,5.36,N/A - From RDC,SO-42900,FPQ-10357,7/18/12,ARV,114-UG-T30,10-Dec-12,Truck,Adult,30,0.18,SCMS from RDC,N/A - From RDC,See DN-2921 (ID#:82527)
85682,DN-1898,Generic,Nigeria,28-Jun-10,28-Jun-10,600mg,Tablet,Yes,Freight Included in Commodity Cost,From RDC,"Efavirenz 600mg, tablets, 30 Tabs",439.3,44295,203757.0,PMO - US,"Strides, Bangalore, India.",Efavirenz,4.6,N/A - From RDC,SO-36440,FPQ-5023,02-10-10,ARV,151-NG-T30,15-Jul-10,Air,Adult,30,0.15,SCMS from RDC,N/A - From RDC,3045
85895,DN-2827,Generic,CÃte dIvoire,31-Aug-12,31-Aug-12,600/200/300mg,Tablet - FDC,Yes,4869.4,From RDC,"Efavirenz/Emtricitabine/Tenofovir Disoproxil Fumarate 600/200/300mg, tablets, 30 Tabs",182.18,8640,129945.6,PMO - US,Mylan (formerly Matrix) Nashik,Efavirenz/Emtricitabine/Tenofovir Disoproxil Fumarate,15.04,N/A - From RDC,SO-41340,FPQ-9063,12/21/11,ARV,104-CI-T30,28-Sep-12,Truck,Adult,30,0.5,SCMS from RDC,N/A - From RDC,979
60160,ASN-4983,Generic,Haiti,06-Oct-09,06-Oct-09,100/25mg,Tablet,Yes,693.54,Direct Drop,"Lopinavir/Ritonavir 100/25mg [Aluvia], tablets, 60 Tabs",1.81,90,925.2,PMO - US,ABBVIE Ludwigshafen Germany,Lopinavir/Ritonavir,10.28,8/19/09,SCMS-51130,FPQ-3948,7/29/09,ARV,106-HT-T30,06-Oct-09,Air,Pediatric,60,0.17,ABBVIE LOGISTICS (FORMERLY ABBOTT LOGISTICS BV),FCA,17
83453,DN-1984,Generic,CÃte dIvoire,23-Aug-10,23-Aug-10,10mg/ml,Oral solution,Yes,12648.38,From RDC,"Lamivudine 10mg/ml, oral solution, Bottle, 240 ml",12.52,3010,5809.3,PMO - US,"Aurobindo Unit III, India",Lamivudine,1.93,N/A - From RDC,SO-36890,FPQ-5623,05-07-10,ARV,104-CI-T30,31-Aug-10,Air,Pediatric,240,0.01,SCMS from RDC,N/A - From RDC,3202
12685,DN-304,Generic,Mozambique,21-Sep-07,21-Sep-07,600mg,Tablet,No,See DN-304 (ID#:10589),From RDC,"Efavirenz 600mg, tablets, 30 Tabs",78.6,2933,49127.75,PMO - US,"Aurobindo Unit III, India",Efavirenz,16.75,N/A - From RDC,SO-298,Pre-PQ Process,Pre-PQ Process,ARV,111-MZ-T01,21-Sep-07,Air,Adult,30,0.56,SCMS from RDC,N/A - From RDC,See DN-304 (ID#:10589)
86540,DN-2975,Generic,Zimbabwe,13-Dec-12,13-Dec-12,600mg,Tablet,No,See DN-2975 (ID#:82536),From RDC,"Efavirenz 600mg, tablets, 30 Tabs",239.93,48072,171136.32,PMO - US,Mylan (formerly Matrix) Nashik,Efavirenz,3.56,N/A - From RDC,SO-43221,FPQ-10632,09-11-12,ARV,113-ZW-T30,21-Dec-12,Truck,Adult,30,0.12,SCMS from RDC,N/A - From RDC,See DN-2975 (ID#:82536)
42579,ASN-18522,Generic,Haiti,20-Mar-13,20-Mar-13,100/25mg,Tablet,Yes,1637.86,Direct Drop,"Lopinavir/Ritonavir 100/25mg [Aluvia], tablets, 60 Tabs",6.88,936,5559.84,PMO - US,ABBVIE Ludwigshafen Germany,Lopinavir/Ritonavir,5.94,02-05-13,SCMS-176130,FPQ-11285,1/16/13,ARV,106-HT-T30,20-Mar-13,Air,Pediatric,60,0.1,ABBVIE LOGISTICS (FORMERLY ABBOTT LOGISTICS BV),FCA,128
3153,ASN-1939,Generic,Botswana,07-Jul-08,07-Jul-08,MIssing,Test kit - Ancillary,Yes,Invoiced Separately,Direct Drop,"HIV, Lancet, Safety, for HIV Test kits, 100 Pcs",0,100,1.0,PMO - US,Inverness Japan,"HIV, Lancet, Safety, for HIV Test kits, 100 Pcs",0.01,4/28/08,SCMS-22730,Pre-PQ Process,Pre-PQ Process,HRDT,102-BW-T01,31-Jul-08,Air,HIV test - Ancillary,100,0.0,"Orgenics, Ltd",EXW,Weight Captured Separately
84451,DN-4141,Generic,Rwanda,27-Mar-15,30-Mar-15,30/50/60mg,Chewable/dispersible tablet - FDC,Yes,3989.81,From RDC,"Lamivudine/Nevirapine/Zidovudine 30/50/60mg, dispersible tablets, 60 Tabs",42.37,10000,36000.0,PMO - US,Mylan (formerly Matrix) Nashik,Lamivudine/Nevirapine/Zidovudine,3.6,N/A - From RDC,SO-50730,FPQ-15632,12/23/14,ARV,107-RW-T30,10-Mar-15,Air,Pediatric,60,0.06,SCMS from RDC,N/A - From RDC,558
85992,DN-3289,Generic,Mozambique,13-Nov-13,02-Dec-13,300/300mg,Tablet - FDC,No,See DN-3289 (ID#:84844),From RDC,"Lamivudine/Tenofovir Disoproxil Fumarate 300/300mg, tablets, 30 Tabs",28.89,4969,23354.3,PMO - US,Hetero Unit III Hyderabad IN,Lamivudine/Tenofovir Disoproxil Fumarate,4.7,N/A - From RDC,SO-44863,FPQ-11884,3/19/13,ARV,111-MZ-T30,13-Nov-13,Truck,Adult,30,0.16,SCMS from RDC,N/A - From RDC,See DN-3289 (ID#:84844)
84605,DN-2058,Generic,Uganda,29-Nov-10,29-Nov-10,200mg,Tablet,Yes,2559.88,From RDC,"Nevirapine 200mg, tablets, 60 Tabs",136.42,23787,63273.42,PMO - US,Hetero Unit III Hyderabad IN,Nevirapine,2.66,N/A - From RDC,SO-37580,FPQ-6427,9/29/10,ARV,114-UG-T30,02-Dec-10,Truck,Adult,60,0.04,SCMS from RDC,N/A - From RDC,1378
84630,DN-2138,Generic,CÃte dIvoire,29-Mar-11,29-Mar-11,200mg,Chewable/dispersible tablet,No,See DN-2138 (ID#:83491),From RDC,"Didanosine 200mg, chewable/dispersible tablets, 60 Tabs",100.52,3008,46624.0,PMO - US,"Aurobindo Unit III, India",Didanosine,15.5,N/A - From RDC,SO-38480,FPQ-6144,08-03-10,ARV,104-CI-T30,15-Mar-11,Air,Pediatric,60,0.26,SCMS from RDC,N/A - From RDC,See DN-2138 (ID#:83491)
85161,DN-2037,Generic,Mozambique,13-Dec-10,13-Dec-10,150/30mg,Tablet - FDC,Yes,4156.94,From RDC,"Lamivudine/Stavudine 150/30mg, tablets, 60 Tabs",60.51,8556,28063.68,PMO - US,Mylan (formerly Matrix) Nashik,Lamivudine/Stavudine,3.28,N/A - From RDC,SO-37610,FPQ-6426,9/23/10,ARV,111-MZ-T30,30-Nov-10,Air,Adult,60,0.05,SCMS from RDC,N/A - From RDC,643
23842,ASN-28034,Aluvia,South Africa,29-Aug-14,29-Aug-14,200/50mg,Tablet,No,Freight Included in Commodity Cost,Direct Drop,"Lopinavir/Ritonavir 200/50mg [Aluvia], tablets, 120 Tabs",3.22,101,2601.73,PMO - US,ABBVIE Ludwigshafen Germany,Lopinavir/Ritonavir,25.76,8/29/14,SCMS-199289,FPQ-12522,07-11-13,ARV,116-ZA-T30,29-Aug-14,Truck,Adult,120,0.21,S. BUYS WHOLESALER,DDP,Weight Captured Separately
25074,ASN-27768,Determine,Mozambique,10-Sep-14,03-Oct-14,MIssing,Test kit,Yes,9168.48,Direct Drop,"HIV 1/2, Determine Complete HIV Kit, 100 Tests",272.95,3319,265520.0,PMO - US,"Alere Medical Co., Ltd.","HIV 1/2, Determine Complete HIV Kit",80.0,7/30/14,SCMS-247360,FPQ-14294,5/15/14,HRDT,111-MZ-T30,10-Sep-14,Air,HIV test,100,0.8,"Orgenics, Ltd",EXW,1351
82907,DN-1952,Generic,Ethiopia,14-Jul-10,14-Jul-10,150/200/30mg,Tablet - FDC,Yes,114.22,From RDC,"Lamivudine/Nevirapine/Stavudine 150/200/30mg, tablets, 60 Tabs",6.93,561,3214.53,PMO - US,"Cipla, Goa, India",Lamivudine/Nevirapine/Stavudine,5.73,N/A - From RDC,SO-37102,FPQ-5967,6/28/10,ARV,117-ET-T30,21-Sep-10,Air,Adult,60,0.1,SCMS from RDC,N/A - From RDC,341
34619,ASN-8992,Stocrin/Sustiva,CÃte dIvoire,06-Dec-10,06-Dec-10,30mg/ml,Oral solution,Yes,2786.22,Direct Drop,"Efavirenz 30mg/ml [Stocrin/Sustiva], oral solution, Bottle, 180 ml",153.58,4200,71232.0,PMO - US,"MSD, Haarlem, NL",Efavirenz,16.96,09-10-10,SCMS-83660,FPQ-6183,08-10-10,ARV,104-CI-T30,06-Dec-10,Air,Pediatric,180,0.09,MERCK SHARP & DOHME IDEA GMBH (FORMALLY MERCK SHARP & DOHME B.V.),CIP,1234
15051,ASN-16410,Uni-Gold,Guyana,25-Sep-12,25-Sep-12,MIssing,Test kit,Yes,8969.97,Direct Drop,"HIV 1/2, Uni-Gold HIV Kit, 20 Tests",124.23,2769,88608.0,PMO - US,"Trinity Biotech, Plc","HIV 1/2, Uni-Gold HIV Kit",32.0,7/26/12,SCMS-153840,FPQ-10249,07-05-12,HRDT,105-GY-T30,25-Sep-12,Air,HIV test,20,1.6,"Trinity Biotech, Plc",EXW,876
74268,ASN-6026,Determine,Namibia,18-Feb-10,18-Feb-10,MIssing,Test kit,Yes,10486.42,Direct Drop,"HIV 1/2, Determine HIV Kit, without Lancets, 100 Tests",30.18,200,14000.0,PMO - US,Inverness Japan,"HIV 1/2, Determine HIV Kit, without Lancets",70.0,10/13/09,SCMS-54920,FPQ-4398,10-07-09,HRDT,119-NA-T30,18-Feb-10,Air,HIV test,100,0.7,"Orgenics, Ltd",EXW,45
82315,DN-1795,Generic,Mozambique,14-Jun-10,14-Jun-10,600mg,Tablet,Yes,10959.63,From RDC,"Efavirenz 600mg, tablets, 30 Tabs",125.45,12250,58187.5,PMO - US,Mylan (formerly Matrix) Nashik,Efavirenz,4.75,N/A - From RDC,SO-35750,FPQ-4711,12/23/09,ARV,111-MZ-T30,21-Jun-10,Truck,Adult,30,0.16,SCMS from RDC,N/A - From RDC,1866
65579,ASN-7251,Aluvia,Tanzania,28-Jul-10,28-Jul-10,200/50mg,Tablet,Yes,9169.63,Direct Drop,"Lopinavir/Ritonavir 200/50mg [Aluvia], tablets, 120 Tabs",702.19,9007,325693.12,PMO - US,ABBVIE Ludwigshafen Germany,Lopinavir/Ritonavir,36.16,03-12-10,SCMS-66920,FPQ-5174,03-01-10,ARV,109-TZ-T30,28-Jul-10,Air,Adult,120,0.3,ABBVIE LOGISTICS (FORMERLY ABBOTT LOGISTICS BV),FCA,2020
67739,ASN-26334,Generic,CÃte dIvoire,11-Jun-14,12-Jun-14,250mg,Delayed-release capsules,Yes,1899.89,Direct Drop,"Didanosine 250mg, delayed-release capsules, 30 Caps",15.46,1984,15038.72,PMO - US,"Aurobindo Unit III, India",Didanosine,7.58,05-07-14,SCMS-237930,FPQ-14068,4/22/14,ARV,104-CI-T30,11-Jun-14,Air,Adult,30,0.25,Aurobindo Pharma Limited,EXW,46
12368,DN-157,Uni-Gold,Ethiopia,24-May-07,24-May-07,MIssing,Test kit,No,See DN-157 (ID#:11403),From RDC,"HIV 1/2, Uni-Gold HIV Kit, 20 Tests",MIssing,200,6400.0,PMO - US,"Trinity Biotech, Plc","HIV 1/2, Uni-Gold HIV Kit",32.0,N/A - From RDC,SO-582,Pre-PQ Process,Pre-PQ Process,HRDT,117-ET-T01,24-May-07,MIssing,HIV test,20,1.6,SCMS from RDC,N/A - From RDC,See DN-157 (ID#:11403)
85007,DN-4064,Generic,CÃte dIvoire,19-Jan-15,27-Jan-15,300mg,Tablet,No,See DN-4064 (ID#:82765),From RDC,"Tenofovir Disoproxil Fumarate 300mg, tablets, 30 Tabs",15.46,4236,15037.8,PMO - US,Hetero Unit III Hyderabad IN,Tenofovir Disoproxil Fumarate,3.55,N/A - From RDC,SO-49052,FPQ-14370,5/23/14,ARV,104-CI-T30,16-Feb-15,Truck,Adult,30,0.12,SCMS from RDC,N/A - From RDC,See DN-4064 (ID#:82765)
12093,DN-304,Aluvia,Mozambique,21-Sep-07,21-Sep-07,200/50mg,Tablet,No,See DN-304 (ID#:10589),From RDC,"Lopinavir/Ritonavir 200/50mg [Aluvia], tablets, 120 Tabs",177.42,2698,110887.8,PMO - US,ABBVIE Ludwigshafen Germany,Lopinavir/Ritonavir,41.1,N/A - From RDC,SO-298,Pre-PQ Process,Pre-PQ Process,ARV,111-MZ-T01,21-Sep-07,Air,Adult,120,0.34,SCMS from RDC,N/A - From RDC,See DN-304 (ID#:10589)
83335,DN-4265,Generic,Uganda,04-Jun-15,15-Jun-15,300/300mg,Tablet - FDC,Yes,6126.12,From RDC,"Lamivudine/Tenofovir Disoproxil Fumarate 300/300mg, tablets, 30 Tabs",224.35,41258,190611.96,PMO - US,Hetero Unit III Hyderabad IN,Lamivudine/Tenofovir Disoproxil Fumarate,4.62,N/A - From RDC,SO-50054,FPQ-15294,11-03-14,ARV,114-UG-T30,15-Jun-15,Truck,Adult,30,0.15,SCMS from RDC,N/A - From RDC,4964
11556,DN-823,Generic,Zambia,23-Jul-08,23-Jul-08,150/200/30mg,Tablet - FDC,No,See DN-823 (ID#:11271),From RDC,"Lamivudine/Nevirapine/Stavudine 150/200/30mg, tablets, 60 Tabs",691.2,60000,432000.0,PMO - US,"Strides, Bangalore, India.",Lamivudine/Nevirapine/Stavudine,7.2,N/A - From RDC,SO-2549,Pre-PQ Process,Pre-PQ Process,ARV,110-ZM-T01,23-Jul-08,Truck,Adult,60,0.12,SCMS from RDC,N/A - From RDC,See DN-823 (ID#:11271)
77546,ASN-26906,Generic,Haiti,20-Oct-14,24-Oct-14,10mg/ml,Oral solution,No,See ASN-26906 (ID#:33218),Direct Drop,"Lamivudine 10mg/ml, oral solution, Bottle, 240 ml",2.43,1650,2359.5,PMO - US,"Aurobindo Unit III, India",Lamivudine,1.43,06-02-14,SCMS-240190,FPQ-14083,05-11-14,ARV,106-HT-T30,20-Oct-14,Ocean,Pediatric,240,0.01,Aurobindo Pharma Limited,EXW,See ASN-26906 (ID#:33218)
20969,ASN-25925,Colloidal Gold,Rwanda,16-Jun-14,17-Jun-14,MIssing,Test kit,Yes,36502.8,Direct Drop,"HIV 1/2, SKB Colloidal Gold, Diagnostic Kit, Antibody, 50 Tests",104.67,4156,101822.0,PMO - US,"KHB Test Kit Facility, Shanghai China","HIV 1/2, Colloidal Gold, Diagnostic Kit, Antibody",24.5,04-03-14,SCMS-232310,FPQ-13874,03-12-14,HRDT,107-RW-T30,28-Apr-14,Air,HIV test,1,24.5,"SHANGHAI KEHUA BIOENGINEERING CO.,LTD.  (KHB)",EXW,2771
26843,ASN-12332,Uni-Gold,Sudan,11-Jan-12,11-Jan-12,MIssing,Test kit,Yes,578.73,Direct Drop,"HIV 1/2, Uni-Gold HIV Kit, 20 Tests",0.58,11,352.0,PMO - US,"Trinity Biotech, Plc","HIV 1/2, Uni-Gold HIV Kit",32.0,09-07-11,SCMS-120463,FPQ-8261,8/29/11,HRDT,102-SD-T30,11-Jan-12,Air,HIV test,20,1.6,"Trinity Biotech, Plc",EXW,5
80710,ASN-18722,Generic,Uganda,29-Apr-13,29-Apr-13,MIssing,Test kit - Ancillary,No,See ASN-18722 (ID#:71773),Direct Drop,"HIV, Lancet, Safety, for HIV Test kits, 100 Pcs",6.18,1000,5000.0,PMO - US,INVERNESS ANY,"HIV, Lancet, Safety, for HIV Test kits, 100 Pcs",5.0,01-11-13,SCMS-173110,FPQ-11371,01-03-13,HRDT,114-UG-T30,29-Apr-13,Air,HIV test - Ancillary,100,0.05,"Orgenics, Ltd",EXW,See ASN-18722 (ID#:71773)
45640,ASN-24455,Kaletra,South Africa,10-Feb-14,10-Feb-14,80/20mg/ml,Oral solution,Yes,Freight Included in Commodity Cost,Direct Drop,"Lopinavir/Ritonavir 80/20mg/ml [Kaletra], oral solution, cool, Bottle 5 x 60 ml",0.06,2,46.9,PMO - US,ABBVIE (Abbott) Logis. UK,Lopinavir/Ritonavir,23.45,8/13/13,SCMS-199281,FPQ-12522,07-11-13,ARV,116-ZA-T30,10-Feb-14,Truck,Pediatric,300,0.08,"RAININ INSTRUMENT, LLC.",DDP,Weight Captured Separately
9673,ASN-1794,Generic,Vietnam,02-Jun-08,02-Jun-08,100mg,Capsule,Yes,2869.03,Direct Drop,"Zidovudine 100mg, capsules, 100 Caps",12.3,1400,7686.0,PMO - US,"Aurobindo Unit III, India",Zidovudine,5.49,3/31/08,SCMS-20520,Pre-PQ Process,Pre-PQ Process,ARV,108-VN-T01,02-Jun-08,Air,Pediatric,100,0.05,Aurobindo Pharma Limited,EXW,106
11390,DN-198,Generic,CÃte dIvoire,25-Jun-07,25-Jun-07,300mg,Tablet,Yes,1448,From RDC,"Abacavir 300mg, tablets, 60 Tabs",54.82,957,34260.6,PMO - US,"Aurobindo Unit III, India",Abacavir,35.8,N/A - From RDC,SO-594,Pre-PQ Process,Pre-PQ Process,ARV,104-CI-T01,25-Jun-07,MIssing,Adult,60,0.6,SCMS from RDC,N/A - From RDC,95
86030,DN-3493,Generic,South Sudan,11-Feb-14,13-Feb-14,600mg,Tablet,No,See DN-3493 (ID#:84322),From RDC,"Efavirenz 600mg, tablets, 30 Tabs",7.19,2100,6993.0,PMO - US,"Strides, Bangalore, India.",Efavirenz,3.33,N/A - From RDC,SO-47110,FPQ-13173,10/28/13,ARV,103-SS-T30,22-Jan-14,Air,Adult,30,0.11,SCMS from RDC,N/A - From RDC,See DN-3493 (ID#:84322)
11799,DN-384,Generic,Zambia,29-Oct-07,29-Oct-07,150/300mg,Tablet - FDC,No,See DN-384 (ID#:10901),From RDC,"Lamivudine/Zidovudine 150/300mg, tablets, 60 Tabs",595.8,60060,372372.0,PMO - US,"Aurobindo Unit III, India",Lamivudine/Zidovudine,6.2,N/A - From RDC,SO-976,Pre-PQ Process,Pre-PQ Process,ARV,110-ZM-T01,29-Oct-07,MIssing,Adult,60,0.1,SCMS from RDC,N/A - From RDC,See DN-384 (ID#:10901)
17701,ASN-15931,OraQuick,Mali,11-Sep-12,11-Sep-12,MIssing,Test kit,Yes,1840.97,Direct Drop,"HIV 1/2, OraQuick Advance HIV Rapid Antibody Kit, 100 Tests",2.8,5,2000.0,PMO - US,"Pacific Biotech, Thailand","HIV 1/2, OraQuick Advance HIV Rapid Antibody Kit",400.0,7/31/12,SCMS-153770,FPQ-10104,07-05-12,HRDT,102-ML-T30,11-Sep-12,Air,HIV test,100,4.0,Orasure Technologies Inc.,EXW,12
85413,DN-3380,Generic,Zambia,24-Jan-14,17-Mar-14,30/50/60mg,Chewable/dispersible tablet - FDC,Yes,5900,From RDC,"Lamivudine/Nevirapine/Zidovudine 30/50/60mg, dispersible tablets, 60 Tabs",96.24,20000,77800.0,PMO - US,Mylan (formerly Matrix) Nashik,Lamivudine/Nevirapine/Zidovudine,3.89,N/A - From RDC,SO-45072,FPQ-12066,4/19/13,ARV,110-ZM-T30,31-Oct-13,Truck,Pediatric,60,0.06,SCMS from RDC,N/A - From RDC,117
10796,DN-1458,Generic,Haiti,13-Oct-09,13-Oct-09,10mg/ml,Oral solution,No,See DN-1458 (ID#:10795),From RDC,"Lamivudine 10mg/ml, oral solution, Bottle, 240 ml",8.99,2415,4588.5,PMO - US,"Aurobindo Unit III, India",Lamivudine,1.9,N/A - From RDC,SO-33030,Pre-PQ Process,Date Not Captured,ARV,106-HT-T01,13-Oct-09,Air,Pediatric,240,0.01,SCMS from RDC,N/A - From RDC,See DN-1458 (ID#:10795)
61659,ASN-10569,Generic,South Africa,13-Jun-11,13-Jun-11,300mg,Tablet,Yes,6121.41,Direct Drop,"Tenofovir Disoproxil Fumarate 300mg, tablets, 30 Tabs",572.3,52158,346850.7,PMO - US,"Aurobindo Unit III, India",Tenofovir Disoproxil Fumarate,6.65,12/14/10,SCMS-93550,FPQ-6708,11/26/10,ARV,161-ZA-T30,13-Jun-11,Ocean,Adult,30,0.22,Aurobindo Pharma Limited,DDP,4868
36464,ASN-32266,Generic,Vietnam,10-Jul-15,10-Jul-15,600/300/300mg,Tablet - FDC,Yes,4761.9,Direct Drop,"Efavirenz/Lamivudine/Tenofovir Disoproxil Fumarate 600/300/300mg, tablets, 30 Tabs",209.04,17760,177600.0,PMO - US,Hetero Unit III Hyderabad IN,Efavirenz/Lamivudine/Tenofovir Disoproxil Fumarate,10.0,2/17/15,SCMS-274390,FPQ-15692,1/28/15,ARV,108-VN-T30,10-Jul-15,Air,Adult,30,0.33,HETERO LABS LIMITED,EXW,2523
83949,DN-1311,Generic,Nigeria,04-Aug-09,04-Aug-09,10mg/ml,Oral solution,No,See DN-1311 (ID#:82837),From RDC,"Lamivudine 10mg/ml, oral solution, Bottle, 240 ml",0.28,75,142.5,PMO - US,"Aurobindo Unit III, India",Lamivudine,1.9,N/A - From RDC,SO-32270,FPQ-3815,5/26/09,ARV,154-NG-T30,30-Jul-09,Air Charter,Pediatric,240,0.01,SCMS from RDC,N/A - From RDC,See DN-1311 (ID#:82837)
83738,DN-3428,Aluvia,Mozambique,30-Jan-14,17-Feb-14,200/50mg,Tablet,No,See DN-3428 (ID#:83186),From RDC,"Lopinavir/Ritonavir 200/50mg [Aluvia], tablets, 120 Tabs",324.16,12960,262051.2,PMO - US,ABBVIE Ludwigshafen Germany,Lopinavir/Ritonavir,20.22,N/A - From RDC,SO-45893,FPQ-12416,6/28/13,ARV,111-MZ-T30,29-Nov-13,Truck,Adult,120,0.17,SCMS from RDC,N/A - From RDC,See DN-3428 (ID#:83186)
10966,DN-797,Generic,Uganda,11-Jul-08,11-Jul-08,200mg,Tablet,Yes,1054.52,From RDC,"Nevirapine 200mg, tablets, 60 Tabs",5.77,1061,3607.4,PMO - US,"Aurobindo Unit III, India",Nevirapine,3.4,N/A - From RDC,SO-2674,Pre-PQ Process,Pre-PQ Process,ARV,114-UG-T01,11-Jul-08,Air,Adult,60,0.06,SCMS from RDC,N/A - From RDC,106
83545,DN-2401,Generic,Nigeria,13-Oct-11,13-Oct-11,150/300/200mg,Tablet - FDC,Yes,21326.73,From RDC,"Lamivudine/Nevirapine/Zidovudine 150/200/300mg, tablets, 60 Tabs",835.18,45113,506167.86,PMO - US,Mylan (formerly Matrix) Nashik,Lamivudine/Nevirapine/Zidovudine,11.22,N/A - From RDC,SO-40724,FPQ-7812,06-06-11,ARV,151-NG-T30,05-Dec-11,Air Charter,Adult,60,0.19,SCMS from RDC,N/A - From RDC,6180
12591,DN-1281,Aluvia,Uganda,26-Jun-09,26-Jun-09,200/50mg,Tablet,Yes,1359.4,From RDC,"Lopinavir/Ritonavir 200/50mg [Aluvia], tablets, 120 Tabs",17.72,220,9042.0,PMO - US,ABBVIE Ludwigshafen Germany,Lopinavir/Ritonavir,41.1,N/A - From RDC,SO-31430,Pre-PQ Process,Pre-PQ Process,ARV,114-UG-T01,26-Jun-09,Air,Adult,120,0.34,SCMS from RDC,N/A - From RDC,50
82999,DN-2492,Generic,"Congo, DRC",14-Feb-12,14-Feb-12,300mg,Tablet,Yes,456.17,From RDC,"Abacavir 300mg, tablets, 60 Tabs",0.23,11,160.93,PMO - US,Mylan (formerly Matrix) Nashik,Abacavir,14.63,N/A - From RDC,SO-41130,FPQ-8840,11/21/11,ARV,101-CD-T30,16-Mar-12,Air,Adult,60,0.24,SCMS from RDC,N/A - From RDC,28
37277,ASN-25570,Generic,Haiti,03-Jun-14,05-Jun-14,20mg/ml,Oral solution,Yes,1773.7,Direct Drop,"Abacavir 20mg/ml, oral solution w/syringe, Bottle, 240 ml",3.8,450,3073.5,PMO - US,"Aurobindo Unit III, India",Abacavir,6.83,10/24/13,SCMS-210460,FPQ-12590,8/21/13,ARV,106-HT-T30,03-Jun-14,Air,Pediatric,240,0.03,Aurobindo Pharma Limited,EXW,180
83033,DN-2656,Generic,Zimbabwe,25-May-12,25-May-12,600mg,Tablet,No,See DN-2656 (ID#:83032),From RDC,"Efavirenz 600mg, tablets, 30 Tabs",112.4,17422,68120.02,PMO - US,"Strides, Bangalore, India.",Efavirenz,3.91,N/A - From RDC,SO-40870,FPQ-8464,10-04-11,ARV,113-ZW-T30,12-Jun-12,Truck,Adult,30,0.13,SCMS from RDC,N/A - From RDC,See DN-2656 (ID#:83032)
85121,DN-1852,Generic,Uganda,22-Jun-10,22-Jun-10,200/300mg,Tablet - FDC,Yes,2288.29,From RDC,"Emtricitabine/Tenofovir Disoproxil Fumarate 200/300mg, tablets, 30 Tabs",38,1500,17625.0,PMO - US,Mylan (formerly Matrix) Nashik,Emtricitabine/Tenofovir Disoproxil Fumarate,11.75,N/A - From RDC,SO-36141,FPQ-5239,03-02-10,ARV,114-UG-T30,30-Jun-10,Air,Adult,30,0.39,SCMS from RDC,N/A - From RDC,109
12749,DN-449,Aluvia,CÃte dIvoire,18-Dec-07,18-Dec-07,200/50mg,Tablet,Yes,1603.44,From RDC,"Lopinavir/Ritonavir 200/50mg [Aluvia], tablets, 120 Tabs",26.5,403,16563.3,PMO - US,ABBVIE Ludwigshafen Germany,Lopinavir/Ritonavir,41.1,N/A - From RDC,SO-1297,Pre-PQ Process,Pre-PQ Process,ARV,104-CI-T01,18-Dec-07,Air,Adult,120,0.34,SCMS from RDC,N/A - From RDC,88
9804,ASN-2218,Generic,Ethiopia,13-Aug-08,13-Aug-08,15mg,Tablet,Yes,399.18,Direct Drop,"Primaquine 15mg base (as diphosphate), tablets, 1000 Tabs",2.3,32,1434.88,PMO - US,"Weifa A.S., Hausmanngt. 6, P.O. Box 9113 GrÃƒÂ¸nland, 0133, Oslo, Norway",Primaquine base (as diphosphate),44.84,06-10-08,SCMS-24890,Pre-PQ Process,Pre-PQ Process,ANTM,117-ET-T01,13-Aug-08,Air,Malaria,1000,0.04,MISSIONPHARMA A/S,EXW,7
12554,DN-1061,Generic,Ethiopia,29-Jan-09,29-Jan-09,150/200/30mg,Tablet - FDC,No,See DN-1061 (ID#:11019),From RDC,"Lamivudine/Nevirapine/Stavudine 150/200/30mg, tablets, 60 Tabs",238.68,17103,121773.36,PMO - US,"Cipla, Goa, India",Lamivudine/Nevirapine/Stavudine,7.12,N/A - From RDC,SO-22010,Pre-PQ Process,Pre-PQ Process,ARV,117-ET-T01,29-Jan-09,Air,Adult,60,0.12,SCMS from RDC,N/A - From RDC,See DN-1061 (ID#:11019)
11960,DN-1163,Kaletra,CÃte dIvoire,23-Mar-09,23-Mar-09,80/20mg/ml,Oral solution,No,See DN-1163 (ID#:11030),From RDC,"Lopinavir/Ritonavir 80/20mg/ml [Kaletra], oral solution, cool, Bottle 5 x 60 ml",120.83,1500,61650.0,PMO - US,ABBVIE (Abbott) Logis. UK,Lopinavir/Ritonavir,41.1,N/A - From RDC,SO-970,Pre-PQ Process,Pre-PQ Process,ARV,104-CI-T01,23-Mar-09,Air,Pediatric,300,0.14,SCMS from RDC,N/A - From RDC,See DN-1163 (ID#:11030)
11938,DN-1109,Generic,Haiti,10-Mar-09,10-Mar-09,300mg,Tablet,Yes,1432.88,From RDC,"Abacavir 300mg, tablets, 60 Tabs",22.45,450,11452.5,PMO - US,Mylan (formerly Matrix) Nashik,Abacavir,25.45,N/A - From RDC,SO-23790,Pre-PQ Process,Pre-PQ Process,ARV,106-HT-T01,10-Mar-09,Air,Adult,60,0.42,SCMS from RDC,N/A - From RDC,47
85903,DN-2871,Generic,South Sudan,30-Nov-12,30-Nov-12,150mg,Tablet,No,See DN-2871 (ID#:83626),From RDC,"Lamivudine 150mg, tablets, 60 Tabs",0.84,270,599.4,PMO - US,Hetero Unit III Hyderabad IN,Lamivudine,2.22,N/A - From RDC,SO-43060,FPQ-10514,8/17/12,ARV,900-SS-T30,30-Nov-12,Air,Adult,60,0.04,SCMS from RDC,N/A - From RDC,See DN-2871 (ID#:83626)
84745,DN-2814,Generic,CÃte dIvoire,27-Aug-12,27-Aug-12,600/300/300mg,Tablet - FDC,Yes,11874.85,From RDC,"Efavirenz/Lamivudine/Tenofovir Disoproxil Fumarate 600/300/300mg, tablets, 30 Tabs",748.46,40230,533852.1,PMO - US,Mylan (formerly Matrix) Nashik,Efavirenz/Lamivudine/Tenofovir Disoproxil Fumarate,13.27,N/A - From RDC,SO-42401,FPQ-9749,4/19/12,ARV,104-CI-T30,30-Oct-12,Truck,Adult,30,0.44,SCMS from RDC,N/A - From RDC,4525
11537,DN-742,Generic,Haiti,02-Jun-08,02-Jun-08,200mg,Chewable/dispersible tablet,Yes,991.49,From RDC,"Didanosine 200mg, chewable/dispersible tablets, 60 Tabs",2.43,98,1519.0,PMO - US,"Aurobindo Unit III, India",Didanosine,15.5,N/A - From RDC,SO-2047,Pre-PQ Process,Pre-PQ Process,ARV,106-HT-T01,02-Jun-08,Air,Pediatric,60,0.26,SCMS from RDC,N/A - From RDC,77
22620,ASN-28481,Generic,Namibia,22-Oct-14,22-Oct-14,300/300mg,Tablet - FDC,Yes,12463.74,Direct Drop,"Lamivudine/Tenofovir Disoproxil Fumarate 300/300mg, tablets, 30 Tabs",114.44,24096,111323.52,PMO - US,Hetero Unit III Hyderabad IN,Lamivudine/Tenofovir Disoproxil Fumarate,4.62,8/14/14,SCMS-252640,FPQ-14728,7/30/14,ARV,901-NA-T30,22-Oct-14,Air,Adult,30,0.15,HETERO LABS LIMITED,EXW,2630
86281,DN-1736,Generic,Nigeria,31-Mar-10,31-Mar-10,20mg,Capsule,Yes,Freight Included in Commodity Cost,From RDC,"Stavudine 20mg, capsules, 60 Caps",0.19,61,87.23,PMO - US,"Aurobindo Unit III, India",Stavudine,1.43,N/A - From RDC,SO-35131,FPQ-4537,11-06-09,ARV,151-NG-T30,31-May-10,Air Charter,Adult,60,0.02,SCMS from RDC,N/A - From RDC,4
86237,DN-1360,Generic,Nigeria,04-Aug-09,04-Aug-09,30mg,Capsule,No,See DN-1360 (ID#:83371),From RDC,"Stavudine 30mg, capsules, 60 Caps",0.13,45,65.7,PMO - US,"Aurobindo Unit III, India",Stavudine,1.46,N/A - From RDC,SO-32272,FPQ-3815,5/26/09,ARV,154-NG-T30,31-Aug-09,Air Charter,Adult,60,0.02,SCMS from RDC,N/A - From RDC,See DN-1360 (ID#:83371)
85001,DN-4032,Generic,Mozambique,02-Mar-15,09-Mar-15,200/50mg,Tablet,No,See DN-4032 (ID#:82757),From RDC,"Lopinavir/Ritonavir 200/50mg, tablets, 120 Tabs",271.78,13642,264381.96,PMO - US,"Aurobindo Unit III, India",Lopinavir/Ritonavir,19.38,N/A - From RDC,SO-48880,FPQ-14226,05-02-14,ARV,111-MZ-T30,02-Mar-15,Truck,Adult,120,0.16,SCMS from RDC,N/A - From RDC,See DN-4032 (ID#:82757)
86151,DN-4041,Generic,Uganda,24-Jan-15,03-Feb-15,600mg,Tablet,No,See DN-4041 (ID#:83291),From RDC,"Efavirenz 600mg, tablets, 30 Tabs",24.75,7500,24075.0,PMO - US,Hetero Unit III Hyderabad IN,Efavirenz,3.21,N/A - From RDC,SO-48993,FPQ-14396,06-04-14,ARV,114-UG-T30,16-Feb-15,Truck,Adult,30,0.11,SCMS from RDC,N/A - From RDC,See DN-4041 (ID#:83291)
12613,DN-1440,Generic,Nigeria,20-Oct-09,20-Oct-09,200/300mg,Tablet - FDC,Yes,9341.49,From RDC,"Emtricitabine/Tenofovir Disoproxil Fumarate 200/300mg, tablets, 30 Tabs",2793.08,121280,1425040.0,PMO - US,Mylan (formerly Matrix) Nashik,Emtricitabine/Tenofovir Disoproxil Fumarate,11.75,N/A - From RDC,SO-27820,Pre-PQ Process,Date Not Captured,ARV,151-NG-T01,20-Oct-09,Air Charter,Adult,30,0.39,SCMS from RDC,N/A - From RDC,9813
10968,DN-718,Generic,Nigeria,21-Apr-08,21-Apr-08,150/300mg,Tablet - FDC,Yes,1917.53,From RDC,"Lamivudine/Zidovudine 150/300mg, tablets, 60 Tabs",11.49,760,7182.0,PMO - US,"Aurobindo Unit III, India",Lamivudine/Zidovudine,9.45,N/A - From RDC,SO-2350,Pre-PQ Process,Pre-PQ Process,ARV,112-NG-T01,21-Apr-08,Air,Adult,60,0.16,SCMS from RDC,N/A - From RDC,199
4331,ASN-1801,DoubleCheck,Kyrgyzstan,14-Jun-08,14-Jun-08,MIssing,Test kit,Yes,Freight Included in Commodity Cost,Direct Drop,"HIV 1/2, DoubleCheck II Kit, 40 Tests",63.2,500,39500.0,PMO - US,Not Applicable,"HIV 1/2, DoubleCheck II Kit",79.0,3/18/08,SCMS-19110,Pre-PQ Process,Pre-PQ Process,HRDT,129-KG-T01,14-Jun-08,Air,HIV test,40,1.98,"Orgenics, Ltd",DDP,Weight Captured Separately
79173,ASN-32258,Generic,Vietnam,13-Jul-15,14-Jul-15,600/300/300mg,Tablet - FDC,No,See ASN-32258 (ID#:29880),Direct Drop,"Efavirenz/Lamivudine/Tenofovir Disoproxil Fumarate 600/300/300mg, tablets, 30 Tabs",60.26,5120,51200.0,PMO - US,Hetero Unit III Hyderabad IN,Efavirenz/Lamivudine/Tenofovir Disoproxil Fumarate,10.0,2/17/15,SCMS-274370,FPQ-15692,1/28/15,ARV,108-VN-T30,13-Jul-15,Air,Adult,30,0.33,HETERO LABS LIMITED,EXW,See ASN-32258 (ID#:29880)
84606,DN-2059,Generic,Haiti,15-Dec-10,15-Dec-10,200mg,Tablet,No,See DN-2059 (ID#:84053),From RDC,"Nevirapine 200mg, tablets, 60 Tabs",305.1,53200,141512.0,PMO - US,"Strides, Bangalore, India.",Nevirapine,2.66,N/A - From RDC,SO-36730,FPQ-5523,4/19/10,ARV,106-HT-T30,26-Nov-10,Air,Adult,60,0.04,SCMS from RDC,N/A - From RDC,See DN-2059 (ID#:84053)
26786,ASN-19166,Generic,South Africa,16-Apr-13,16-Apr-13,10mg/ml,Oral solution,No,Freight Included in Commodity Cost,Direct Drop,"Lamivudine 10mg/ml, oral solution, Bottle, 240 ml",0.39,43,317.79,South Africa Field Office,"Cipla, Goa, India",Lamivudine,7.39,Date Not Captured,SCMS-183950,FPQ-11828,3/18/13,ARV,116-ZA-T30,15-Apr-13,Truck,Pediatric,240,0.03,S. BUYS WHOLESALER,DDP,Weight Captured Separately
6196,ASN-3151,Generic,CÃte dIvoire,20-Jan-09,20-Jan-09,300mg,Tablet - blister,Yes,536.78,Direct Drop,"Quinine 300mg (as sulfate), tablets, Blister 100 x 10 Tabs",1.23,12,629.88,PMO - US,"Medopharm Malur Factory, INDIA",Quinine (as sulfate),52.49,12/19/08,SCMS-35780,Pre-PQ Process,Pre-PQ Process,ANTM,104-CI-T01,20-Jan-09,Air,Malaria,1000,0.05,IDA FOUNDATION,EXW,12
85806,DN-2441,Generic,Zimbabwe,09-Dec-11,09-Dec-11,600mg,Tablet,No,See DN-2441 (ID#:82993),From RDC,"Efavirenz 600mg, tablets, 30 Tabs",43.45,6392,26335.04,PMO - US,Mylan (formerly Matrix) Nashik,Efavirenz,4.12,N/A - From RDC,SO-38521,FPQ-7052,1/19/11,ARV,113-ZW-T30,07-Dec-11,Truck,Adult,30,0.14,SCMS from RDC,N/A - From RDC,See DN-2441 (ID#:82993)
54100,ASN-30674,Aluvia,Vietnam,31-Mar-15,31-Mar-15,200/50mg,Tablet,Yes,5134.12,Direct Drop,"Lopinavir/Ritonavir 200/50mg [Aluvia], tablets, 120 Tabs",644.05,9000,547200.0,PMO - US,ABBVIE Ludwigshafen Germany,Lopinavir/Ritonavir,60.8,12/18/14,SCMS-268450,FPQ-15292,12-05-14,ARV,108-VN-T30,31-Mar-15,Air,Adult,120,0.51,ABBVIE LOGISTICS (FORMERLY ABBOTT LOGISTICS BV),FCA,2235
86008,DN-3347,Generic,Tanzania,04-Nov-13,06-Nov-13,200/300mg,Tablet - FDC,No,See DN-3347 (ID#:82611),From RDC,"Emtricitabine/Tenofovir Disoproxil Fumarate 200/300mg, tablets, 30 Tabs",26.11,3478,21111.46,PMO - US,Mylan (formerly Matrix) Nashik,Emtricitabine/Tenofovir Disoproxil Fumarate,6.07,N/A - From RDC,SO-44980,FPQ-12015,04-02-13,ARV,109-TZ-T30,31-Oct-13,Truck,Adult,30,0.2,SCMS from RDC,N/A - From RDC,See DN-3347 (ID#:82611)
21092,ASN-8040,Generic,South Africa,15-Oct-10,15-Oct-10,600mg,Tablet,Yes,4263.07,Direct Drop,"Efavirenz 600mg, tablets, 30 Tabs",347.97,34560,161395.2,PMO - US,"Aurobindo Unit III, India",Efavirenz,4.67,3/19/10,SCMS-68940,FPQ-5303,3/18/10,ARV,161-ZA-T30,07-Sep-10,Air,Adult,30,0.16,Aurobindo Pharma Limited,DDP,3240
8803,ASN-3853,Atripla,Tanzania,15-Jun-09,15-Jun-09,600/200/300mg,Tablet - FDC,No,See ASN-3853 (ID#:4824),Direct Drop,"Efavirenz/Emtricitabine/Tenofovir Disoproxil Fumarate 600/200/300mg [Atripla], tablets, 30 Tabs",264.74,2680,135072.0,PMO - US,"MSD, Haarlem, NL",Efavirenz/Emtricitabine/Tenofovir Disoproxil Fumarate,50.4,12/30/08,SCMS-34690,Pre-PQ Process,Pre-PQ Process,ARV,109-TZ-T01,15-Jun-09,Air,Adult,30,1.68,MERCK SHARP & DOHME IDEA GMBH (FORMALLY MERCK SHARP & DOHME B.V.),CIP,See ASN-3853 (ID#:4824)
12842,DN-1077,Generic,Uganda,19-Feb-09,19-Feb-09,150/300/200mg,Tablet - FDC,Yes,9995.55,From RDC,"Lamivudine/Nevirapine/Zidovudine 150/200/300mg, tablets, 60 Tabs",337.67,14600,172280.0,PMO - US,"Aurobindo Unit III, India",Lamivudine/Nevirapine/Zidovudine,11.8,N/A - From RDC,SO-17751,Pre-PQ Process,Pre-PQ Process,ARV,114-UG-T01,19-Feb-09,Air,Adult,60,0.2,SCMS from RDC,N/A - From RDC,1657
12501,DN-641,Determine,CÃte dIvoire,03-Mar-08,03-Mar-08,MIssing,Test kit,No,See DN-641 (ID#:10695),From RDC,"HIV 1/2, Determine HIV Kit, without Lancets, 100 Tests",173.35,1505,108344.95,PMO - US,Inverness Japan,"HIV 1/2, Determine HIV Kit, without Lancets",71.99,N/A - From RDC,SO-791,Pre-PQ Process,Pre-PQ Process,HRDT,104-CI-T01,03-Mar-08,MIssing,HIV test,100,0.72,SCMS from RDC,N/A - From RDC,See DN-641 (ID#:10695)
85385,DN-3267,Generic,Uganda,13-Sep-13,13-Sep-13,150/300/200mg,Tablet - FDC,No,See DN-3267 (ID#:83708),From RDC,"Lamivudine/Nevirapine/Zidovudine 150/200/300mg, tablets, 60 Tabs",1061.35,100000,858000.0,PMO - US,"Cipla, Goa, India",Lamivudine/Nevirapine/Zidovudine,8.58,N/A - From RDC,SO-45870,FPQ-12473,06-11-13,ARV,114-UG-T30,29-Aug-13,Air,Adult,60,0.14,SCMS from RDC,N/A - From RDC,See DN-3267 (ID#:83708)
531,ASN-2783,Zerit,South Africa,20-Aug-08,20-Aug-08,20mg,Capsule,Yes,Freight Included in Commodity Cost,Direct Drop,"Stavudine 20mg [Zerit], capsules, 60 Caps",0.2,20,103.4,PMO - US,"BMS Meymac, France",Stavudine,5.17,Date Not Captured,SCMS-23500,Pre-PQ Process,Pre-PQ Process,ARV,116-ZA-T01,20-Aug-08,Truck,Adult,60,0.09,S. BUYS WHOLESALER,DDP,Weight Captured Separately
62024,ASN-32780,Generic,Vietnam,30-Jul-15,30-Jul-15,150/300/200mg,Tablet - FDC,Yes,4559.25,Direct Drop,"Lamivudine/Nevirapine/Zidovudine 150/200/300mg, tablets, 60 Tabs",167.64,17584,142430.4,PMO - US,Mylan (formerly Matrix) Nashik,Lamivudine/Nevirapine/Zidovudine,8.1,2/17/15,SCMS-274360,FPQ-15692,1/28/15,ARV,108-VN-T30,30-Jul-15,Air,Adult,60,0.13,MYLAN LABORATORIES LTD (FORMERLY MATRIX LABORATORIES),EXW,2446
83867,DN-4070,Generic,Uganda,24-Jan-15,03-Feb-15,600mg,Tablet,Yes,3562.44,From RDC,"Efavirenz 600mg, tablets, 30 Tabs",123.75,37500,120375.0,PMO - US,"Cipla, Goa, India",Efavirenz,3.21,N/A - From RDC,SO-48971,FPQ-14396,06-04-14,ARV,114-UG-T30,16-Feb-15,Truck,Adult,30,0.11,SCMS from RDC,N/A - From RDC,3961
85106,DN-1786,Generic,Nigeria,18-May-10,18-May-10,150/300mg+600mg,Tablet - FDC + co-blister,Yes,9736.1,From RDC,"Lamivudine/Zidovudine+Efavirenz 150/300mg+600mg, tablets, co-blister 60+30 Tabs",14.82,250,6875.0,PMO - US,"Aurobindo Unit III, India",Lamivudine/Zidovudine+Efavirenz,27.5,N/A - From RDC,SO-35111,FPQ-4537,11-06-09,ARV,151-NG-T30,31-May-10,Air Charter,Adult,90,0.31,SCMS from RDC,N/A - From RDC,42
45361,ASN-5450,Aluvia,South Africa,27-Oct-09,27-Oct-09,200/50mg,Tablet,Yes,Freight Included in Commodity Cost,Direct Drop,"Lopinavir/Ritonavir 200/50mg [Aluvia], tablets, 120 Tabs",298.99,3500,152545.53,PMO - US,ABBVIE Ludwigshafen Germany,Lopinavir/Ritonavir,43.58,9/22/09,SCMS-50360,FPQ-3596,05-07-09,ARV,116-ZA-T30,27-Oct-09,Truck,Adult,120,0.36,S. BUYS WHOLESALER,DDP,Weight Captured Separately
85111,DN-1820,Generic,Uganda,03-May-10,03-May-10,150/300mg,Tablet - FDC,Yes,4159.73,From RDC,"Lamivudine/Zidovudine 150/300mg, tablets, 60 Tabs",94.43,5000,43800.0,PMO - US,Hetero Unit III Hyderabad IN,Lamivudine/Zidovudine,8.76,N/A - From RDC,SO-36280,FPQ-5275,03-04-10,ARV,114-UG-T30,11-Jun-10,Air,Adult,60,0.15,SCMS from RDC,N/A - From RDC,338
24530,ASN-12300,Uni-Gold,Kenya,04-Nov-11,04-Nov-11,MIssing,Test kit,Yes,4976.33,Direct Drop,"HIV 1/2, Uni-Gold HIV Kit, 20 Tests",79.2,1500,48000.0,PMO - US,"Trinity Biotech, Plc","HIV 1/2, Uni-Gold HIV Kit",32.0,8/29/11,SCMS-119180,FPQ-8155,08-05-11,HRDT,127-KE-T30,04-Nov-11,Air,HIV test,20,1.6,"Trinity Biotech, Plc",EXW,499
85160,DN-2035,Generic,CÃte dIvoire,26-Nov-10,26-Nov-10,10mg/ml,Oral solution,No,See DN-2035 (ID#:82356),From RDC,"Zidovudine 10mg/ml, oral solution, Bottle, 240 ml",32.59,7483,15115.66,PMO - US,"Aurobindo Unit III, India",Zidovudine,2.02,N/A - From RDC,SO-37150,FPQ-5925,6/23/10,ARV,104-CI-T30,30-Nov-10,Truck,Pediatric,240,0.01,SCMS from RDC,N/A - From RDC,See DN-2035 (ID#:82356)
75136,ASN-23311,Isentress,Mozambique,18-Dec-13,08-Jan-14,400mg,Tablet,Yes,Freight Included in Commodity Cost,Direct Drop,"Raltegravir 400mg [Isentress], tablets, 60 Tabs",3.71,54,2997.0,PMO - US,"MSD, Haarlem, NL",Raltegravir,55.5,4/25/13,SCMS-187080,FPQ-11923,4/19/13,ARV,111-MZ-T30,18-Dec-13,Air,Adult,60,0.92,MERCK SHARP & DOHME IDEA GMBH (FORMALLY MERCK SHARP & DOHME B.V.),CIP,Weight Captured Separately
85565,DN-4155,Generic,Zimbabwe,17-Mar-15,18-Mar-15,600/300/300mg,Tablet - FDC,Yes,42077.59,From RDC,"Efavirenz/Lamivudine/Tenofovir Disoproxil Fumarate 600/300/300mg, tablets, 30 Tabs",3315.92,336000,3225600.0,PMO - US,Mylan (formerly Matrix) Nashik,Efavirenz/Lamivudine/Tenofovir Disoproxil Fumarate,9.6,N/A - From RDC,SO-49160,FPQ-14458,6/13/14,ARV,113-ZW-T30,31-Mar-15,Truck,Adult,30,0.32,SCMS from RDC,N/A - From RDC,37955
8760,ASN-3079,Uni-Gold,Namibia,14-Jan-09,14-Jan-09,MIssing,Test kit,Yes,585.12,Direct Drop,"HIV 1/2, Uni-Gold HIV Kit, 20 Tests",2.2,35,1120.0,PMO - US,"Trinity Biotech, Plc","HIV 1/2, Uni-Gold HIV Kit",32.0,10/24/08,SCMS-32420,Pre-PQ Process,Pre-PQ Process,HRDT,141-NA-T01,14-Jan-09,Air,HIV test,20,1.6,"Trinity Biotech, Plc",EXW,12
85729,DN-2073,Generic,Haiti,05-Jan-11,05-Jan-11,200/300mg,Tablet - FDC,No,See DN-2073 (ID#:82362),From RDC,"Emtricitabine/Tenofovir Disoproxil Fumarate 200/300mg, tablets, 30 Tabs",10.13,400,4700.0,PMO - US,Mylan (formerly Matrix) Nashik,Emtricitabine/Tenofovir Disoproxil Fumarate,11.75,N/A - From RDC,SO-37760,FPQ-6484,10/13/10,ARV,106-HT-T30,20-Dec-10,Air,Adult,30,0.39,SCMS from RDC,N/A - From RDC,See DN-2073 (ID#:82362)
83228,DN-3608,Generic,Uganda,15-Jul-14,16-Jul-14,600/300/300mg,Tablet - FDC,Yes,24362.92,From RDC,"Efavirenz/Lamivudine/Tenofovir Disoproxil Fumarate 600/300/300mg, tablets, 30 Tabs",353.88,30874,344245.1,PMO - US,Hetero Unit III Hyderabad IN,Efavirenz/Lamivudine/Tenofovir Disoproxil Fumarate,11.15,N/A - From RDC,SO-46861,FPQ-13107,10/16/13,ARV,114-UG-T30,04-Jul-14,Truck,Adult,30,0.37,SCMS from RDC,N/A - From RDC,4133
83819,DN-3794,Generic,Nigeria,20-Jun-14,25-Jun-14,150/300/200mg,Tablet - FDC,No,See DN-3794 (ID#:82694),From RDC,"Lamivudine/Nevirapine/Zidovudine 150/200/300mg, tablets, 60 Tabs",527.61,63285,513241.35,PMO - US,Mylan (formerly Matrix) Nashik,Lamivudine/Nevirapine/Zidovudine,8.11,N/A - From RDC,SO-47272,FPQ-13293,11/19/13,ARV,151-NG-T30,30-Jun-14,Air Charter,Adult,60,0.14,SCMS from RDC,N/A - From RDC,See DN-3794 (ID#:82694)
83133,DN-3118,Generic,Burundi,23-May-13,23-May-13,150/300mg,Tablet - FDC,No,See DN-3118 (ID#:82569),From RDC,"Lamivudine/Zidovudine 150/300mg, tablets, 60 Tabs",26.44,2940,21373.8,PMO - US,Hetero Unit III Hyderabad IN,Lamivudine/Zidovudine,7.27,N/A - From RDC,SO-44670,FPQ-11661,2/20/13,ARV,102-BI-T30,31-May-13,Air,Adult,60,0.12,SCMS from RDC,N/A - From RDC,See DN-3118 (ID#:82569)
12166,DN-827,Generic,Haiti,16-Jul-08,16-Jul-08,200mg,Tablet,Yes,1651,From RDC,"Nevirapine 200mg, tablets, 60 Tabs",5.75,1057,3593.8,PMO - US,"Aurobindo Unit III, India",Nevirapine,3.4,N/A - From RDC,SO-2753,Pre-PQ Process,Pre-PQ Process,ARV,106-HT-T01,16-Jul-08,Air,Adult,60,0.06,SCMS from RDC,N/A - From RDC,100
83956,DN-1500,Generic,Zimbabwe,09-Nov-09,09-Nov-09,600mg,Tablet,No,See DN-1500 (ID#:82274),From RDC,"Efavirenz 600mg, tablets, 30 Tabs",45.32,4000,23120.0,PMO - US,"Aurobindo Unit III, India",Efavirenz,5.78,N/A - From RDC,SO-27190,FPQ-4472,3/17/09,ARV,113-ZW-T30,15-Nov-09,Truck,Adult,30,0.19,SCMS from RDC,N/A - From RDC,See DN-1500 (ID#:82274)
85853,DN-2624,Generic,Zambia,30-Apr-12,30-Apr-12,150/300mg,Tablet - FDC,No,See DN-2624 (ID#:83584),From RDC,"Lamivudine/Zidovudine 150/300mg, tablets, 60 Tabs",11.71,887,7096.0,PMO - US,"Aurobindo Unit VII, IN",Lamivudine/Zidovudine,8.0,N/A - From RDC,SO-40955,FPQ-8476,9/27/11,ARV,110-ZM-T30,15-May-12,Truck,Adult,60,0.13,SCMS from RDC,N/A - From RDC,See DN-2624 (ID#:83584)
796,ASN-2796,Uni-Gold,Botswana,28-Nov-08,28-Nov-08,MIssing,Test kit - Ancillary,Yes,578.01,Direct Drop,"#109436**HIV 1, Uni-Gold Recombigen HIV Control, Vial 2 x 0.5 ml",0.88,15,450.0,PMO - US,"Trinity Biotech, Plc","HIV 1, Uni-Gold Recombigen HIV Control, Vial 2 x 0.5 ml",30.0,10-02-08,SCMS-31370,Pre-PQ Process,Pre-PQ Process,HRDT,102-BW-T01,28-Nov-08,Air,HIV test - Ancillary,2,15.0,"Trinity Biotech, Plc",EXW,1
18099,ASN-28021,Generic,South Africa,28-Aug-14,28-Aug-14,50mg,Capsule,Yes,Freight Included in Commodity Cost,Direct Drop,"Efavirenz 50mg, capsule, 30 Caps",0.12,39,117.24,PMO - US,"Aurobindo Unit III, India",Efavirenz,3.01,8/28/14,SCMS-238553,FPQ-13973,4/30/14,ARV,116-ZA-T30,28-Aug-14,Truck,Pediatric,30,0.1,PHARMACY DIRECT,DDP,Weight Captured Separately
838,ASN-3553,Videx,South Africa,09-Oct-08,09-Oct-08,100mg,Chewable/dispersible tablet,No,Freight Included in Commodity Cost,Direct Drop,"Didanosine 100mg [Videx],chewable tablets, 60 Tabs",0.18,7,91.35,PMO - US,"BMS Meymac, France",Didanosine,13.05,Date Not Captured,SCMS-33320,Pre-PQ Process,Pre-PQ Process,ARV,116-ZA-T01,17-May-09,Truck,Pediatric,60,0.22,S. BUYS WHOLESALER,DDP,Weight Captured Separately
47677,ASN-18693,Norvir,Vietnam,03-Apr-13,03-Apr-13,100mg,Tablet,Yes,958.85,Direct Drop,"Ritonavir 100mg [Norvir], film coated tablets, 30 Tabs",5.38,187,4349.62,PMO - US,ABBVIE Ludwigshafen Germany,Ritonavir,23.26,11-07-12,SCMS-164520,FPQ-10811,10/15/12,ARV,108-VN-T30,03-Apr-13,Air,Adult,30,0.78,ABBVIE LOGISTICS (FORMERLY ABBOTT LOGISTICS BV),FCA,16
6402,ASN-3760,Epivir,South Africa,26-Nov-08,26-Nov-08,10mg/ml,Oral solution,No,See ASN-3760 (ID#:5049),Direct Drop,"Lamivudine 10mg/ml [Epivir], oral solution, Bottle, 240 ml",1.66,156,845.52,PMO - US,GSK Mississauga (Canada),Lamivudine,5.42,Date Not Captured,SCMS-41160,Pre-PQ Process,Pre-PQ Process,ARV,116-ZA-T01,01-Apr-09,Air,Pediatric,240,0.02,S. BUYS WHOLESALER,DDP,See ASN-3760 (ID#:5049)
37519,ASN-9945,Generic,South Africa,26-Apr-11,26-Apr-11,150mg,Tablet,No,See ASN-9945 (ID#:28542),Direct Drop,"Lamivudine 150mg, tablets, 60 Tabs",696.98,136403,323275.11,PMO - US,"Aurobindo Unit III, India",Lamivudine,2.37,9/24/10,SCMS-83770,FPQ-6262,8/31/10,ARV,161-ZA-T30,26-Apr-11,Ocean,Adult,60,0.04,Aurobindo Pharma Limited,DDP,See ASN-9945 (ID#:28542)
85698,DN-1977,Generic,Nigeria,17-Aug-10,17-Aug-10,150/300/200mg,Tablet - FDC,Yes,6147.18,From RDC,"Lamivudine/Nevirapine/Zidovudine 150/200/300mg, tablets, 60 Tabs",362.85,15000,168300.0,PMO - US,"Aurobindo Unit III, India",Lamivudine/Nevirapine/Zidovudine,11.22,N/A - From RDC,SO-36933,FPQ-5688,5/27/10,ARV,151-NG-T30,31-Aug-10,Air Charter,Adult,60,0.19,SCMS from RDC,N/A - From RDC,1972
85451,DN-3590,Generic,Ghana,07-Apr-14,17-Apr-14,300/300mg,Tablet - FDC,No,See DN-3590 (ID#:84350),From RDC,"Lamivudine/Tenofovir Disoproxil Fumarate 300/300mg, tablets, 30 Tabs",165.36,34224,160852.8,PMO - US,Hetero Unit III Hyderabad IN,Lamivudine/Tenofovir Disoproxil Fumarate,4.7,N/A - From RDC,SO-47930,FPQ-13609,2/19/14,ARV,105-GH-T30,07-Apr-14,Air,Adult,30,0.16,SCMS from RDC,N/A - From RDC,See DN-3590 (ID#:84350)
11866,DN-756,Generic,Zimbabwe,11-Jun-08,11-Jun-08,150/200/30mg,Tablet - FDC,Yes,45047.32,From RDC,"Lamivudine/Nevirapine/Stavudine 150/200/30mg, tablets, 60 Tabs",440.92,37240,275576.0,PMO - US,"Cipla, Goa, India",Lamivudine/Nevirapine/Stavudine,7.4,N/A - From RDC,SO-2667,Pre-PQ Process,Pre-PQ Process,ARV,100-ZW-T01,11-Jun-08,Air,Adult,60,0.12,SCMS from RDC,N/A - From RDC,7806
82468,DN-2637,Generic,Burundi,30-Apr-12,30-Apr-12,300mg,Tablet,Yes,1188.75,From RDC,"Abacavir 300mg, tablets, 60 Tabs",6.45,350,4602.5,PMO - US,Mylan (formerly Matrix) Nashik,Abacavir,13.15,N/A - From RDC,SO-41532,FPQ-9229,1/25/12,ARV,102-BI-T30,26-Apr-12,Air,Adult,60,0.22,SCMS from RDC,N/A - From RDC,36
82730,DN-3928,Generic,South Sudan,15-Oct-14,22-Oct-14,30/60mg,Chewable/dispersible tablet - FDC,Yes,1651,From RDC,"Lamivudine/Zidovudine 30/60mg, dispersible tablets, 60 Tabs",0.27,132,262.68,PMO - US,"Cipla, Goa, India",Lamivudine/Zidovudine,1.99,N/A - From RDC,SO-47101,FPQ-13173,10/28/13,ARV,103-SS-T30,30-Sep-14,Air,Pediatric,60,0.03,SCMS from RDC,N/A - From RDC,23
11539,DN-836,Generic,Nigeria,31-Jul-08,31-Jul-08,200mg,Tablet,No,See DN-836 (ID#:11244),From RDC,"Nevirapine 200mg, tablets, 60 Tabs",32.65,6002,20406.8,PMO - US,"Aurobindo Unit III, India",Nevirapine,3.4,N/A - From RDC,SO-2553,Pre-PQ Process,Pre-PQ Process,ARV,123-NG-T01,31-Jul-08,Air,Adult,60,0.06,SCMS from RDC,N/A - From RDC,See DN-836 (ID#:11244)
12515,DN-817,Generic,Mozambique,07-Aug-08,07-Aug-08,150/200/30mg,Tablet - FDC,No,See DN-817 (ID#:10981),From RDC,"Lamivudine/Nevirapine/Stavudine 150/200/30mg, tablets, 60 Tabs",1593.5,138325,995940.0,PMO - US,"Strides, Bangalore, India.",Lamivudine/Nevirapine/Stavudine,7.2,N/A - From RDC,SO-1882,Pre-PQ Process,Pre-PQ Process,ARV,111-MZ-T01,07-Aug-08,Air,Adult,60,0.12,SCMS from RDC,N/A - From RDC,See DN-817 (ID#:10981)
12524,DN-1017,Generic,Guyana,21-Nov-08,21-Nov-08,150mg,Tablet,No,See DN-1017 (ID#:11564),From RDC,"Lamivudine 150mg, tablets, 60 Tabs",2.39,420,1218.0,PMO - US,"Aurobindo Unit III, India",Lamivudine,2.9,N/A - From RDC,SO-18470,Pre-PQ Process,Pre-PQ Process,ARV,105-GY-T01,21-Nov-08,Air,Adult,60,0.05,SCMS from RDC,N/A - From RDC,See DN-1017 (ID#:11564)
83605,DN-2759,Generic,Rwanda,16-Aug-12,16-Aug-12,300mg,Tablet,Yes,1110.19,From RDC,"Tenofovir Disoproxil Fumarate 300mg, tablets, 30 Tabs",4.87,720,3470.4,PMO - US,Mylan (formerly Matrix) Nashik,Tenofovir Disoproxil Fumarate,4.82,N/A - From RDC,SO-42690,FPQ-10118,6/18/12,ARV,107-RW-T30,16-Aug-12,Air,Adult,30,0.16,SCMS from RDC,N/A - From RDC,49
61612,ASN-32057,Generic,Haiti,28-May-15,29-May-15,300/100mg,Tablet,Yes,1579.89,Direct Drop,"Atazanavir/Ritonavir 300/100mg, tablets, 30 Tabs",18.5,1000,18000.0,PMO - US,"Emcure Plot No.P-2, I.T-B.T. Park, Phase II, MIDC, Hinjwadi, Pune, India",Atazanavir/Ritonavir,18.0,11/14/14,SCMS-261010,FPQ-14895,9/24/14,ARV,106-HT-T30,28-May-15,Air,Adult,30,0.6,EMCURE PHARMACEUTICALS LTD,EXW,132
40923,ASN-10212,Generic,South Africa,26-May-11,26-May-11,600mg,Tablet,Yes,Freight Included in Commodity Cost,Direct Drop,"Efavirenz 600mg, tablets, 30 Tabs",1223.25,125247,567368.91,PMO - US,"Aurobindo Unit III, India",Efavirenz,4.53,9/24/10,SCMS-83770,FPQ-6262,8/31/10,ARV,161-ZA-T30,26-Apr-11,Ocean,Adult,30,0.15,Aurobindo Pharma Limited,DDP,Weight Captured Separately
82399,DN-2334,Generic,Uganda,14-Sep-11,14-Sep-11,10mg/ml,Oral suspension,Yes,24213.81,From RDC,"Nevirapine 10mg/ml, oral suspension w/syringe, Bottle, 240 ml",36.44,11326,22085.7,PMO - US,"Aurobindo Unit III, India",Nevirapine,1.95,N/A - From RDC,SO-38871,FPQ-7166,02-11-11,ARV,114-UG-T30,31-Aug-11,Air,Pediatric,240,0.01,SCMS from RDC,N/A - From RDC,4274
11812,DN-434,Generic,CÃte dIvoire,22-Nov-07,22-Nov-07,10mg/ml,Oral solution,No,See DN-434 (ID#:11483),From RDC,"Lamivudine 10mg/ml, oral solution, Bottle, 240 ml",18.91,6000,11820.0,PMO - US,"Aurobindo Unit III, India",Lamivudine,1.97,N/A - From RDC,SO-1101,Pre-PQ Process,Pre-PQ Process,ARV,104-CI-T01,22-Nov-07,Air,Pediatric,240,0.01,SCMS from RDC,N/A - From RDC,See DN-434 (ID#:11483)
85317,DN-2944,Generic,Nigeria,04-Dec-12,04-Dec-12,200mg,Tablet,Yes,51090,From RDC,"Efavirenz 200mg, scored tablets, 90 Tabs",68.1,6654,48574.2,PMO - US,"Strides, Bangalore, India.",Efavirenz,7.3,N/A - From RDC,SO-43433,FPQ-9968,5/23/12,ARV,151-NG-T30,04-Dec-12,Air,Pediatric,90,0.08,SCMS from RDC,N/A - From RDC,465
72142,ASN-15215,Generic,Rwanda,29-Jun-12,29-Jun-12,100/25mg,Tablet,Yes,2874.03,Direct Drop,"Lopinavir/Ritonavir 100/25mg [Aluvia], tablets, 60 Tabs",20.04,1575,12143.25,PMO - US,ABBVIE Ludwigshafen Germany,Lopinavir/Ritonavir,7.71,11-11-11,SCMS-126480,FPQ-8365,10/26/11,ARV,107-RW-T30,29-Jun-12,Air,Pediatric,60,0.13,ABBVIE LOGISTICS (FORMERLY ABBOTT LOGISTICS BV),FCA,186
84753,DN-2851,Generic,CÃte dIvoire,10-Sep-12,10-Sep-12,600mg,Tablet,Yes,12589.74,From RDC,"Efavirenz 600mg, tablets, 30 Tabs",185.67,34760,132435.6,PMO - US,"Aurobindo Unit III, India",Efavirenz,3.81,N/A - From RDC,SO-41361,FPQ-9063,12/21/11,ARV,104-CI-T30,28-Sep-12,Truck,Adult,30,0.13,SCMS from RDC,N/A - From RDC,3367
12497,DN-684,Generic,CÃte dIvoire,08-Apr-08,08-Apr-08,1mg/ml,Oral solution,No,See DN-684 (ID#:11884),From RDC,"Stavudine 1mg/ml, powder for oral solution, 200 ml",4.42,1971,2759.4,PMO - US,"Aurobindo Unit III, India",Stavudine,1.4,N/A - From RDC,SO-2043,Pre-PQ Process,Pre-PQ Process,ARV,104-CI-T01,08-Apr-08,Air,Pediatric,200,0.01,SCMS from RDC,N/A - From RDC,See DN-684 (ID#:11884)
77780,ASN-14835,Isentress,Uganda,21-May-12,21-May-12,400mg,Tablet,Yes,886,Direct Drop,"Raltegravir 400mg [Isentress], tablets, 60 Tabs",13.07,168,9324.0,PMO - US,"MSD, Haarlem, NL",Raltegravir,55.5,04-04-12,SCMS-142230,FPQ-9365,3/15/12,ARV,114-UG-T30,21-May-12,Air,Adult,60,0.92,MERCK SHARP & DOHME IDEA GMBH (FORMALLY MERCK SHARP & DOHME B.V.),CIP,35
12197,DN-694,Generic,Zambia,10-Apr-08,10-Apr-08,600mg,Tablet,Yes,15007.8,From RDC,"Efavirenz 600mg, tablets, 30 Tabs",960.8,50000,600500.0,PMO - US,Mylan (formerly Matrix) Nashik,Efavirenz,12.01,N/A - From RDC,SO-1892,Pre-PQ Process,Pre-PQ Process,ARV,110-ZM-T01,10-Apr-08,MIssing,Adult,30,0.4,SCMS from RDC,N/A - From RDC,3897
77926,ASN-23875,Generic,South Africa,13-Jan-14,13-Jan-14,50mg,Capsule,No,Freight Included in Commodity Cost,Direct Drop,"Efavirenz 50mg, capsule, 30 Caps",0.08,28,78.79,PMO - US,"Aurobindo Unit III, India",Efavirenz,2.81,12-02-13,SCMS-215410,FPQ-13214,11/14/13,ARV,116-ZA-T30,13-Jan-14,Truck,Pediatric,30,0.09,S. BUYS WHOLESALER,DDP,Weight Captured Separately
5575,ASN-1520,Zerit,South Africa,04-Jan-08,04-Jan-08,40mg,Capsule,No,Freight Included in Commodity Cost,Direct Drop,"Stavudine 40mg [Zerit], capsules, 60 Caps",1.83,200,1146.0,PMO - US,"BMS Meymac, France",Stavudine,5.73,01-04-08,SCMS-16600,Pre-PQ Process,Pre-PQ Process,ARV,116-ZA-T01,21-Jan-08,MIssing,Adult,60,0.1,"JSI R&T INSTITUTE, INC.",DDP,Weight Captured Separately
7338,ASN-2923,Generic,CÃte dIvoire,23-Jan-09,23-Jan-09,50+153mg,Tablet - FDC + co-blister,Yes,8530.29,Direct Drop,"Artesunate+Amodiaquine 50+153mg, tablets, co-blister 12+12 Tabs",34.3,25000,17500.0,PMO - US,Ipca Dadra/Nagar Haveli IN,Artesunate+Amodiaquine,0.7,09-03-08,SCMS-29330,Pre-PQ Process,Pre-PQ Process,ACT,104-CI-T01,23-Jan-09,Air,ACT,24,0.03,IDA FOUNDATION,EXW,634
9032,ASN-3623,Epivir,South Africa,03-Dec-08,03-Dec-08,10mg/ml,Oral solution,No,Freight Included in Commodity Cost,Direct Drop,"Lamivudine 10mg/ml [Epivir], oral solution, Bottle, 240 ml",20.34,2000,10380.0,PMO - US,GSK Mississauga (Canada),Lamivudine,5.19,Date Not Captured,SCMS-41040,Pre-PQ Process,Pre-PQ Process,ARV,116-ZA-T01,07-Apr-09,Air,Pediatric,240,0.02,S. BUYS WHOLESALER,DDP,Weight Captured Separately
58677,ASN-26738,Uni-Gold,"Congo, DRC",05-Sep-14,16-Sep-14,MIssing,Test kit,No,See ASN-26738 (ID#:15115),Direct Drop,"HIV 1/2, Uni-Gold HIV Kit, 20 Tests",0.23,7,224.0,PMO - US,"Trinity Biotech, Plc","HIV 1/2, Uni-Gold HIV Kit",32.0,5/20/14,SCMS-239410,FPQ-14100,4/23/14,HRDT,101-CD-T30,05-Sep-14,Air,HIV test,20,1.6,"Trinity Biotech, Plc",EXW,See ASN-26738 (ID#:15115)
11377,DN-92,Generic,Zimbabwe,18-Apr-07,18-Apr-07,300mg,Tablet,Yes,516.84,From RDC,"Zidovudine 300mg, tablets, 60 Tabs",MIssing,421,4113.17,PMO - US,"Ranbaxy, Paonta Shahib, India",Zidovudine,9.77,N/A - From RDC,SO-223,Pre-PQ Process,Pre-PQ Process,ARV,113-ZW-T01,18-Apr-07,MIssing,Adult,60,0.16,SCMS from RDC,N/A - From RDC,25
31859,ASN-27979,Generic,South Africa,27-Aug-14,27-Aug-14,200mg,Capsule,No,Freight Included in Commodity Cost,Direct Drop,"Efavirenz 200mg, capsule, 90 Caps",0.78,24,632.85,PMO - US,"Aurobindo Unit III, India",Efavirenz,26.37,8/27/14,SCMS-199283,FPQ-12522,07-11-13,ARV,116-ZA-T30,27-Aug-14,Truck,Pediatric,90,0.29,S. BUYS WHOLESALER,DDP,Weight Captured Separately
86686,DN-3721,Generic,Nigeria,09-May-14,23-May-14,150/300/200mg,Tablet - FDC,No,See DN-3721 (ID#:86086),From RDC,"Lamivudine/Nevirapine/Zidovudine 150/200/300mg, tablets, 60 Tabs",1667.42,200000,1622000.0,PMO - US,Hetero Unit III Hyderabad IN,Lamivudine/Nevirapine/Zidovudine,8.11,N/A - From RDC,SO-47271,FPQ-13293,11/19/13,ARV,151-NG-T30,03-Jun-14,Air Charter,Adult,60,0.14,SCMS from RDC,N/A - From RDC,See DN-3721 (ID#:86086)
65049,ASN-6418,Generic,Haiti,08-Apr-10,08-Apr-10,200/50mg,Tablet,Yes,2418.62,Direct Drop,"Lopinavir/Ritonavir 200/50mg, tablets, 120 Tabs",59.83,740,27750.0,PMO - US,"Aurobindo Unit III, India",Lopinavir/Ritonavir,37.5,11/19/09,SCMS-57200,FPQ-4406,10/23/09,ARV,106-HT-T30,08-Apr-10,Air,Adult,120,0.31,Aurobindo Pharma Limited,EXW,183
76113,ASN-25452,Generic,Mozambique,02-May-14,07-May-14,150/300/200mg,Tablet - FDC,Yes,16835.52,Direct Drop,"Lamivudine/Nevirapine/Zidovudine 150/200/300mg, tablets, 60 Tabs",281.73,33792,274053.12,PMO - US,Hetero Unit III Hyderabad IN,Lamivudine/Nevirapine/Zidovudine,8.11,12/17/13,SCMS-219220,FPQ-13395,12-11-13,ARV,111-MZ-T30,02-May-14,Air,Adult,60,0.14,HETERO LABS LIMITED,EXW,4610
14079,ASN-21229,Determine,Tanzania,17-Sep-13,17-Sep-13,MIssing,Test kit,Yes,20583.37,Direct Drop,"HIV 1/2, Determine Complete HIV Kit, 100 Tests",0,2915,0.0,PMO - US,"Alere Medical Co., Ltd.","HIV 1/2, Determine Complete HIV Kit",0.0,5/29/13,SCMS-189360,FPQ-12197,4/30/13,HRDT,109-TZ-T30,17-Sep-13,Air,HIV test,100,0.0,"Standard Diagnostics, Inc.",EXW,1208
83408,DN-1704,Generic,Nigeria,31-Mar-10,31-Mar-10,200mg,Tablet,Yes,Freight Included in Commodity Cost,From RDC,"Nevirapine 200mg, tablets, 60 Tabs",2.55,434,1184.82,PMO - US,"Aurobindo Unit III, India",Nevirapine,2.73,N/A - From RDC,SO-34894,FPQ-4537,11-06-09,ARV,151-NG-T30,19-Apr-10,Air Charter,Adult,60,0.05,SCMS from RDC,N/A - From RDC,42
8692,ASN-2896,Atripla,Nigeria,24-Nov-08,24-Nov-08,600/200/300mg,Tablet - FDC,Yes,924.4,Direct Drop,"Efavirenz/Emtricitabine/Tenofovir Disoproxil Fumarate 600/200/300mg [Atripla], tablets, 30 Tabs",197.57,2000,100800.0,PMO - US,"MSD, Haarlem, NL",Efavirenz/Emtricitabine/Tenofovir Disoproxil Fumarate,50.4,9/23/08,SCMS-30500,Pre-PQ Process,Pre-PQ Process,ARV,131-NG-T01,10-Mar-09,Air,Adult,30,1.68,MERCK SHARP & DOHME IDEA GMBH (FORMALLY MERCK SHARP & DOHME B.V.),CIP,169
82883,DN-1823,Generic,Nigeria,18-May-10,18-May-10,150/300mg,Tablet - FDC,Yes,9736.1,From RDC,"Lamivudine/Zidovudine 150/300mg, tablets, 60 Tabs",23.17,1227,10748.52,PMO - US,Hetero Unit III Hyderabad IN,Lamivudine/Zidovudine,8.76,N/A - From RDC,SO-36005,FPQ-4537,11-06-09,ARV,151-NG-T30,31-May-10,Air Charter,Adult,60,0.15,SCMS from RDC,N/A - From RDC,107
4567,ASN-2727,Videx EC,Tanzania,03-Nov-08,03-Nov-08,400mg,Delayed-release capsules - blister,Yes,Freight Included in Commodity Cost,Direct Drop,"Didanosine EC 400mg [Videx EC], delayed-release capsules, Blister 3 x 10 Caps",120.48,2597,61470.99,PMO - US,"BMS Meymac, France",Didanosine EC,23.67,5/15/08,SCMS-23611,Pre-PQ Process,Pre-PQ Process,ARV,109-TZ-T01,03-Nov-08,Air,Adult,30,0.79,BRISTOL-MYERS SQUIBB,CIP,Weight Captured Separately
75581,ASN-7488,Generic,Vietnam,03-Aug-10,03-Aug-10,150mg,Tablet,Yes,6683.69,Direct Drop,"Lamivudine 150mg, tablets, 60 Tabs",44.27,8738,20534.3,PMO - US,"Strides, Bangalore, India.",Lamivudine,2.35,3/24/10,SCMS-68480,FPQ-5094,3/15/10,ARV,108-VN-T30,03-Aug-10,Air,Adult,60,0.04,STRIDES ARCOLAB LIMITED,EXW,420
85509,DN-3827,Generic,Mozambique,25-Aug-14,28-Aug-14,150/300/200mg,Tablet - FDC,No,See DN-3827 (ID#:82705),From RDC,"Lamivudine/Nevirapine/Zidovudine 150/200/300mg, tablets, 60 Tabs",1250.56,150000,1216500.0,PMO - US,Mylan (formerly Matrix) Nashik,Lamivudine/Nevirapine/Zidovudine,8.11,N/A - From RDC,SO-47050,FPQ-13124,10/21/13,ARV,111-MZ-T30,29-Aug-14,Truck,Adult,60,0.14,SCMS from RDC,N/A - From RDC,See DN-3827 (ID#:82705)
5800,ASN-2293,Videx,South Africa,08-May-08,08-May-08,100mg,Chewable/dispersible tablet,No,Freight Included in Commodity Cost,Direct Drop,"Didanosine 100mg [Videx],chewable tablets, 60 Tabs",0.09,4,56.16,PMO - US,"BMS Meymac, France",Didanosine,14.04,Date Not Captured,SCMS-23500,Pre-PQ Process,Pre-PQ Process,ARV,116-ZA-T01,20-Aug-08,Truck,Pediatric,60,0.23,S. BUYS WHOLESALER,DDP,Weight Captured Separately
68937,ASN-17956,Norvir,Uganda,08-Feb-13,08-Feb-13,100mg,Tablet,Yes,1253.45,Direct Drop,"Ritonavir 100mg [Norvir], film coated tablets, 60 Tabs",4.97,587,4020.95,PMO - US,ABBVIE Ludwigshafen Germany,Ritonavir,6.85,10/25/12,SCMS-163440,FPQ-10787,10-10-12,ARV,114-UG-T30,08-Feb-13,Air,Adult,60,0.11,ABBVIE LOGISTICS (FORMERLY ABBOTT LOGISTICS BV),FCA,85
82526,DN-2917,Generic,Uganda,19-Nov-12,19-Nov-12,600/300/300mg,Tablet - FDC,Yes,131278.81,From RDC,"Efavirenz/Lamivudine/Tenofovir Disoproxil Fumarate 600/300/300mg, tablets, 30 Tabs",2325.83,125014,1658935.78,PMO - US,Mylan (formerly Matrix) Nashik,Efavirenz/Lamivudine/Tenofovir Disoproxil Fumarate,13.27,N/A - From RDC,SO-42811,FPQ-10328,07-11-12,ARV,114-UG-T30,31-Dec-12,Truck,Adult,30,0.44,SCMS from RDC,N/A - From RDC,14275
85738,DN-2110,Generic,CÃte dIvoire,23-Feb-11,23-Feb-11,600/200/300mg,Tablet - FDC,Yes,7441.57,From RDC,"Efavirenz/Emtricitabine/Tenofovir Disoproxil Fumarate 600/200/300mg, tablets, 30 Tabs",157.77,4800,95616.0,PMO - US,Mylan (formerly Matrix) Nashik,Efavirenz/Emtricitabine/Tenofovir Disoproxil Fumarate,19.92,N/A - From RDC,SO-38500,FPQ-6499,10-04-10,ARV,104-CI-T30,15-Feb-11,Air,Adult,30,0.66,SCMS from RDC,N/A - From RDC,532
86611,DN-3359,Generic,CÃte dIvoire,04-Oct-13,29-Oct-13,60/30mg,Tablet - FDC,Yes,2180.32,From RDC,"Abacavir/Lamivudine 60/30mg, tablets, 30 Tabs",29.69,6000,24000.0,PMO - US,Mylan (formerly Matrix) Nashik,Abacavir/Lamivudine,4.0,N/A - From RDC,SO-44142,FPQ-11254,12/14/12,ARV,104-CI-T30,20-Nov-13,Truck,Pediatric,30,0.13,SCMS from RDC,N/A - From RDC,243
83825,DN-3836,Generic,"Congo, DRC",28-Oct-14,04-Dec-14,10mg/ml,Oral suspension,Yes,5347.37,From RDC,"Nevirapine 10mg/ml, oral suspension w/syringe, Bottle, 100 ml",1.78,1330,1729.0,PMO - US,"Aurobindo Unit III, India",Nevirapine,1.3,N/A - From RDC,SO-48860,FPQ-14252,05-07-14,ARV,101-CD-T30,24-Sep-14,Air,Pediatric,100,0.01,SCMS from RDC,N/A - From RDC,416
85907,DN-2887,Generic,Cameroon,17-Oct-12,17-Oct-12,300/300mg,Tablet - FDC,No,See DN-2887 (ID#:82520),From RDC,"Lamivudine/Tenofovir Disoproxil Fumarate 300/300mg, tablets, 30 Tabs",138.92,18486,99084.96,PMO - US,"Cipla, Kurkumbh, India",Lamivudine/Tenofovir Disoproxil Fumarate,5.36,N/A - From RDC,SO-43380,FPQ-10641,9/19/12,ARV,900-CM-T30,07-Nov-12,Air Charter,Adult,30,0.18,SCMS from RDC,N/A - From RDC,See DN-2887 (ID#:82520)
12094,DN-304,Generic,Mozambique,21-Sep-07,21-Sep-07,600mg,Tablet,No,See DN-304 (ID#:10589),From RDC,"Efavirenz 600mg, tablets, 30 Tabs",694.47,25913,434042.75,PMO - US,"Cipla, Goa, India",Efavirenz,16.75,N/A - From RDC,SO-298,Pre-PQ Process,Pre-PQ Process,ARV,111-MZ-T01,21-Sep-07,Air,Adult,30,0.56,SCMS from RDC,N/A - From RDC,See DN-304 (ID#:10589)
75089,ASN-29596,Prezista,South Africa,28-Nov-14,28-Nov-14,300mg,Tablet,No,Freight Included in Commodity Cost,Direct Drop,"Darunavir 300mg [Prezista], tablets, 120 Tabs",1.74,36,1696.63,PMO - US,"Janssen-Cilag, Latina, IT",Darunavir,47.13,11/28/14,SCMS-259071,FPQ-14942,09-11-14,ARV,116-ZA-T30,28-Nov-14,Truck,Adult,120,0.39,PHARMACY DIRECT,DDP,Weight Captured Separately
85438,DN-3527,Generic,Uganda,21-Feb-14,04-Apr-14,200mg,Tablet,Yes,8854.24,From RDC,"Nevirapine 200mg, tablets, 60 Tabs",55.34,23819,53830.94,PMO - US,"Strides, Bangalore, India.",Nevirapine,2.26,N/A - From RDC,SO-46881,FPQ-13108,10/16/13,ARV,114-UG-T30,28-Feb-14,Air,Adult,60,0.04,SCMS from RDC,N/A - From RDC,1447
7719,ASN-3607,Generic,South Africa,28-Nov-08,28-Nov-08,10mg/ml,Oral solution,No,Freight Included in Commodity Cost,Direct Drop,"Zidovudine 10mg/ml, oral solution, Bottle, 240 ml",3.98,540,2030.4,PMO - US,"Aurobindo Unit III, India",Zidovudine,3.76,Date Not Captured,SCMS-40780,Pre-PQ Process,Pre-PQ Process,ARV,116-ZA-T01,17-Mar-09,Air,Pediatric,240,0.02,S. BUYS WHOLESALER,DDP,Weight Captured Separately
46875,ASN-26283,Determine,Zimbabwe,18-Jun-14,25-Jun-14,MIssing,Test kit,Yes,51732.62,Direct Drop,"HIV 1/2, Determine Complete HIV Kit, 100 Tests",722.64,8787,702960.0,PMO - US,"Alere Medical Co., Ltd.","HIV 1/2, Determine Complete HIV Kit",80.0,02-12-14,SCMS-225830,FPQ-13669,02-03-14,HRDT,113-ZW-T30,18-Jun-14,Air,HIV test,100,0.8,"Orgenics, Ltd",EXW,3567
86393,DN-2263,Generic,Haiti,28-Jun-11,28-Jun-11,200mg,Capsule,No,See DN-2263 (ID#:82959),From RDC,"Efavirenz 200mg, capsule, 90 Caps",10.07,630,6104.7,PMO - US,"Aurobindo Unit III, India",Efavirenz,9.69,N/A - From RDC,SO-39910,FPQ-6801,12/14/10,ARV,106-HT-T30,19-Jul-11,Air,Pediatric,90,0.11,SCMS from RDC,N/A - From RDC,See DN-2263 (ID#:82959)
12578,DN-1222,Generic,Uganda,24-Jun-09,24-Jun-09,200mg,Tablet,No,See DN-1222 (ID#:11317),From RDC,"Nevirapine 200mg, tablets, 60 Tabs",0.67,107,342.4,PMO - US,"Aurobindo Unit III, India",Nevirapine,3.2,N/A - From RDC,SO-26140,Pre-PQ Process,Pre-PQ Process,ARV,114-UG-T01,24-Jun-09,Air,Adult,60,0.05,SCMS from RDC,N/A - From RDC,See DN-1222 (ID#:11317)
47853,ASN-5402,Determine,Tanzania,18-Jan-10,18-Jan-10,MIssing,Test kit,Yes,6923.2,Direct Drop,"HIV 1/2, Determine HIV Kit, without Lancets, 100 Tests",277.69,2024,141680.0,PMO - US,Inverness Japan,"HIV 1/2, Determine HIV Kit, without Lancets",70.0,09-03-09,SCMS-52775,FPQ-4157,8/27/09,HRDT,109-TZ-T30,18-Jan-10,Air,HIV test,100,0.7,"Orgenics, Ltd",EXW,461
36350,ASN-8445,Generic,Guyana,24-Nov-10,24-Nov-10,200/50mg,Tablet,Yes,12609.89,Direct Drop,"Lopinavir/Ritonavir 200/50mg, tablets, 120 Tabs",294.63,3796,136656.0,PMO - US,"Aurobindo Unit III, India",Lopinavir/Ritonavir,36.0,9/17/10,SCMS-85581,FPQ-6308,9/13/10,ARV,105-GY-T30,24-Nov-10,Air,Adult,120,0.3,Aurobindo Pharma Limited,EXW,1028
58754,ASN-16730,Determine,South Sudan,30-Nov-12,30-Nov-12,MIssing,Test kit,No,See ASN-16730 (ID#:27586),Direct Drop,"HIV 1/2, Determine Complete HIV Kit, 100 Tests",49.29,395,35155.0,PMO - US,"Alere Medical Co., Ltd.","HIV 1/2, Determine Complete HIV Kit",89.0,6/20/12,SCMS-147641,FPQ-9807,5/18/12,HRDT,105-SS-T30,30-Nov-12,Air,HIV test,100,0.89,"Orgenics, Ltd",EXW,See ASN-16730 (ID#:27586)
84554,DN-1793,Generic,Nigeria,18-May-10,18-May-10,150/300/200mg,Tablet - FDC,Yes,9736.1,From RDC,"Lamivudine/Nevirapine/Zidovudine 150/200/300mg, tablets, 60 Tabs",967.61,40000,448800.0,PMO - US,"Aurobindo Unit III, India",Lamivudine/Nevirapine/Zidovudine,11.22,N/A - From RDC,SO-36007,FPQ-4537,11-06-09,ARV,151-NG-T30,31-May-10,Air Charter,Adult,60,0.19,SCMS from RDC,N/A - From RDC,4693
44304,ASN-27466,Determine,Nigeria,19-Aug-14,04-Nov-14,MIssing,Test kit,Yes,28895.07,Direct Drop,"HIV 1/2, Determine Complete HIV Kit, 100 Tests",435.32,4758,423462.0,PMO - US,"Alere Medical Co., Ltd.","HIV 1/2, Determine Complete HIV Kit",89.0,06-02-14,SCMS-240830,FPQ-14305,5/16/14,HRDT,133-NG-T30,19-Aug-14,Air,HIV test,100,0.89,"Orgenics, Ltd",EXW,1934
1637,ASN-3465,Stat-Pak,CÃte dIvoire,04-Mar-09,04-Mar-09,MIssing,Test kit,Yes,1104.69,Direct Drop,"HIV 1/2, Stat-Pak HIV, Kit, 20 Tests",15.29,289,7803.0,PMO - US,Chembio Diagnostics Sys. Inc.,"HIV 1/2, Stat-Pak HIV, Kit",27.0,2/27/08,SCMS-18320,Pre-PQ Process,Pre-PQ Process,HRDT,104-CI-T01,04-Mar-09,Air,HIV test,20,1.35,"CHEMBIO DIAGNOSTIC SYSTEMS, INC.",EXW,79
10868,DN-356,Genie,CÃte dIvoire,19-Sep-07,19-Sep-07,MIssing,Test kit,No,See DN-356 (ID#:10867),From RDC,"#108853** HIV, Genie II HIV-1/HIV-2 Kit, 40 Tests",74.78,615,46740.0,PMO - US,Bio-Rad Laboratories,"HIV, Genie II HIV-1/HIV-2 Kit",76.0,N/A - From RDC,SO-792,Pre-PQ Process,Pre-PQ Process,HRDT,104-CI-T01,19-Sep-07,MIssing,HIV test,40,1.9,SCMS from RDC,N/A - From RDC,See DN-356 (ID#:10867)
13311,ASN-14110,Determine,CÃte dIvoire,29-Mar-12,29-Mar-12,MIssing,Test kit,Yes,18919.56,Direct Drop,"HIV 1/2, Determine Complete HIV Kit, 100 Tests",224.32,2000,160000.0,PMO - US,"Alere Medical Co., Ltd.","HIV 1/2, Determine Complete HIV Kit",80.0,1/17/12,SCMS-131880,FPQ-8929,12-08-11,HRDT,104-CI-T30,29-Mar-12,Air,HIV test,100,0.8,"Orgenics, Ltd",EXW,957
36936,ASN-9547,Determine,Kenya,10-Feb-11,10-Feb-11,MIssing,Test kit,Yes,15519.77,Direct Drop,"HIV 1/2, Determine Complete HIV Kit, 100 Tests",1647.52,8586,764154.0,PMO - US,Inverness Japan,"HIV 1/2, Determine Complete HIV Kit",89.0,11/22/10,SCMS-88211,FPQ-6406,9/27/10,HRDT,102-KE-T30,10-Feb-11,Air,HIV test,100,0.89,"Orgenics, Ltd",EXW,1479
84895,DN-3551,Generic,Nigeria,10-Feb-14,19-Feb-14,150/300/200mg,Tablet - FDC,Yes,30936.1,From RDC,"Lamivudine/Nevirapine/Zidovudine 150/200/300mg, tablets, 60 Tabs",2605.5,255001,2106308.26,PMO - US,Mylan (formerly Matrix) Nashik,Lamivudine/Nevirapine/Zidovudine,8.26,N/A - From RDC,SO-45665,FPQ-12248,05-06-13,ARV,151-NG-T30,28-Feb-14,Air Charter,Adult,60,0.14,SCMS from RDC,N/A - From RDC,60779
12366,DN-148,Stocrin/Sustiva,Mozambique,13-Jun-07,13-Jun-07,50mg,Capsule,No,See DN-148 (ID#:10564),From RDC,"Efavirenz 50mg [Stocrin/Sustiva], capsule, 30 Caps",MIssing,1844,6306.48,PMO - US,"MSD Manati, Puerto Rico, (USA)",Efavirenz,3.42,N/A - From RDC,SO-576,Pre-PQ Process,Pre-PQ Process,ARV,111-MZ-T01,13-Jun-07,Air,Pediatric,30,0.11,SCMS from RDC,N/A - From RDC,See DN-148 (ID#:10564)
82762,DN-4056,Generic,Guyana,06-Jan-15,29-Jan-15,300mg,Tablet,Yes,865.15,From RDC,"Abacavir 300mg, tablets, 60 Tabs",0.81,62,687.58,PMO - US,Mylan (formerly Matrix) Nashik,Abacavir,11.09,N/A - From RDC,SO-50030,FPQ-15217,10/22/14,ARV,105-GY-T30,30-Jan-15,Air,Adult,60,0.18,SCMS from RDC,N/A - From RDC,6
59715,ASN-18069,Kaletra,"Congo, DRC",16-Apr-13,16-Apr-13,80/20mg/ml,Oral solution,Yes,1421.86,Direct Drop,"Lopinavir/Ritonavir 80/20mg/ml [Kaletra], oral solution, cool, Bottle 5 x 60 ml",2.29,60,1849.2,PMO - US,ABBVIE (Abbott) Logis. UK,Lopinavir/Ritonavir,30.82,01-03-13,SCMS-170640,FPQ-11103,12-07-12,ARV,101-CD-T30,16-Apr-13,Air,Pediatric,300,0.1,ABBVIE LOGISTICS (FORMERLY ABBOTT LOGISTICS BV),FCA,113
11895,DN-729,Generic,Nigeria,09-May-08,09-May-08,600mg,Tablet,Yes,1651.16,From RDC,"Efavirenz 600mg, tablets, 30 Tabs",19.81,1031,12382.31,PMO - US,"Aurobindo Unit III, India",Efavirenz,12.01,N/A - From RDC,SO-2500,Pre-PQ Process,Pre-PQ Process,ARV,130-NG-T01,09-May-08,Air,Adult,30,0.4,SCMS from RDC,N/A - From RDC,236
83210,DN-3549,Generic,Zimbabwe,11-Feb-14,04-Mar-14,200mg,Tablet,Yes,1200,From RDC,"Efavirenz 200mg, scored tablets, 90 Tabs",3.06,266,2473.8,PMO - US,"Strides, Bangalore, India.",Efavirenz,9.3,N/A - From RDC,SO-45123,FPQ-12086,4/19/13,ARV,103-ZW-T30,31-Mar-14,Truck,Pediatric,90,0.1,SCMS from RDC,N/A - From RDC,17
23315,ASN-30399,Generic,Rwanda,17-Feb-15,17-Feb-15,150mg,Capsule,Yes,1600.98,Direct Drop,"Atazanavir 150mg, capsules, 60 Caps",21.47,912,18240.0,PMO - US,"Emcure Plot No.P-2, I.T-B.T. Park, Phase II, MIDC, Hinjwadi, Pune, India",Atazanavir,20.0,1/19/15,SCMS-272600,FPQ-15654,12/23/14,ARV,107-RW-T30,17-Feb-15,Air,Pediatric,60,0.33,EMCURE PHARMACEUTICALS LTD,EXW,102
15687,ASN-7526,Generic,South Africa,24-Aug-10,24-Aug-10,10mg/ml,Oral solution,Yes,2154.51,Direct Drop,"Lamivudine 10mg/ml, oral solution w/syringe, Bottle, 240 ml",54.81,8474,25422.0,PMO - US,"Aurobindo Unit III, India",Lamivudine,3.0,3/19/10,SCMS-68980,FPQ-5303,3/18/10,ARV,161-ZA-T30,24-Aug-10,Air,Pediatric,240,0.01,Aurobindo Pharma Limited,DDP,3206
11735,DN-141,Generic,Zimbabwe,20-May-07,20-May-07,300mg,Tablet,No,See DN-141 (ID#:10571),From RDC,"Zidovudine 300mg, tablets, 60 Tabs",MIssing,470,4591.9,PMO - US,"Ranbaxy, Paonta Shahib, India",Zidovudine,9.77,N/A - From RDC,SO-278,Pre-PQ Process,Pre-PQ Process,ARV,113-ZW-T01,20-May-07,MIssing,Adult,60,0.16,SCMS from RDC,N/A - From RDC,See DN-141 (ID#:10571)
86657,DN-3561,Generic,"Congo, DRC",19-May-14,26-Jun-14,600mg,Tablet,No,See DN-3561 (ID#:82654),From RDC,"Efavirenz 600mg, tablets, 30 Tabs",9.68,2827,9413.91,PMO - US,"Strides, Bangalore, India.",Efavirenz,3.33,N/A - From RDC,SO-47630,FPQ-13554,1/15/14,ARV,101-CD-T30,30-May-14,Air,Adult,30,0.11,SCMS from RDC,N/A - From RDC,See DN-3561 (ID#:82654)
36842,ASN-22885,Determine,Nigeria,12-Dec-13,16-Dec-13,MIssing,Test kit,Yes,59767.71,Direct Drop,"HIV 1/2, Determine Complete HIV Kit, 100 Tests",1024.75,9308,828412.0,PMO - US,"Alere Medical Co., Ltd.","HIV 1/2, Determine Complete HIV Kit",89.0,11-01-13,SCMS-210350,FPQ-12812,8/13/13,HRDT,133-NG-T30,23-Dec-13,Air,HIV test,100,0.89,"Orgenics, Ltd",EXW,3778
67720,ASN-31331,Determine,South Sudan,03-Jun-15,05-Jun-15,MIssing,Test kit - Ancillary,No,See ASN-31331 (ID#:51668),Direct Drop,"Chase Buffer, Determine, 100 Tests, 2.5ml x 1 Vial",0.29,50,250.0,PMO - US,"Alere Medical Co., Ltd.","Chase Buffer, Determine, 100 Tests, 2.5ml x 1 Vial",5.0,2/20/15,SCMS-272160,FPQ-15569,12/29/14,HRDT,105-SS-T30,03-Jun-15,Air,HIV test - Ancillary,1,5.0,"Orgenics, Ltd",EXW,See ASN-31331 (ID#:51668)
10630,DN-418,Truvada,Zambia,13-Nov-07,13-Nov-07,300/200mg,Tablet - FDC,Yes,1532.41,From RDC,"Emtricitabine/Tenofovir Disoproxil Fumarate 200/300mg [Truvada], tablets, 30 Tabs",141.12,3360,88200.0,PMO - US,Gilead(Nycomed) Oranienburg DE,Emtricitabine/Tenofovir Disoproxil Fumarate,26.25,N/A - From RDC,SO-1121,Pre-PQ Process,Pre-PQ Process,ARV,110-ZM-T01,13-Nov-07,Air,Adult,30,0.88,SCMS from RDC,N/A - From RDC,281
65165,ASN-12626,Generic,South Africa,06-Dec-11,06-Dec-11,10mg/ml,Oral solution,Yes,Freight Included in Commodity Cost,Direct Drop,"Lamivudine 10mg/ml, oral solution, Bottle, 240 ml",136.1,40040,82482.4,PMO - US,"Cipla, Goa, India",Lamivudine,2.06,3/28/11,SCMS-103810,FPQ-7175,03-10-11,ARV,161-ZA-T30,07-Dec-11,Ocean,Pediatric,240,0.01,CIPLA LIMITED,DDP,Weight Captured Separately
85599,DN-4286,Generic,Rwanda,17-Jun-15,29-Jun-15,600/300/300mg,Tablet - FDC,Yes,Freight Included in Commodity Cost,From RDC,"Efavirenz/Lamivudine/Tenofovir Disoproxil Fumarate 600/300/300mg, tablets, 30 Tabs",3326.47,294399,2826230.4,PMO - US,Mylan (formerly Matrix) Nashik,Efavirenz/Lamivudine/Tenofovir Disoproxil Fumarate,9.6,N/A - From RDC,SO-50720,FPQ-15622,12/22/14,ARV,107-RW-T30,30-Jun-15,Truck,Adult,30,0.32,SCMS from RDC,N/A - From RDC,33500
85534,DN-3964,Generic,Tanzania,19-Nov-14,20-Nov-14,30/60mg,Chewable/dispersible tablet - FDC,Yes,1462.81,From RDC,"Lamivudine/Zidovudine 30/60mg, dispersible tablets, 60 Tabs",75.97,34374,73904.1,PMO - US,"Cipla, Goa, India",Lamivudine/Zidovudine,2.15,N/A - From RDC,SO-47655,FPQ-13566,1/15/14,ARV,109-TZ-T30,28-Nov-14,Truck,Pediatric,60,0.04,SCMS from RDC,N/A - From RDC,2346
64369,ASN-29540,Generic,Zimbabwe,12-Jan-15,12-Jan-15,100/25mg,Tablet,Yes,11368.84,Direct Drop,"Lopinavir/Ritonavir 100/25mg [Aluvia], tablets, 60 Tabs",56.5,9253,54962.82,PMO - US,ABBVIE Ludwigshafen Germany,Lopinavir/Ritonavir,5.94,5/15/14,SCMS-239180,FPQ-13969,04-08-14,ARV,103-ZW-T30,12-Jan-15,Air,Pediatric,60,0.1,ABBVIE LOGISTICS (FORMERLY ABBOTT LOGISTICS BV),FCA,1065
54208,ASN-15177,Videx,Vietnam,20-Jun-12,20-Jun-12,25mg,Chewable/dispersible tablet,Yes,541.75,Direct Drop,"Didanosine 25mg [Videx], chewable tablets, 60 Tabs",2.94,300,2100.0,PMO - US,Bristol-Myers Squibb Anagni IT,Didanosine,7.0,1/13/12,SCMS-131720,FPQ-9001,12/15/11,ARV,108-VN-T30,20-Jun-12,Air,Pediatric,60,0.12,LAWRENCE LABORATORIES (SUBSIDIARY OF BRISTOL MYERS SQUIBB),FCA,81
15005,ASN-16132,Uni-Gold,Nigeria,18-Sep-12,18-Sep-12,MIssing,Test kit,Yes,28595.45,Direct Drop,"HIV 1/2, Uni-Gold HIV Kit, 20 Tests",359.72,8018,256576.0,PMO - US,"Trinity Biotech, Plc","HIV 1/2, Uni-Gold HIV Kit",32.0,05-03-12,SCMS-144190,FPQ-9599,3/27/12,HRDT,133-NG-T30,18-Sep-12,Air,HIV test,20,1.6,"Trinity Biotech, Plc",EXW,2607
85887,DN-2794,Generic,Nigeria,14-Aug-12,14-Aug-12,200/50mg,Tablet,Yes,18461.22,From RDC,"Lopinavir/Ritonavir 200/50mg, tablets, 120 Tabs",719,17497,512837.07,PMO - US,"Aurobindo Unit III, India",Lopinavir/Ritonavir,29.31,N/A - From RDC,SO-42933,FPQ-9432,03-01-12,ARV,151-NG-T30,20-Aug-12,Air Charter,Adult,120,0.24,SCMS from RDC,N/A - From RDC,4898
67057,ASN-28331,Determine,Rwanda,17-Oct-14,17-Oct-14,MIssing,Test kit,Yes,14125.63,Direct Drop,"HIV 1/2, Determine Complete HIV Kit, 100 Tests",155.52,1891,151280.0,PMO - US,"Alere Medical Co., Ltd.","HIV 1/2, Determine Complete HIV Kit",80.0,06-09-14,SCMS-239700,FPQ-14090,4/17/14,HRDT,107-RW-T30,17-Oct-14,Air,HIV test,100,0.8,"Orgenics, Ltd",EXW,766
15399,ASN-22771,Generic,Nigeria,17-Dec-13,20-Dec-13,300mg,Tablet,Yes,4760.43,Direct Drop,"Zidovudine 300mg, tablets, 60 Tabs",66.82,10000,65000.0,PMO - US,Mylan (formerly Matrix) Nashik,Zidovudine,6.5,11-04-13,SCMS-212700,FPQ-13102,10/17/13,ARV,151-NG-T30,17-Dec-13,Air,Adult,60,0.11,MYLAN LABORATORIES LTD (FORMERLY MATRIX LABORATORIES),EXW,574
58426,ASN-31852,Determine,Sierra Leone,11-May-15,13-May-15,MIssing,Test kit,Yes,28703.53,Direct Drop,"HIV 1/2, Determine Complete HIV Kit, 100 Tests",376.64,4000,320000.0,PMO - US,"Alere Medical Co., Ltd.","HIV 1/2, Determine Complete HIV Kit",80.0,4/20/15,SCMS-285360,FPQ-16015,04-03-15,HRDT,A02-SL-T50,11-May-15,Air,HIV test,100,0.8,"Orgenics, Ltd",EXW,1556
11397,DN-160,Generic,CÃte dIvoire,15-Jun-07,15-Jun-07,150/200/30mg,Tablet - FDC,Yes,3908,From RDC,"Lamivudine/Nevirapine/Stavudine 150/200/30mg, tablets, 60 Tabs",MIssing,8347,62602.5,PMO - US,"Cipla, Goa, India",Lamivudine/Nevirapine/Stavudine,7.5,N/A - From RDC,SO-517,Pre-PQ Process,Pre-PQ Process,ARV,104-CI-T01,15-Jun-07,MIssing,Adult,60,0.12,SCMS from RDC,N/A - From RDC,1313
20294,ASN-23686,Generic,Zambia,14-Feb-14,18-Feb-14,200/300mg,Tablet - FDC,Yes,119474.09,Direct Drop,"Emtricitabine/Tenofovir Disoproxil Fumarate 200/300mg, tablets, 30 Tabs",2130.11,300000,1722000.0,PMO - US,Mylan (formerly Matrix) Nashik,Emtricitabine/Tenofovir Disoproxil Fumarate,5.74,08-12-13,SCMS-202390,FPQ-12662,7/22/13,ARV,110-ZM-T30,14-Feb-14,Air,Adult,30,0.19,MYLAN LABORATORIES LTD (FORMERLY MATRIX LABORATORIES),EXW,24233
83641,DN-2935,Generic,CÃte dIvoire,30-Nov-12,30-Nov-12,150/300mg,Tablet - FDC,Yes,38492.46,From RDC,"Lamivudine/Zidovudine 150/300mg, tablets, 60 Tabs",974.11,90000,694800.0,PMO - US,Mylan (formerly Matrix) Nashik,Lamivudine/Zidovudine,7.72,N/A - From RDC,SO-42390,FPQ-9749,4/19/12,ARV,104-CI-T30,14-Dec-12,Truck,Adult,60,0.13,SCMS from RDC,N/A - From RDC,10611
86108,DN-3885,Generic,"Congo, DRC",30-Sep-14,17-Nov-14,150/300mg,Tablet - FDC,No,See DN-3885 (ID#:82693),From RDC,"Lamivudine/Zidovudine 150/300mg, tablets, 60 Tabs",23.36,3485,22722.2,PMO - US,Hetero Unit III Hyderabad IN,Lamivudine/Zidovudine,6.52,N/A - From RDC,SO-48852,FPQ-14252,05-07-14,ARV,101-CD-T30,22-Sep-14,Air,Adult,60,0.11,SCMS from RDC,N/A - From RDC,See DN-3885 (ID#:82693)
84771,DN-2946,Generic,Nigeria,04-Dec-12,04-Dec-12,200mg,Tablet,No,See DN-2946 (ID#:82531),From RDC,"Nevirapine 200mg, tablets, 60 Tabs",2.47,728,1761.76,PMO - US,"Aurobindo Unit III, India",Nevirapine,2.42,N/A - From RDC,SO-43435,FPQ-9968,5/23/12,ARV,151-NG-T30,04-Dec-12,Air,Adult,60,0.04,SCMS from RDC,N/A - From RDC,See DN-2946 (ID#:82531)
2503,ASN-4099,Uni-Gold,Kenya,18-Jun-09,18-Jun-09,MIssing,Test kit,Yes,275,Direct Drop,"HIV 1/2, Uni-Gold HIV Kit, 20 Tests",313.29,4995,159840.0,PMO - US,"Trinity Biotech, Plc","HIV 1/2, Uni-Gold HIV Kit",32.0,04-04-09,SCMS-42970,Pre-PQ Process,Pre-PQ Process,HRDT,102-KE-T01,18-Jun-09,Air,HIV test,20,1.6,"Trinity Biotech, Plc",EXW,4995
38596,ASN-6612,Determine,Zambia,03-May-10,03-May-10,MIssing,Test kit,Yes,20067.34,Direct Drop,"HIV 1/2, Determine Complete HIV Kit, 100 Tests",435.74,2807,202104.0,PMO - US,Inverness Japan,"HIV 1/2, Determine Complete HIV Kit",72.0,12/22/09,SCMS-60711,FPQ-4691,12/16/09,HRDT,110-ZM-T30,03-May-10,Air,HIV test,100,0.72,"Orgenics, Ltd",EXW,1360
76914,ASN-14307,Stat-Pak,CÃte dIvoire,10-Apr-12,10-Apr-12,MIssing,Test kit,Yes,6311.89,Direct Drop,"HIV 1/2, Stat-Pak HIV, Kit, 20 Tests",64.77,1593,46197.0,PMO - US,Chembio Diagnostics Sys. Inc.,"HIV 1/2, Stat-Pak HIV, Kit",29.0,1/17/12,SCMS-131870,FPQ-8929,12-08-11,HRDT,104-CI-T30,10-Apr-12,Air,HIV test,20,1.45,"CHEMBIO DIAGNOSTIC SYSTEMS, INC.",EXW,624
84348,DN-3585,Generic,Guyana,03-Apr-14,06-Jun-14,150/300mg,Tablet - FDC,No,See DN-3585 (ID#:83223),From RDC,"Lamivudine/Zidovudine 150/300mg, tablets, 60 Tabs",2.07,287,2009.0,PMO - US,Mylan (formerly Matrix) Nashik,Lamivudine/Zidovudine,7.0,N/A - From RDC,SO-46800,FPQ-13071,10-09-13,ARV,105-GY-T30,31-Mar-14,Air,Adult,60,0.12,SCMS from RDC,N/A - From RDC,See DN-3585 (ID#:83223)
83472,DN-2072,Generic,Zambia,10-Dec-10,10-Dec-10,200/300mg,Tablet - FDC,Yes,31373.1,From RDC,"Emtricitabine/Tenofovir Disoproxil Fumarate 200/300mg, tablets, 30 Tabs",5573.31,220002,2585023.5,PMO - US,Mylan (formerly Matrix) Nashik,Emtricitabine/Tenofovir Disoproxil Fumarate,11.75,N/A - From RDC,SO-37340,FPQ-6221,8/20/10,ARV,110-ZM-T30,15-Nov-10,Truck,Adult,30,0.39,SCMS from RDC,N/A - From RDC,20364
83971,DN-1602,Generic,Vietnam,18-Dec-09,18-Dec-09,150/300mg,Tablet - FDC,Yes,3119.75,From RDC,"Lamivudine/Zidovudine 150/300mg, tablets, 60 Tabs",120.57,6384,55923.84,PMO - US,"Aurobindo Unit III, India",Lamivudine/Zidovudine,8.76,N/A - From RDC,SO-35250,FPQ-4689,12-03-09,ARV,108-VN-T30,11-Feb-10,Air,Adult,60,0.15,SCMS from RDC,N/A - From RDC,579
86471,DN-2646,Generic,Nigeria,30-Apr-12,30-Apr-12,300/300mg,Tablet - FDC,Yes,27441.22,From RDC,"Lamivudine/Tenofovir Disoproxil Fumarate 300/300mg, tablets, 30 Tabs",731.29,94153,521607.62,PMO - US,"Aurobindo Unit VII, IN",Lamivudine/Tenofovir Disoproxil Fumarate,5.54,N/A - From RDC,SO-41921,FPQ-8952,12-08-11,ARV,151-NG-T30,20-Jun-12,Air Charter,Adult,30,0.18,SCMS from RDC,N/A - From RDC,10684
11934,DN-917,Generic,Nigeria,24-Sep-08,24-Sep-08,150/300mg,Tablet - FDC,No,See DN-917 (ID#:10745),From RDC,"Lamivudine/Zidovudine 150/300mg, tablets, 60 Tabs",15.77,1054,9854.9,PMO - US,Mylan (formerly Matrix) Nashik,Lamivudine/Zidovudine,9.35,N/A - From RDC,SO-2728,Pre-PQ Process,Pre-PQ Process,ARV,112-NG-T01,24-Sep-08,Air,Adult,60,0.16,SCMS from RDC,N/A - From RDC,See DN-917 (ID#:10745)
79064,ASN-29450,Isentress,South Africa,19-Nov-14,19-Nov-14,400mg,Tablet,No,Freight Included in Commodity Cost,Direct Drop,"Raltegravir 400mg [Isentress], tablets, 60 Tabs",9.47,82,7657.21,PMO - US,"MSD, Haarlem, NL",Raltegravir,93.38,8/13/13,SCMS-199310,FPQ-12523,07-12-13,ARV,116-ZA-T30,19-Nov-14,Truck,Adult,60,1.56,S. BUYS WHOLESALER,DDP,Weight Captured Separately
2539,ASN-4289,Genie,CÃte dIvoire,15-Jul-09,15-Jul-09,MIssing,Test kit,Yes,8114.11,Direct Drop,"#108853** HIV, Genie II HIV-1/HIV-2 Kit, 40 Tests",215.6,1000,110000.0,PMO - US,Bio-Rad Laboratories,"HIV, Genie II HIV-1/HIV-2 Kit",110.0,4/15/09,SCMS-44120,Pre-PQ Process,Pre-PQ Process,HRDT,104-CI-T01,10-Jun-09,Air,HIV test,40,2.75,BIO-RAD LABORATORIES (FRANCE),EXW,1073
20952,ASN-31854,Generic,South Africa,28-Apr-15,28-Apr-15,400mg,Delayed-release capsules,Yes,Freight Included in Commodity Cost,Direct Drop,"Didanosine 400mg, delayed-release capsules, 30 Caps",0.08,4,78.7,PMO - US,"Aurobindo Unit III, India",Didanosine,19.68,4/28/15,SCMS-238556,FPQ-13973,4/30/14,ARV,116-ZA-T30,28-Apr-15,Truck,Adult,30,0.66,PHARMACY DIRECT,DDP,Weight Captured Separately
74517,ASN-31190,Kaletra,Zimbabwe,14-May-15,14-May-15,80/20mg/ml,Oral solution,Yes,20559.39,Direct Drop,"Lopinavir/Ritonavir 80/20mg/ml [Kaletra], oral solution, cool, Bottle 5 x 60 ml",95.22,2625,80902.5,PMO - US,ABBVIE (Abbott) Logis. UK,Lopinavir/Ritonavir,30.82,10/30/14,SCMS-261591,FPQ-15220,10/27/14,ARV,103-ZW-T30,14-May-15,Air,Pediatric,300,0.1,ABBVIE LOGISTICS (FORMERLY ABBOTT LOGISTICS BV),FCA,2583
86482,DN-2693,Generic,Zimbabwe,27-Jun-12,27-Jun-12,200mg,Tablet,No,See DN-2693 (ID#:82481),From RDC,"Nevirapine 200mg, tablets, 60 Tabs",80.52,20000,48800.0,PMO - US,"Aurobindo Unit III, India",Nevirapine,2.44,N/A - From RDC,SO-40883,FPQ-8464,10-04-11,ARV,113-ZW-T30,14-Aug-12,Truck,Adult,60,0.04,SCMS from RDC,N/A - From RDC,See DN-2693 (ID#:82481)
85986,DN-3257,Generic,Burundi,26-Aug-13,26-Aug-13,150/300mg,Tablet - FDC,No,See DN-3257 (ID#:83148),From RDC,"Lamivudine/Zidovudine 150/300mg, tablets, 60 Tabs",69.62,8040,56280.0,PMO - US,Hetero Unit III Hyderabad IN,Lamivudine/Zidovudine,7.0,N/A - From RDC,SO-45170,FPQ-12065,4/22/13,ARV,102-BI-T30,24-Aug-13,Air,Adult,60,0.12,SCMS from RDC,N/A - From RDC,See DN-3257 (ID#:83148)
86003,DN-3351,Generic,Rwanda,24-Oct-13,19-Nov-13,600/300mg,Tablet - FDC,Yes,2593.56,From RDC,"Abacavir/Lamivudine 600/300mg, scored tablets, 30 Tabs",55.46,3316,44832.32,PMO - US,Mylan (formerly Matrix) Nashik,Abacavir/Lamivudine,13.52,N/A - From RDC,SO-46470,FPQ-12766,08-02-13,ARV,107-RW-T30,31-Oct-13,Air,Adult,30,0.45,SCMS from RDC,N/A - From RDC,292
82274,DN-1500,Generic,Zimbabwe,09-Nov-09,09-Nov-09,150/200/30mg,Tablet - FDC,Yes,15332.68,From RDC,"Lamivudine/Nevirapine/Stavudine 150/200/30mg, tablets, 60 Tabs",992.07,76000,506160.0,PMO - US,"Cipla, Goa, India",Lamivudine/Nevirapine/Stavudine,6.66,N/A - From RDC,SO-27190,FPQ-4472,3/17/09,ARV,113-ZW-T30,15-Nov-09,Truck,Adult,60,0.11,SCMS from RDC,N/A - From RDC,8701
82806,DN-4285,Generic,"Congo, DRC",30-Jul-15,30-Jul-15,200/50mg,Tablet,Yes,9041.74,From RDC,"Lopinavir/Ritonavir 200/50mg, tablets, 120 Tabs",61.75,2710,52465.6,PMO - US,"Aurobindo Unit III, India",Lopinavir/Ritonavir,19.36,N/A - From RDC,SO-51270,FPQ-16158,3/31/15,ARV,101-CD-T30,08-Jul-15,Air,Adult,120,0.16,SCMS from RDC,N/A - From RDC,731
86056,DN-3568,Generic,CÃte dIvoire,11-Apr-14,28-Apr-14,150/300/200mg,Tablet - FDC,No,See DN-3568 (ID#:82655),From RDC,"Lamivudine/Nevirapine/Zidovudine 150/200/300mg, tablets, 60 Tabs",1021.76,100000,826000.0,PMO - US,"Aurobindo Unit III, India",Lamivudine/Nevirapine/Zidovudine,8.26,N/A - From RDC,SO-46400,FPQ-12800,08-09-13,ARV,104-CI-T30,28-Mar-14,Truck,Adult,60,0.14,SCMS from RDC,N/A - From RDC,See DN-3568 (ID#:82655)
61306,ASN-11219,Uni-Gold,Zambia,19-Jul-11,19-Jul-11,MIssing,Test kit,Yes,15670.6,Direct Drop,"HIV 1/2, Uni-Gold HIV Kit, 20 Tests",184.8,3500,112000.0,PMO - US,"Trinity Biotech, Plc","HIV 1/2, Uni-Gold HIV Kit",32.0,4/20/11,SCMS-106730,FPQ-7439,04-01-11,HRDT,110-ZM-T30,19-Jul-11,Air,HIV test,20,1.6,"Trinity Biotech, Plc",EXW,1224
77910,ASN-24415,Generic,South Africa,06-Feb-14,06-Feb-14,150/300mg,Tablet - FDC,No,Freight Included in Commodity Cost,Direct Drop,"Lamivudine/Zidovudine 150/300mg, tablets, 60 Tabs",9.5,259,7677.85,PMO - US,"Cipla, Goa, India",Lamivudine/Zidovudine,29.64,12-02-13,SCMS-215370,FPQ-13035,10-08-13,ARV,116-ZA-T30,06-Feb-14,Truck,Adult,60,0.49,S. BUYS WHOLESALER,DDP,Weight Captured Separately
64903,ASN-33472,Invirase,South Africa,24-Jul-15,24-Jul-15,200mg,Capsule,No,Freight Included in Commodity Cost,Direct Drop,"Saquinavir 200mg [Invirase], capsules, 270 Caps",1.66,27,1611.22,PMO - US,Roche Madrid,Saquinavir,59.67,10-09-14,SCMS-259078,FPQ-14942,09-11-14,ARV,116-ZA-T30,24-Jul-15,Truck,Adult,270,0.22,PHARMACY DIRECT,DDP,Weight Captured Separately
83509,DN-2259,Generic,Ghana,15-Jul-11,15-Jul-11,300mg,Tablet,No,See DN-2259 (ID#:82958),From RDC,"Tenofovir Disoproxil Fumarate 300mg, tablets, 30 Tabs",22.35,2110,13546.2,PMO - US,Mylan (formerly Matrix) Nashik,Tenofovir Disoproxil Fumarate,6.42,N/A - From RDC,SO-39940,FPQ-7799,06-06-11,ARV,100-GH-T30,04-Jul-11,Air,Adult,30,0.21,SCMS from RDC,N/A - From RDC,See DN-2259 (ID#:82958)
11154,DN-304,Generic,Mozambique,21-Sep-07,21-Sep-07,200mg,Capsule,No,See DN-304 (ID#:10589),From RDC,"Efavirenz 200mg, capsule, 90 Caps",7.35,271,4593.45,PMO - US,"Aurobindo Unit III, India",Efavirenz,16.95,N/A - From RDC,SO-298,Pre-PQ Process,Pre-PQ Process,ARV,111-MZ-T01,21-Sep-07,Air,Pediatric,90,0.19,SCMS from RDC,N/A - From RDC,See DN-304 (ID#:10589)
83378,DN-1520,Generic,Uganda,25-Nov-09,25-Nov-09,150/200/30mg,Tablet - FDC,Yes,2450.89,From RDC,"Lamivudine/Nevirapine/Stavudine 150/200/30mg, tablets, 60 Tabs",24.15,1760,12320.0,PMO - US,"Strides, Bangalore, India.",Lamivudine/Nevirapine/Stavudine,7.0,N/A - From RDC,SO-34020,FPQ-4470,8/17/09,ARV,114-UG-T30,30-Nov-09,Air,Adult,60,0.12,SCMS from RDC,N/A - From RDC,133
11069,DN-1424,Generic,CÃte dIvoire,28-Sep-09,28-Sep-09,200mg,Tablet,Yes,7302.48,From RDC,"Nevirapine 200mg, tablets, 60 Tabs",49.63,8732,25322.8,PMO - US,Hetero Unit III Hyderabad IN,Nevirapine,2.9,N/A - From RDC,SO-33240,Pre-PQ Process,Date Not Captured,ARV,104-CI-T01,28-Sep-09,Air,Adult,60,0.05,SCMS from RDC,N/A - From RDC,485
84081,DN-2178,Generic,Zimbabwe,20-May-11,20-May-11,200mg,Delayed-release capsules,No,See DN-2178 (ID#:84080),From RDC,"Didanosine 200mg, delayed-release capsules, 30 Caps",1.07,45,495.0,PMO - US,"Aurobindo Unit III, India",Didanosine,11.0,N/A - From RDC,SO-39270,FPQ-6483,10/13/10,ARV,200-ZW-T30,04-Apr-11,Truck,Pediatric,30,0.37,SCMS from RDC,N/A - From RDC,See DN-2178 (ID#:84080)
10973,DN-687,Generic,Zimbabwe,30-Mar-08,30-Mar-08,150/200/30mg,Tablet - FDC,No,See DN-687 (ID#:10697),From RDC,"Lamivudine/Nevirapine/Stavudine 150/200/30mg, tablets, 60 Tabs",440.92,37240,275576.0,PMO - US,"Cipla, Goa, India",Lamivudine/Nevirapine/Stavudine,7.4,N/A - From RDC,SO-713,Pre-PQ Process,Pre-PQ Process,ARV,100-ZW-T01,30-Mar-08,Air,Adult,60,0.12,SCMS from RDC,N/A - From RDC,See DN-687 (ID#:10697)
68007,ASN-6752,Determine,Zimbabwe,20-May-10,20-May-10,MIssing,Test kit,Yes,18862.39,Direct Drop,"HIV 1/2, Determine Complete HIV Kit, 100 Tests",325.99,2100,151200.0,PMO - US,Inverness Japan,"HIV 1/2, Determine Complete HIV Kit",72.0,2/17/10,SCMS-65350,FPQ-5018,02-02-10,HRDT,100-ZW-T30,20-May-10,Air,HIV test,100,0.72,"Orgenics, Ltd",EXW,1016
83424,DN-1804,Generic,Nigeria,18-May-10,18-May-10,300/300mg,Tablet - FDC,Yes,9736.1,From RDC,"Lamivudine/Tenofovir Disoproxil Fumarate 300/300mg, tablets, 30 Tabs",492.13,22826,228260.0,PMO - US,Mylan (formerly Matrix) Nashik,Lamivudine/Tenofovir Disoproxil Fumarate,10.0,N/A - From RDC,SO-35082,FPQ-4537,11-06-09,ARV,151-NG-T30,31-May-10,Air Charter,Adult,30,0.33,SCMS from RDC,N/A - From RDC,2500
75202,ASN-28279,Uni-Gold,"Congo, DRC",04-Nov-14,20-Nov-14,MIssing,Test kit,No,See ASN-28279 (ID#:13547),Direct Drop,"HIV 1/2, Uni-Gold HIV Kit, 20 Tests",7.04,214,6848.0,PMO - US,"Trinity Biotech, Plc","HIV 1/2, Uni-Gold HIV Kit",32.0,8/27/14,SCMS-253260,FPQ-14654,08-11-14,HRDT,101-CD-T30,04-Nov-14,Air,HIV test,20,1.6,"Trinity Biotech, Plc",EXW,See ASN-28279 (ID#:13547)
83911,DN-4255,Generic,CÃte dIvoire,08-Jun-15,19-Jun-15,600mg,Tablet,Yes,49314.37,From RDC,"Efavirenz 600mg, tablets, 30 Tabs",55.07,14996,46787.52,PMO - US,"Cipla, Goa, India",Efavirenz,3.12,N/A - From RDC,SO-50100,FPQ-15259,10/24/14,ARV,104-CI-T30,19-Jun-15,Truck,Adult,30,0.1,SCMS from RDC,N/A - From RDC,33428
85429,DN-3471,Generic,CÃte dIvoire,17-Jan-14,23-Jan-14,300/300mg,Tablet - FDC,Yes,12924.8,From RDC,"Lamivudine/Tenofovir Disoproxil Fumarate 300/300mg, tablets, 30 Tabs",56.65,9744,45796.8,PMO - US,"Cipla, Kurkumbh, India",Lamivudine/Tenofovir Disoproxil Fumarate,4.7,N/A - From RDC,SO-46342,FPQ-12800,08-09-13,ARV,104-CI-T30,17-Jan-14,Air,Adult,30,0.16,SCMS from RDC,N/A - From RDC,989
11854,DN-592,Kaletra,Zambia,28-Dec-07,28-Dec-07,80/20mg/ml,Oral solution,Yes,Invoiced Separately,From RDC,"Lopinavir/Ritonavir 80/20mg/ml [Kaletra], oral solution, cool, Bottle 5 x 60 ml",49.06,746,30660.6,PMO - US,ABBVIE (Abbott) Logis. UK,Lopinavir/Ritonavir,41.1,N/A - From RDC,SO-1723,Pre-PQ Process,Pre-PQ Process,ARV,110-ZM-T01,28-Dec-07,Truck,Pediatric,300,0.14,SCMS from RDC,N/A - From RDC,Weight Captured Separately
31740,ASN-9486,Generic,South Africa,04-Mar-11,04-Mar-11,10mg/ml,Oral solution,No,See ASN-9486 (ID#:24187),Direct Drop,"Lamivudine 10mg/ml, oral solution w/syringe, Bottle, 240 ml",29.34,6736,13606.72,PMO - US,"Aurobindo Unit III, India",Lamivudine,2.02,9/24/10,SCMS-83830,FPQ-6262,8/31/10,ARV,161-ZA-T30,04-Mar-11,Ocean,Pediatric,240,0.01,Aurobindo Pharma Limited,DDP,See ASN-9486 (ID#:24187)
82799,DN-4250,Generic,Zambia,15-May-15,15-May-15,60/30mg,Tablet - FDC,Yes,4040.64,From RDC,"Abacavir/Lamivudine 60/30mg, tablets, 60 Tabs",135.25,33308,131566.6,PMO - US,Mylan (formerly Matrix) Nashik,Abacavir/Lamivudine,3.95,N/A - From RDC,SO-49601,FPQ-14784,08-12-14,ARV,110-ZM-T30,29-May-15,Truck,Pediatric,60,0.07,SCMS from RDC,N/A - From RDC,2803
12883,DN-1235,Generic,Ghana,12-Aug-09,12-Aug-09,300mg,Tablet,No,See DN-1235 (ID#:10769),From RDC,"Zidovudine 300mg, tablets, 60 Tabs",0.16,8346,83.46,PMO - US,"Aurobindo Unit III, India",Zidovudine,0.01,N/A - From RDC,SO-30700,Pre-PQ Process,Date Not Captured,ARV,100-GH-T01,12-Aug-09,Truck,Adult,60,0.0,SCMS from RDC,N/A - From RDC,See DN-1235 (ID#:10769)
38045,ASN-29615,Generic,Haiti,05-Jan-15,05-Jan-15,50mg,Chewable/dispersible tablet,Yes,1987.82,Direct Drop,"Nevirapine 50mg, dispersible tablets (tablets for oral suspension), 30 Tabs",2.72,2118,2647.5,PMO - US,"Aurobindo Unit III, India",Nevirapine,1.25,11/14/14,SCMS-258590,FPQ-14895,9/24/14,ARV,106-HT-T30,05-Jan-15,Air,Pediatric,30,0.04,Aurobindo Pharma Limited,EXW,134
83266,DN-3843,Generic,"Congo, DRC",24-Sep-14,06-Nov-14,200mg,Tablet,No,See DN-3843 (ID#:82707),From RDC,"Efavirenz 200mg, scored tablets, 90 Tabs",6.79,710,6603.0,PMO - US,"Strides, Bangalore, India.",Efavirenz,9.3,N/A - From RDC,SO-48850,FPQ-14252,05-07-14,ARV,101-CD-T30,13-Aug-14,Air,Pediatric,90,0.1,SCMS from RDC,N/A - From RDC,See DN-3843 (ID#:82707)
83824,DN-3830,Generic,Mozambique,15-Aug-14,25-Aug-14,300mg,Tablet,Yes,1138.29,From RDC,"Abacavir 300mg, tablets, 60 Tabs",125.46,10868,122047.64,PMO - US,Mylan (formerly Matrix) Nashik,Abacavir,11.23,N/A - From RDC,SO-47060,FPQ-13124,10/21/13,ARV,111-MZ-T30,29-Aug-14,Truck,Adult,60,0.19,SCMS from RDC,N/A - From RDC,1026
11654,DN-1282,Generic,Uganda,23-Jun-09,23-Jun-09,150/300mg,Tablet - FDC,Yes,3338.35,From RDC,"Lamivudine/Zidovudine 150/300mg, tablets, 60 Tabs",103.02,6000,52560.0,PMO - US,Mylan (formerly Matrix) Nashik,Lamivudine/Zidovudine,8.76,N/A - From RDC,SO-31450,Pre-PQ Process,Pre-PQ Process,ARV,114-UG-T01,23-Jun-09,Air,Adult,60,0.15,SCMS from RDC,N/A - From RDC,486
85837,DN-2580,Generic,Uganda,09-Mar-12,09-Mar-12,300/300mg,Tablet - FDC,Yes,3571.6,From RDC,"Lamivudine/Tenofovir Disoproxil Fumarate 300/300mg, tablets, 30 Tabs",58.04,5785,35172.8,PMO - US,Mylan (formerly Matrix) Nashik,Lamivudine/Tenofovir Disoproxil Fumarate,6.08,N/A - From RDC,SO-40942,FPQ-8522,10-05-11,ARV,114-UG-T30,30-Mar-12,Truck,Adult,30,0.2,SCMS from RDC,N/A - From RDC,460
10350,ASN-4018,Generic,South Africa,03-Apr-09,03-Apr-09,150mg,Tablet,No,Freight Included in Commodity Cost,Direct Drop,"Lamivudine 150mg, tablets, 60 Tabs",1.02,100,520.0,PMO - US,"Aurobindo Unit III, India",Lamivudine,5.2,3/13/09,SCMS-41100,Pre-PQ Process,Pre-PQ Process,ARV,116-ZA-T01,17-Jun-09,Air,Adult,60,0.09,S. BUYS WHOLESALER,DDP,Weight Captured Separately
11968,DN-1221,Generic,Haiti,22-May-09,22-May-09,10mg/ml,Oral solution,No,See DN-1221 (ID#:11636),From RDC,"Lamivudine 10mg/ml, oral solution, Bottle, 240 ml",8.73,2345,4455.5,PMO - US,"Aurobindo Unit III, India",Lamivudine,1.9,N/A - From RDC,SO-24840,Pre-PQ Process,Pre-PQ Process,ARV,106-HT-T01,22-May-09,Air,Pediatric,240,0.01,SCMS from RDC,N/A - From RDC,See DN-1221 (ID#:11636)
84083,DN-2183,Generic,Zambia,20-May-11,20-May-11,150/300mg,Tablet - FDC,Yes,12049.4,From RDC,"Lamivudine/Zidovudine 150/300mg, tablets, 60 Tabs",2212.06,120000,1026000.0,PMO - US,"Aurobindo Unit III, India",Lamivudine/Zidovudine,8.55,N/A - From RDC,SO-38960,FPQ-6482,10/15/10,ARV,110-ZM-T30,30-Apr-11,Truck,Adult,60,0.14,SCMS from RDC,N/A - From RDC,11057
7837,ASN-4420,Generic,Vietnam,10-Jul-09,10-Jul-09,150mg,Tablet,No,See ASN-4420 (ID#:1183),Direct Drop,"Lamivudine 150mg, tablets, 60 Tabs",84.67,18000,43200.0,PMO - US,"Aurobindo Unit III, India",Lamivudine,2.4,4/29/09,SCMS-45080,Pre-PQ Process,Pre-PQ Process,ARV,108-VN-T01,10-Jul-09,Air,Adult,60,0.04,Aurobindo Pharma Limited,EXW,See ASN-4420 (ID#:1183)
85555,DN-4113,Generic,Zimbabwe,04-Feb-15,16-Feb-15,600/300mg,Tablet - FDC,Yes,1955.17,From RDC,"Abacavir/Lamivudine 600/300mg, tablets, 30 Tabs",276.15,19913,268626.37,PMO - US,"Cipla, Patalganga, India",Abacavir/Lamivudine,13.49,N/A - From RDC,SO-48490,FPQ-13991,04-01-14,ARV,102-ZW-T30,16-Feb-15,Truck,Adult,30,0.45,SCMS from RDC,N/A - From RDC,1828
22176,ASN-31854,Generic,South Africa,28-Apr-15,28-Apr-15,50mg,Capsule,No,Freight Included in Commodity Cost,Direct Drop,"Efavirenz 50mg, capsule, 30 Caps",0.05,15,45.09,PMO - US,"Aurobindo Unit III, India",Efavirenz,3.01,4/28/15,SCMS-238556,FPQ-13973,4/30/14,ARV,116-ZA-T30,28-Apr-15,Truck,Pediatric,30,0.1,PHARMACY DIRECT,DDP,Weight Captured Separately
86367,DN-2105,Generic,CÃte dIvoire,22-Feb-11,22-Feb-11,10mg/ml,Oral suspension,Yes,8758.36,From RDC,"Nevirapine 10mg/ml, oral suspension w/syringe, Bottle, 240 ml",8.76,2084,4063.8,PMO - US,"Aurobindo Unit III, India",Nevirapine,1.95,N/A - From RDC,SO-38090,FPQ-5925,6/23/10,ARV,104-CI-T30,16-Feb-11,Air,Pediatric,240,0.01,SCMS from RDC,N/A - From RDC,794
12199,DN-678,Determine,Botswana,25-Mar-08,25-Mar-08,MIssing,Test kit,Yes,1220.73,From RDC,"HIV 1/2, Determine HIV Kit, without Lancets, 100 Tests",23.04,200,14398.0,PMO - US,Inverness Japan,"HIV 1/2, Determine HIV Kit, without Lancets",71.99,N/A - From RDC,SO-2041,Pre-PQ Process,Pre-PQ Process,HRDT,102-BW-T01,25-Mar-08,Truck,HIV test,100,0.72,SCMS from RDC,N/A - From RDC,1693
85066,DN-1452,Generic,Nigeria,20-Oct-09,20-Oct-09,150mg,Tablet,No,See DN-1452 (ID#:82272),From RDC,"Lamivudine 150mg, tablets, 60 Tabs",0.3,63,153.72,PMO - US,"Aurobindo Unit III, India",Lamivudine,2.44,N/A - From RDC,SO-32260,FPQ-3815,5/26/09,ARV,154-NG-T30,30-Oct-09,Air Charter,Adult,60,0.04,SCMS from RDC,N/A - From RDC,See DN-1452 (ID#:82272)
82418,DN-2423,Generic,Zambia,28-Nov-11,28-Nov-11,10mg/ml,Oral suspension,Yes,4075.1,From RDC,"Nevirapine 10mg/ml, oral suspension w/syringe, Bottle, 240 ml",41.38,12861,25078.95,PMO - US,"Aurobindo Unit III, India",Nevirapine,1.95,N/A - From RDC,SO-40241,FPQ-7667,7/26/11,ARV,110-ZM-T30,10-Jan-12,Ocean,Pediatric,240,0.01,SCMS from RDC,N/A - From RDC,4836
12575,DN-1220,Generic,CÃte dIvoire,20-May-09,20-May-09,150/300mg,Tablet - FDC,Yes,4881.06,From RDC,"Lamivudine/Zidovudine 150/300mg, tablets, 60 Tabs",111.19,6476,56729.76,PMO - US,Mylan (formerly Matrix) Nashik,Lamivudine/Zidovudine,8.76,N/A - From RDC,SO-21883,Pre-PQ Process,Pre-PQ Process,ARV,104-CI-T01,20-May-09,Air,Adult,60,0.15,SCMS from RDC,N/A - From RDC,540
86187,DN-4197,Generic,"Congo, DRC",13-Jul-15,13-Jul-15,30/50/60mg,Chewable/dispersible tablet - FDC,No,See DN-4197 (ID#:85578),From RDC,"Lamivudine/Nevirapine/Zidovudine 30/50/60mg, dispersible tablets, 60 Tabs",18.45,4355,15678.0,PMO - US,Mylan (formerly Matrix) Nashik,Lamivudine/Nevirapine/Zidovudine,3.6,N/A - From RDC,SO-50890,FPQ-15787,1/26/15,ARV,101-CD-T30,01-Jul-15,Air,Pediatric,60,0.06,SCMS from RDC,N/A - From RDC,See DN-4197 (ID#:85578)
24865,ASN-7316,Generic,South Africa,24-Jun-10,24-Jun-10,300mg,Tablet,Yes,3296.57,Direct Drop,"Zidovudine 300mg, tablets, 60 Tabs",964.89,60234,447538.62,PMO - US,"Aurobindo Unit III, India",Zidovudine,7.43,3/19/10,SCMS-69010,FPQ-5303,3/18/10,ARV,161-ZA-T30,24-Jun-10,Air,Adult,60,0.12,Aurobindo Pharma Limited,DDP,3221
12454,DN-601,Generic,Mozambique,05-Apr-08,05-Apr-08,150/300/200mg,Tablet - FDC,No,See DN-601 (ID#:10651),From RDC,"Lamivudine/Nevirapine/Zidovudine 150/200/300mg, tablets, 60 Tabs",922.32,42700,576450.0,PMO - US,"Aurobindo Unit III, India",Lamivudine/Nevirapine/Zidovudine,13.5,N/A - From RDC,SO-1039,Pre-PQ Process,Pre-PQ Process,ARV,111-MZ-T01,08-Apr-08,Air,Adult,60,0.22,SCMS from RDC,N/A - From RDC,See DN-601 (ID#:10651)
77136,ASN-19907,Kaletra,Tanzania,01-Aug-13,01-Aug-13,80/20mg/ml,Oral solution,Yes,4267.13,Direct Drop,"Lopinavir/Ritonavir 80/20mg/ml [Kaletra], oral solution, cool, Bottle 5 x 60 ml",16.58,435,13406.7,PMO - US,ABBVIE (Abbott) Logis. UK,Lopinavir/Ritonavir,30.82,05-08-13,SCMS-186900,FPQ-12050,04-12-13,ARV,109-TZ-T30,01-Aug-13,Air,Pediatric,300,0.1,ABBVIE LOGISTICS (FORMERLY ABBOTT LOGISTICS BV),FCA,470
84091,DN-2218,Generic,Nigeria,05-Jul-11,05-Jul-11,200mg,Tablet,Yes,13398.06,From RDC,"Nevirapine 200mg, tablets, 60 Tabs",64.23,15508,38925.08,PMO - US,"Strides, Bangalore, India.",Nevirapine,2.51,N/A - From RDC,SO-39620,FPQ-7217,2/21/11,ARV,151-NG-T30,15-Jun-11,Air Charter,Adult,60,0.04,SCMS from RDC,N/A - From RDC,1107
51432,ASN-27606,Generic,South Africa,05-Aug-14,05-Aug-14,150mg,Tablet,No,Freight Included in Commodity Cost,Direct Drop,"Lamivudine 150mg, tablets, 60 Tabs",0.69,73,667.44,PMO - US,"Aurobindo Unit III, India",Lamivudine,9.14,08-05-14,SCMS-238552,FPQ-13973,4/30/14,ARV,116-ZA-T30,05-Aug-14,Truck,Adult,60,0.15,PHARMACY DIRECT,DDP,Weight Captured Separately
86373,DN-2145,Generic,Uganda,01-Apr-11,01-Apr-11,200mg,Tablet,Yes,5596.5,From RDC,"Nevirapine 200mg, tablets, 60 Tabs",4.14,972,2507.76,PMO - US,"Strides, Bangalore, India.",Nevirapine,2.58,N/A - From RDC,SO-37970,FPQ-6614,10/31/10,ARV,114-UG-T30,05-Apr-11,Air,Adult,60,0.04,SCMS from RDC,N/A - From RDC,58
57016,ASN-24432,Generic,CÃte dIvoire,27-Feb-14,26-Mar-14,100mg,Capsule,No,See ASN-24432 (ID#:40680),Direct Drop,"Zidovudine 100mg, capsules, 100 Caps",2.23,400,1800.0,PMO - US,"Aurobindo Unit III, India",Zidovudine,4.5,9/17/13,SCMS-206570,FPQ-12806,08-09-13,ARV,104-CI-T30,27-Feb-14,Air,Pediatric,100,0.04,Aurobindo Pharma Limited,EXW,See ASN-24432 (ID#:40680)
84296,DN-3347,Generic,Tanzania,04-Nov-13,06-Nov-13,10mg/ml,Oral suspension,No,See DN-3347 (ID#:82611),From RDC,"Nevirapine 10mg/ml, oral suspension w/syringe, Bottle, 100 ml",90.92,56540,73502.0,PMO - US,"Aurobindo Unit III, India",Nevirapine,1.3,N/A - From RDC,SO-44980,FPQ-12015,04-02-13,ARV,109-TZ-T30,31-Oct-13,Truck,Pediatric,100,0.01,SCMS from RDC,N/A - From RDC,See DN-3347 (ID#:82611)
86193,DN-4238,Generic,Rwanda,05-May-15,06-May-15,200mg,Tablet,Yes,Invoiced Separately,From RDC,"Efavirenz 200mg, scored tablets, 90 Tabs",23.18,2118,19697.4,PMO - US,"Strides, Bangalore, India.",Efavirenz,9.3,N/A - From RDC,SO-50721,FPQ-15622,12/22/14,ARV,107-RW-T30,30-Jun-15,Truck,Pediatric,90,0.1,SCMS from RDC,N/A - From RDC,Weight Captured Separately
75913,ASN-27976,Generic,South Africa,27-Aug-14,27-Aug-14,300mg,Tablet,No,Freight Included in Commodity Cost,Direct Drop,"Zidovudine 300mg, tablets, 60 Tabs",0.65,19,528.69,PMO - US,"Aurobindo Unit III, India",Zidovudine,27.83,8/27/14,SCMS-199283,FPQ-12522,07-11-13,ARV,116-ZA-T30,27-Aug-14,Truck,Adult,60,0.46,S. BUYS WHOLESALER,DDP,Weight Captured Separately
84011,DN-1874,Generic,Uganda,22-Jul-10,22-Jul-10,600mg,Tablet,Yes,1017.15,From RDC,"Efavirenz 600mg, tablets, 30 Tabs",9.42,950,4370.0,PMO - US,Mylan (formerly Matrix) Nashik,Efavirenz,4.6,N/A - From RDC,SO-36180,FPQ-5239,03-02-10,ARV,114-UG-T30,28-Jul-10,Air,Adult,30,0.15,SCMS from RDC,N/A - From RDC,76
48102,ASN-33864,Prezista,South Africa,24-Aug-15,24-Aug-15,600mg,Tablet,Yes,Freight Included in Commodity Cost,Direct Drop,"Darunavir 600mg [Prezista], tablets, 60 Tabs",0.94,18,911.9,PMO - US,"Janssen-Cilag, Latina, IT",Darunavir,50.66,8/24/15,SCMS-295800,FPQ-14942,09-11-14,ARV,116-ZA-T30,24-Aug-15,Truck,Adult,60,0.84,PHARMACY DIRECT,DDP,Weight Captured Separately
82328,DN-1871,Generic,Haiti,30-Jun-10,30-Jun-10,30mg,Capsule,Yes,19372.86,From RDC,"Stavudine 30mg, capsules, 60 Caps",22.98,7560,10659.6,PMO - US,"Strides, Bangalore, India.",Stavudine,1.41,N/A - From RDC,SO-36800,FPQ-5523,4/19/10,ARV,106-HT-T30,12-Jul-10,Air,Adult,60,0.02,SCMS from RDC,N/A - From RDC,2027
6396,ASN-3634,Generic,South Africa,02-Dec-08,02-Dec-08,1mg/ml,Oral solution,No,Freight Included in Commodity Cost,Direct Drop,"Stavudine 1mg/ml, powder for oral solution, 200 ml",1.96,500,1000.0,PMO - US,"Aurobindo Unit III, India",Stavudine,2.0,Date Not Captured,SCMS-40810,Pre-PQ Process,Pre-PQ Process,ARV,116-ZA-T01,31-Mar-09,Air,Pediatric,200,0.01,S. BUYS WHOLESALER,DDP,Weight Captured Separately
15046,ASN-33852,Generic,South Africa,24-Aug-15,24-Aug-15,250mg,Delayed-release capsules,Yes,Freight Included in Commodity Cost,Direct Drop,"Didanosine 250mg, delayed-release capsules, 30 Caps",0.07,6,71.03,PMO - US,"Aurobindo Unit III, India",Didanosine,11.84,10-09-14,SCMS-259079,FPQ-14942,09-11-14,ARV,116-ZA-T30,24-Aug-15,Truck,Adult,30,0.39,PHARMACY DIRECT,DDP,Weight Captured Separately
12296,DN-1293,Generic,Uganda,29-Jun-09,29-Jun-09,150/300/200mg,Tablet - FDC,Yes,14569.14,From RDC,"Lamivudine/Nevirapine/Zidovudine 150/200/300mg, tablets, 60 Tabs",235,10372,119900.32,PMO - US,Mylan (formerly Matrix) Nashik,Lamivudine/Nevirapine/Zidovudine,11.56,N/A - From RDC,SO-26170,Pre-PQ Process,Pre-PQ Process,ARV,114-UG-T01,29-Jun-09,Air,Adult,60,0.19,SCMS from RDC,N/A - From RDC,1312
62256,ASN-33851,Generic,South Africa,24-Aug-15,24-Aug-15,400mg,Delayed-release capsules,No,Freight Included in Commodity Cost,Direct Drop,"Didanosine 400mg, delayed-release capsules, 30 Caps",0.14,9,137.45,PMO - US,"Aurobindo Unit III, India",Didanosine,15.27,10-09-14,SCMS-259079,FPQ-14942,09-11-14,ARV,116-ZA-T30,24-Aug-15,Truck,Adult,30,0.51,PHARMACY DIRECT,DDP,Weight Captured Separately
85381,DN-3255,Generic,Tanzania,11-Sep-13,11-Sep-13,60/30mg,Tablet - FDC,Yes,1506.5,From RDC,"Abacavir/Lamivudine 60/30mg, tablets, 60 Tabs",2.86,578,2312.0,PMO - US,Mylan (formerly Matrix) Nashik,Abacavir/Lamivudine,4.0,N/A - From RDC,SO-44992,FPQ-12015,04-02-13,ARV,109-TZ-T30,11-Sep-13,Truck,Pediatric,60,0.07,SCMS from RDC,N/A - From RDC,24
47025,ASN-6883,Generic,South Africa,01-Jun-10,01-Jun-10,600mg,Tablet,Yes,6105.79,Direct Drop,"Efavirenz 600mg, tablets, 30 Tabs",342.77,34044,158985.48,PMO - US,"Aurobindo Unit III, India",Efavirenz,4.67,3/19/10,SCMS-68860,FPQ-5303,3/18/10,ARV,161-ZA-T30,01-Jun-10,Air,Adult,30,0.16,Aurobindo Pharma Limited,DDP,2892
85386,DN-3268,Generic,"Congo, DRC",08-Feb-14,11-Mar-14,300mg,Tablet,No,See DN-3268 (ID#:82595),From RDC,"Abacavir 300mg, tablets, 60 Tabs",6.08,379,4911.84,PMO - US,Mylan (formerly Matrix) Nashik,Abacavir,12.96,N/A - From RDC,SO-45020,FPQ-12033,04-08-13,ARV,101-CD-T30,27-Aug-13,Air,Adult,60,0.22,SCMS from RDC,N/A - From RDC,See DN-3268 (ID#:82595)
84385,DN-3799,Generic,CÃte dIvoire,09-Jul-14,07-Aug-14,30/60mg,Tablet - FDC,Yes,2286.63,From RDC,"Lamivudine/Zidovudine 30/60mg, tablets, 60 Tabs",14.94,7303,14532.97,PMO - US,Mylan (formerly Matrix) Nashik,Lamivudine/Zidovudine,1.99,N/A - From RDC,SO-47870,FPQ-13628,1/29/14,ARV,104-CI-T30,15-Jul-14,Truck,Pediatric,60,0.03,SCMS from RDC,N/A - From RDC,277
85138,DN-1984,Generic,CÃte dIvoire,23-Aug-10,23-Aug-10,150/30mg,Tablet - FDC,No,See DN-1984 (ID#:83453),From RDC,"Lamivudine/Stavudine 150/30mg, tablets, 60 Tabs",3.12,441,1446.48,PMO - US,"Strides, Bangalore, India.",Lamivudine/Stavudine,3.28,N/A - From RDC,SO-36890,FPQ-5623,05-07-10,ARV,104-CI-T30,31-Aug-10,Air,Adult,60,0.05,SCMS from RDC,N/A - From RDC,See DN-1984 (ID#:83453)
84247,DN-3118,Generic,Burundi,23-May-13,23-May-13,200/50mg,Tablet,No,See DN-3118 (ID#:82569),From RDC,"Lopinavir/Ritonavir 200/50mg, tablets, 120 Tabs",7.35,240,5942.4,PMO - US,Mylan (formerly Matrix) Nashik,Lopinavir/Ritonavir,24.76,N/A - From RDC,SO-44670,FPQ-11661,2/20/13,ARV,102-BI-T30,31-May-13,Air,Adult,120,0.21,SCMS from RDC,N/A - From RDC,See DN-3118 (ID#:82569)
7244,ASN-2488,Generic,South Africa,08-Jul-08,08-Jul-08,200mg,Tablet,No,Freight Included in Commodity Cost,Direct Drop,"Nevirapine 200mg, tablets, 60 Tabs",3.89,120,2428.8,PMO - US,"Cipla, Goa, India",Nevirapine,20.24,Date Not Captured,SCMS-26820,Pre-PQ Process,Pre-PQ Process,ARV,116-ZA-T01,10-Jul-08,Truck,Adult,60,0.34,S. BUYS WHOLESALER,DDP,Weight Captured Separately
12593,DN-1286,Generic,Zambia,02-Jul-09,02-Jul-09,200mg,Capsule,Yes,2951.12,From RDC,"Efavirenz 200mg, capsule, 90 Caps",119.64,4000,61040.0,PMO - US,"Aurobindo Unit III, India",Efavirenz,15.26,N/A - From RDC,SO-31900,Pre-PQ Process,Date Not Captured,ARV,110-ZM-T01,02-Jul-09,Air,Pediatric,90,0.17,SCMS from RDC,N/A - From RDC,481
40373,ASN-9833,Uni-Gold,Tanzania,29-Mar-11,29-Mar-11,MIssing,Test kit,Yes,910.73,Direct Drop,"HIV 1/2, Uni-Gold HIV Kit, 20 Tests",1.58,30,960.0,PMO - US,"Trinity Biotech, Plc","HIV 1/2, Uni-Gold HIV Kit",32.0,02-02-11,SCMS-97130,FPQ-6925,12/27/10,HRDT,109-TZ-T30,29-Mar-11,Air,HIV test,20,1.6,"Trinity Biotech, Plc",EXW,10
63894,ASN-26833,Bioline,CÃte dIvoire,08-Jul-14,10-Jul-14,MIssing,Test kit,Yes,2033.62,Direct Drop,"HIV 1/2, Bioline 3.0 Kit, Lancets, Capillary pipets, Alcohol swabs included, 25 Tests",8.43,400,8200.0,PMO - US,"Standard Diagnostics, Korea","HIV 1/2, Bioline 3.0 Kit, Lancets, Capillary pipets, Alcohol swabs included",20.5,2/26/14,SCMS-228010,FPQ-13602,1/22/14,HRDT,104-CI-T30,08-Jul-14,Air,HIV test,25,0.82,"Standard Diagnostics, Inc.",EXW,125
11008,DN-1115,Generic,Zimbabwe,06-Apr-09,06-Apr-09,150/200/30mg,Tablet - FDC,Yes,37040.86,From RDC,"Lamivudine/Nevirapine/Stavudine 150/200/30mg, tablets, 60 Tabs",1102.3,76000,562400.0,PMO - US,"Cipla, Goa, India",Lamivudine/Nevirapine/Stavudine,7.4,N/A - From RDC,SO-18100,Pre-PQ Process,Pre-PQ Process,ARV,113-ZW-T01,06-Apr-09,Truck,Adult,60,0.12,SCMS from RDC,N/A - From RDC,8848
34960,ASN-12870,Bioline,Tanzania,20-Sep-11,20-Sep-11,MIssing,Test kit,Yes,Invoiced Separately,Direct Drop,"HIV 1/2, Bioline 3.0 Kit, Lancets, Capillary pipets, Alcohol swabs included, 25 Tests",330,10000,200000.0,PMO - US,"Standard Diagnostics, Korea","HIV 1/2, Bioline 3.0 Kit, Lancets, Capillary pipets, Alcohol swabs included",20.0,7/18/11,SCMS-114980,FPQ-7909,6/24/11,HRDT,109-TZ-T30,29-Sep-11,Air,HIV test,25,0.8,"Standard Diagnostics, Inc.",EXW,Weight Captured Separately
12025,DN-16,Generic,CÃte dIvoire,22-Feb-07,22-Feb-07,600mg,Tablet,No,See DN-16 (ID#:10540),From RDC,"Efavirenz 600mg, tablets, 30 Tabs",MIssing,495,8043.75,PMO - US,"Aurobindo Unit III, India",Efavirenz,16.25,N/A - From RDC,SO-283,Pre-PQ Process,Pre-PQ Process,ARV,100-CI-T01,22-Feb-07,MIssing,Adult,30,0.54,SCMS from RDC,N/A - From RDC,See DN-16 (ID#:10540)
59046,ASN-9489,Generic,South Africa,29-Mar-11,29-Mar-11,10mg/ml,Oral solution,Yes,17060.14,Direct Drop,"Lamivudine 10mg/ml, oral solution w/syringe, Bottle, 240 ml",205.68,45000,95400.0,PMO - US,"Aurobindo Unit III, India",Lamivudine,2.12,6/17/10,SCMS-75830,FPQ-5648,06-02-10,ARV,161-ZA-T30,29-Mar-11,Ocean,Pediatric,240,0.01,Aurobindo Pharma Limited,DDP,16260
83832,DN-3850,Generic,CÃte dIvoire,18-Aug-14,05-Sep-14,600mg,Tablet,Yes,7481.81,From RDC,"Efavirenz 600mg, tablets, 30 Tabs",134.13,29804,95670.84,PMO - US,"Strides, Bangalore, India.",Efavirenz,3.21,N/A - From RDC,SO-43360,FPQ-10633,09-11-12,ARV,104-CI-T30,29-Aug-14,Truck,Adult,30,0.11,SCMS from RDC,N/A - From RDC,1766
81077,ASN-30320,Generic,Vietnam,10-Mar-15,10-Mar-15,200mg,Tablet,No,See ASN-30320 (ID#:53759),Direct Drop,"Nevirapine 200mg, tablets, 60 Tabs",10.93,4300,9288.0,PMO - US,Hetero Unit III Hyderabad IN,Nevirapine,2.16,10/30/14,SCMS-261440,FPQ-15087,10/24/14,ARV,108-VN-T30,10-Mar-15,Air,Adult,60,0.04,HETERO LABS LIMITED,EXW,See ASN-30320 (ID#:53759)
39263,ASN-9408,Generic,Vietnam,16-Feb-11,16-Feb-11,200mg,Tablet,Yes,18473.57,Direct Drop,"Nevirapine 200mg, tablets, 60 Tabs",47.27,9023,21925.89,PMO - US,Hetero Unit III Hyderabad IN,Nevirapine,2.43,10/18/10,SCMS-87780,FPQ-6384,9/30/10,ARV,108-VN-T30,16-Feb-11,Air,Adult,60,0.04,HETERO LABS LIMITED,EXW,5359
34164,ASN-11528,Determine,Swaziland,08-Aug-11,08-Aug-11,MIssing,Test kit,No,See ASN-11528 (ID#:29347),Direct Drop,"HIV 1/2, Determine Complete HIV Kit, 100 Tests",11.88,90,7200.0,PMO - US,Inverness Japan,"HIV 1/2, Determine Complete HIV Kit",80.0,6/17/11,SCMS-109450,FPQ-7281,3/28/11,HRDT,102-SZ-T30,08-Aug-11,Air,HIV test,100,0.8,"Orgenics, Ltd",EXW,See ASN-11528 (ID#:29347)
10781,DN-1315,Generic,CÃte dIvoire,14-Jul-09,14-Jul-09,150/300mg,Tablet - FDC,Yes,6111.21,From RDC,"Lamivudine/Zidovudine 150/300mg, tablets, 60 Tabs",188.21,10962,96027.12,PMO - US,"Aurobindo Unit III, India",Lamivudine/Zidovudine,8.76,N/A - From RDC,SO-27540,Pre-PQ Process,Date Not Captured,ARV,104-CI-T01,14-Jul-09,Air,Adult,60,0.15,SCMS from RDC,N/A - From RDC,2634
45150,ASN-19143,Determine,South Sudan,16-Aug-13,16-Aug-13,MIssing,Test kit - Ancillary,No,See ASN-19143 (ID#:26345),Direct Drop,"Chase Buffer, Determine, 100 Tests, 2.5ml x 1 Vial",0.72,116,580.0,PMO - US,"Alere Medical Co., Ltd.","Chase Buffer, Determine, 100 Tests, 2.5ml x 1 Vial",5.0,2/27/13,SCMS-178030,FPQ-11623,02-08-13,HRDT,900-SS-T30,16-Aug-13,Air,HIV test - Ancillary,1,5.0,"Orgenics, Ltd",EXW,See ASN-19143 (ID#:26345)
47546,ASN-19780,Generic,Nigeria,23-Jul-13,23-Jul-13,100/25mg,Tablet,Yes,5506.01,Direct Drop,"Lopinavir/Ritonavir 100/25mg [Aluvia], tablets, 60 Tabs",39.38,5360,31838.4,PMO - US,ABBVIE Ludwigshafen Germany,Lopinavir/Ritonavir,5.94,4/19/13,SCMS-185370,FPQ-11880,3/20/13,ARV,151-NG-T30,23-Jul-13,Air,Pediatric,60,0.1,ABBVIE LOGISTICS (FORMERLY ABBOTT LOGISTICS BV),FCA,619
10643,DN-484,Generic,Zambia,07-Dec-07,07-Dec-07,150/200/30mg,Tablet - FDC,Yes,5780.2,From RDC,"Lamivudine/Nevirapine/Stavudine 150/200/30mg, tablets, 60 Tabs",166.38,14052,103984.8,PMO - US,"Cipla, Goa, India",Lamivudine/Nevirapine/Stavudine,7.4,N/A - From RDC,SO-1309,Pre-PQ Process,Pre-PQ Process,ARV,110-ZM-T01,07-Dec-07,MIssing,Adult,60,0.12,SCMS from RDC,N/A - From RDC,1420
21795,ASN-6191,Generic,Vietnam,13-Mar-10,13-Mar-10,150/200/30mg,Tablet - FDC,Yes,6390.83,Direct Drop,"Lamivudine/Nevirapine/Stavudine 150/200/30mg, tablets, 60 Tabs",186.13,15040,86329.6,PMO - US,"Cipla, Goa, India",Lamivudine/Nevirapine/Stavudine,5.74,01-12-10,SCMS-62480,FPQ-4720,01-04-09,ARV,108-VN-T30,13-Mar-10,Air,Adult,60,0.1,CIPLA LIMITED,EXW,1481
31177,ASN-16134,Stat-Pak,Ethiopia,05-Sep-12,05-Sep-12,MIssing,Test kit,Yes,218.75,Direct Drop,"HIV 1/2, Stat-Pak HIV, Kit, 20 Tests",1.79,44,1276.0,PMO - US,Chembio Diagnostics Sys. Inc.,"HIV 1/2, Stat-Pak HIV, Kit",29.0,1/23/12,SCMS-133380,FPQ-9096,01-05-12,HRDT,117-ET-T30,05-Sep-12,Air,HIV test,20,1.45,"CHEMBIO DIAGNOSTIC SYSTEMS, INC.",EXW,15
84003,DN-1832,Generic,Mozambique,14-Jun-10,14-Jun-10,150/300/200mg,Tablet - FDC,No,See DN-1832 (ID#:82321),From RDC,"Lamivudine/Nevirapine/Zidovudine 150/200/300mg, tablets, 60 Tabs",1112.75,46000,516120.0,PMO - US,Mylan (formerly Matrix) Nashik,Lamivudine/Nevirapine/Zidovudine,11.22,N/A - From RDC,SO-35730,FPQ-4711,12/23/09,ARV,111-MZ-T30,30-Jun-10,Truck,Adult,60,0.19,SCMS from RDC,N/A - From RDC,See DN-1832 (ID#:82321)
26841,ASN-6688,Norvir,Mozambique,20-Apr-10,20-Apr-10,100mg,Capsule,Yes,Freight Included in Commodity Cost,Direct Drop,"Ritonavir 100mg [Norvir], capsules, cool, 84 Caps",13.84,620,6417.0,PMO - US,ABBVIE (Abbott) Logis. UK,Ritonavir,10.35,1/25/10,SCMS-62330,FPQ-4740,12/23/09,ARV,111-MZ-T30,20-Apr-10,Air,Adult,84,0.12,INTERNATIONAL HEALTHCARE DISTRIBUTORS,CIP,Weight Captured Separately
84156,DN-2601,Generic,CÃte dIvoire,19-Apr-12,19-Apr-12,150/300/200mg,Tablet - FDC,Yes,22878.26,From RDC,"Lamivudine/Nevirapine/Zidovudine 150/200/300mg, tablets, 60 Tabs",1388.48,75000,841500.0,PMO - US,Mylan (formerly Matrix) Nashik,Lamivudine/Nevirapine/Zidovudine,11.22,N/A - From RDC,SO-40822,FPQ-8363,8/29/11,ARV,104-CI-T30,19-Apr-12,Truck,Adult,60,0.19,SCMS from RDC,N/A - From RDC,10746
15726,ASN-15729,Generic,Rwanda,07-Aug-12,07-Aug-12,300mg,Tablet,Yes,27894.81,Direct Drop,"Abacavir 300mg, tablets, 60 Tabs",814.79,46530,581159.7,PMO - US,Mylan (formerly Matrix) Nashik,Abacavir,12.49,5/31/12,SCMS-137552,FPQ-9168,1/13/12,ARV,107-RW-T30,07-Aug-12,Air,Adult,60,0.21,MYLAN LABORATORIES LTD (FORMERLY MATRIX LABORATORIES),EXW,4810
82364,DN-2083,Generic,Uganda,17-Jan-11,17-Jan-11,150/300/200mg,Tablet - FDC,Yes,2768.96,From RDC,"Lamivudine/Nevirapine/Zidovudine 150/200/300mg, tablets, 60 Tabs",77.31,4176,46854.72,PMO - US,"Aurobindo Unit III, India",Lamivudine/Nevirapine/Zidovudine,11.22,N/A - From RDC,SO-38140,FPQ-6614,10/31/10,ARV,114-UG-T30,08-Feb-11,Air,Adult,60,0.19,SCMS from RDC,N/A - From RDC,567
41623,ASN-9947,Generic,South Africa,26-Apr-11,26-Apr-11,600mg,Tablet,Yes,11203.79,Direct Drop,"Efavirenz 600mg, tablets, 30 Tabs",982.44,100591,455677.23,PMO - US,"Aurobindo Unit III, India",Efavirenz,4.53,9/24/10,SCMS-83730,FPQ-6262,8/31/10,ARV,161-ZA-T30,26-Apr-11,Ocean,Adult,30,0.15,Aurobindo Pharma Limited,DDP,8635
3313,ASN-2641,Generic,Zambia,20-Oct-08,20-Oct-08,MIssing,Test kit - Ancillary,No,See ASN-2641 (ID#:670),Direct Drop,"HIV, Lancet, Safety, for HIV Test kits, 100 Pcs",0.09,4500,45.0,PMO - US,Inverness Japan,"HIV, Lancet, Safety, for HIV Test kits, 100 Pcs",0.01,7/31/08,SCMS-27790,Pre-PQ Process,Pre-PQ Process,HRDT,110-ZM-T01,20-Oct-08,Air,HIV test - Ancillary,100,0.0,"Orgenics, Ltd",EXW,See ASN-2641 (ID#:670)
52736,ASN-26460,Generic,Ghana,17-Jul-14,17-Jul-14,600mg,Tablet,Yes,22734.92,Direct Drop,"Efavirenz 600mg, tablets, 30 Tabs",156.48,47716,152214.04,PMO - US,"Strides, Bangalore, India.",Efavirenz,3.19,4/23/14,SCMS-235800,FPQ-13872,3/24/14,ARV,105-GH-T30,17-Jul-14,Air,Adult,30,0.11,STRIDES ARCOLAB LIMITED,EXW,3077
86352,DN-2053,Generic,Zambia,03-Dec-10,03-Dec-10,200/300mg,Tablet - FDC,No,See DN-2053 (ID#:85164),From RDC,"Emtricitabine/Tenofovir Disoproxil Fumarate 200/300mg, tablets, 30 Tabs",1505.95,59446,698490.5,PMO - US,Mylan (formerly Matrix) Nashik,Emtricitabine/Tenofovir Disoproxil Fumarate,11.75,N/A - From RDC,SO-36851,FPQ-5702,5/20/10,ARV,110-ZM-T30,26-Nov-10,Truck,Adult,30,0.39,SCMS from RDC,N/A - From RDC,See DN-2053 (ID#:85164)
56301,ASN-27933,Generic,"Congo, DRC",10-Nov-14,13-Nov-14,50mg,Chewable/dispersible tablet,No,See ASN-27933 (ID#:22761),Direct Drop,"Nevirapine 50mg, dispersible tablets (tablets for oral suspension), 30 Tabs",0.57,440,550.0,PMO - US,"Aurobindo Unit III, India",Nevirapine,1.25,7/18/14,SCMS-249220,FPQ-14584,7/16/14,ARV,101-CD-T30,10-Nov-14,Air,Pediatric,30,0.04,Aurobindo Pharma Limited,EXW,See ASN-27933 (ID#:22761)
8616,ASN-2378,Generic,Haiti,29-Sep-08,29-Sep-08,100/25mg,Tablet,Yes,658.68,Direct Drop,"Lopinavir/Ritonavir 100/25mg [Aluvia], tablets, 60 Tabs",0.33,20,205.6,PMO - US,ABBVIE Ludwigshafen Germany,Lopinavir/Ritonavir,10.28,08-05-08,SCMS-27880,Pre-PQ Process,Pre-PQ Process,ARV,106-HT-T01,29-Sep-08,Air,Pediatric,60,0.17,ABBVIE LOGISTICS (FORMERLY ABBOTT LOGISTICS BV),FCA,19
54965,ASN-8590,Determine,Kenya,12-Nov-10,12-Nov-10,MIssing,Test kit,Yes,13753.58,Direct Drop,"HIV 1/2, Determine Complete HIV Kit, 100 Tests",0.19,1,89.0,PMO - US,Inverness Japan,"HIV 1/2, Determine Complete HIV Kit",89.0,8/27/10,SCMS-80820,FPQ-6114,7/23/10,HRDT,102-KE-T30,12-Nov-10,Air,HIV test,100,0.89,"Orgenics, Ltd",EXW,1233
85319,DN-2953,Generic,Uganda,02-Feb-13,02-Feb-13,150mg,Tablet,Yes,2005.48,From RDC,"Lamivudine 150mg, tablets, 60 Tabs",6.45,2131,4602.96,PMO - US,Hetero Unit III Hyderabad IN,Lamivudine,2.16,N/A - From RDC,SO-43500,FPQ-10780,10-10-12,ARV,114-UG-T30,02-Feb-13,Air,Adult,60,0.04,SCMS from RDC,N/A - From RDC,117
86669,DN-3626,Generic,Guyana,14-Apr-14,06-Jun-14,150/300mg,Tablet - FDC,No,See DN-3626 (ID#:83781),From RDC,"Lamivudine/Zidovudine 150/300mg, tablets, 60 Tabs",2.03,293,1971.89,PMO - US,Mylan (formerly Matrix) Nashik,Lamivudine/Zidovudine,6.73,N/A - From RDC,SO-47730,FPQ-13567,1/16/14,ARV,105-GY-T30,30-Jun-14,Air,Adult,60,0.11,SCMS from RDC,N/A - From RDC,See DN-3626 (ID#:83781)
24123,ASN-26314,Generic,Zimbabwe,24-Jun-14,25-Jun-14,100/25mg,Tablet,Yes,13330.73,Direct Drop,"Lopinavir/Ritonavir 100/25mg [Aluvia], tablets, 60 Tabs",59.05,9670,57439.8,PMO - US,ABBVIE Ludwigshafen Germany,Lopinavir/Ritonavir,5.94,11/28/13,SCMS-216230,FPQ-13325,11/26/13,ARV,103-ZW-T30,24-Jun-14,Air,Pediatric,60,0.1,ABBVIE LOGISTICS (FORMERLY ABBOTT LOGISTICS BV),FCA,1128
9487,ASN-1085,Capillus,Rwanda,18-Jan-08,18-Jan-08,MIssing,Test kit,Yes,4360.83,Direct Drop,"HIV 1/2, Capillus HIV Kit, 100 Tests",102.97,463,64357.0,PMO - US,"Trinity Biotech, Plc","HIV 1/2, Capillus HIV Kit",139.0,11/19/07,SCMS-14150,Pre-PQ Process,Pre-PQ Process,HRDT,107-RW-T01,18-Jan-08,Air,HIV test,100,1.39,"Trinity Biotech, Plc",EXW,450
82756,DN-4024,Generic,CÃte dIvoire,11-Feb-15,16-Feb-15,10mg/ml,Oral solution,Yes,39599.1,From RDC,"Zidovudine 10mg/ml, oral solution w/syringe, Bottle, 240 ml",8.18,4000,7960.0,PMO - US,"Aurobindo Unit III, India",Zidovudine,1.99,N/A - From RDC,SO-47912,FPQ-13628,1/29/14,ARV,104-CI-T30,30-Jan-15,Truck,Pediatric,240,0.01,SCMS from RDC,N/A - From RDC,10413
44068,ASN-30554,Generic,Vietnam,23-Mar-15,23-Mar-15,600/300/300mg,Tablet - FDC,Yes,4219.32,Direct Drop,"Efavirenz/Lamivudine/Tenofovir Disoproxil Fumarate 600/300/300mg, tablets, 30 Tabs",223.12,21384,217047.6,PMO - US,Mylan (formerly Matrix) Nashik,Efavirenz/Lamivudine/Tenofovir Disoproxil Fumarate,10.15,12-08-14,SCMS-263650,FPQ-15040,10/30/14,ARV,108-VN-T30,23-Mar-15,Air,Adult,30,0.34,MYLAN LABORATORIES LTD (FORMERLY MATRIX LABORATORIES),EXW,2406
84599,DN-2035,Generic,CÃte dIvoire,26-Nov-10,26-Nov-10,20mg,Capsule,No,See DN-2035 (ID#:82356),From RDC,"Stavudine 20mg, capsules, 60 Caps",7.86,2551,3647.93,PMO - US,"Aurobindo Unit III, India",Stavudine,1.43,N/A - From RDC,SO-37150,FPQ-5925,6/23/10,ARV,104-CI-T30,30-Nov-10,Truck,Adult,60,0.02,SCMS from RDC,N/A - From RDC,See DN-2035 (ID#:82356)
86668,DN-3614,Generic,Tanzania,07-May-14,13-Jun-14,300mg,Tablet,Yes,2352.53,From RDC,"Abacavir 300mg, tablets, 60 Tabs",379.14,27293,306500.39,PMO - US,Mylan (formerly Matrix) Nashik,Abacavir,11.23,N/A - From RDC,SO-46673,FPQ-13042,10-01-13,ARV,109-TZ-T30,30-Apr-14,Truck,Adult,60,0.19,SCMS from RDC,N/A - From RDC,2525
86461,DN-2596,Generic,Uganda,03-Apr-12,03-Apr-12,600mg,Tablet,Yes,1494.6,From RDC,"Efavirenz 600mg, tablets, 30 Tabs",6.64,1150,4738.0,PMO - US,"Strides, Bangalore, India.",Efavirenz,4.12,N/A - From RDC,SO-41521,FPQ-9321,02-10-12,ARV,114-UG-T30,24-Apr-12,Truck,Adult,30,0.14,SCMS from RDC,N/A - From RDC,70
82549,DN-3030,Generic,Zimbabwe,14-Mar-13,14-Mar-13,150/300/200mg,Tablet - FDC,Yes,9405.81,From RDC,"Lamivudine/Nevirapine/Zidovudine 150/200/300mg, tablets, 60 Tabs",181.88,15120,129729.6,PMO - US,"Aurobindo Unit III, India",Lamivudine/Nevirapine/Zidovudine,8.58,N/A - From RDC,SO-43210,FPQ-10632,09-11-12,ARV,113-ZW-T30,14-Mar-13,Truck,Adult,60,0.14,SCMS from RDC,N/A - From RDC,23677
12742,DN-458,Generic,Haiti,05-Dec-07,05-Dec-07,100mg,Capsule,No,See DN-458 (ID#:11814),From RDC,"Zidovudine 100mg, capsules, 100 Caps",4.22,480,2635.2,PMO - US,"Aurobindo Unit III, India",Zidovudine,5.49,N/A - From RDC,SO-1286,Pre-PQ Process,Pre-PQ Process,ARV,106-HT-T01,05-Dec-07,Air,Pediatric,100,0.05,SCMS from RDC,N/A - From RDC,See DN-458 (ID#:11814)
46625,ASN-8234,Bioline,Sudan,01-Nov-10,01-Nov-10,MIssing,Test kit,Yes,1539.55,Direct Drop,"HIV 1/2, Bioline 3.0 Kit, Lancets, Capillary pipets, Alcohol swabs included, 25 Tests",1.03,24,480.0,PMO - US,"Standard Diagnostics, Korea","HIV 1/2, Bioline 3.0 Kit, Lancets, Capillary pipets, Alcohol swabs included",20.0,8/19/10,SCMS-81720,FPQ-6171,08-05-10,HRDT,102-SD-T30,01-Nov-10,Air,HIV test,25,0.8,"Standard Diagnostics, Inc.",EXW,75
10923,DN-528,Generic,Ethiopia,20-Dec-07,20-Dec-07,10mg/ml,Oral solution,Yes,2511.67,From RDC,"Zidovudine 10mg/ml, oral solution, Bottle, 240 ml",6.63,1926,4140.9,PMO - US,"Aurobindo Unit III, India",Zidovudine,2.15,N/A - From RDC,SO-1533,Pre-PQ Process,Pre-PQ Process,ARV,117-ET-T01,20-Dec-07,Air,Pediatric,240,0.01,SCMS from RDC,N/A - From RDC,807
74288,ASN-29386,Generic,Vietnam,19-Dec-14,19-Dec-14,600mg,Tablet,No,See ASN-29386 (ID#:42295),Direct Drop,"Efavirenz 600mg, tablets, 30 Tabs",35.98,10000,35000.0,PMO - US,Hetero Unit III Hyderabad IN,Efavirenz,3.5,08-11-14,SCMS-251680,FPQ-14516,07-09-14,ARV,108-VN-T30,19-Dec-14,Air,Adult,30,0.12,HETERO LABS LIMITED,EXW,See ASN-29386 (ID#:42295)
85080,DN-1596,Generic,Uganda,15-Jan-10,15-Jan-10,300/300mg,Tablet - FDC,Yes,2990.92,From RDC,"Lamivudine/Tenofovir Disoproxil Fumarate 300/300mg, tablets, 30 Tabs",43.12,2000,20000.0,PMO - US,Mylan (formerly Matrix) Nashik,Lamivudine/Tenofovir Disoproxil Fumarate,10.0,N/A - From RDC,SO-34960,FPQ-4495,10/28/09,ARV,114-UG-T30,15-Feb-10,Air,Adult,30,0.33,SCMS from RDC,N/A - From RDC,168
67023,ASN-29130,Generic,Guyana,10-Dec-14,16-Dec-14,200/300mg,Tablet - FDC,Yes,2531.62,Direct Drop,"Emtricitabine/Tenofovir Disoproxil Fumarate 200/300mg, tablets, 30 Tabs",12.5,2175,12158.25,PMO - US,Hetero Unit III Hyderabad IN,Emtricitabine/Tenofovir Disoproxil Fumarate,5.59,09-12-14,SCMS-256490,FPQ-14659,7/29/14,ARV,105-GY-T30,10-Dec-14,Air,Adult,30,0.19,HETERO LABS LIMITED,EXW,252
12139,DN-478,Crixivan,CÃte dIvoire,10-Dec-07,10-Dec-07,400mg,Capsule,No,See DN-478 (ID#:10645),From RDC,"Indinavir 400mg [Crixivan], capsules, 180 Caps",196,2450,122500.0,PMO - US,"MSD, Haarlem, NL",Indinavir,50.0,N/A - From RDC,SO-1408,Pre-PQ Process,Pre-PQ Process,ARV,104-CI-T01,10-Dec-07,Air,Adult,180,0.28,SCMS from RDC,N/A - From RDC,See DN-478 (ID#:10645)
86404,DN-2324,Generic,Zimbabwe,19-Sep-11,19-Sep-11,600mg,Tablet,No,See DN-2324 (ID#:83526),From RDC,"Efavirenz 600mg, tablets, 30 Tabs",44.51,6392,26974.24,PMO - US,Hetero Unit III Hyderabad IN,Efavirenz,4.22,N/A - From RDC,SO-38511,FPQ-7052,1/19/11,ARV,113-ZW-T30,30-Sep-11,Truck,Adult,30,0.14,SCMS from RDC,N/A - From RDC,See DN-2324 (ID#:83526)
83085,DN-2885,Generic,Rwanda,30-Oct-12,30-Oct-12,600/300/300mg,Tablet - FDC,No,See DN-2885 (ID#:82518),From RDC,"Efavirenz/Lamivudine/Tenofovir Disoproxil Fumarate 600/300/300mg, tablets, 30 Tabs",60.17,3234,42915.18,PMO - US,Mylan (formerly Matrix) Nashik,Efavirenz/Lamivudine/Tenofovir Disoproxil Fumarate,13.27,N/A - From RDC,SO-42430,FPQ-9969,5/25/12,ARV,107-RW-T30,31-Oct-12,Air,Adult,30,0.44,SCMS from RDC,N/A - From RDC,See DN-2885 (ID#:82518)
6932,ASN-1354,Stat-Pak,Nigeria,29-Feb-08,29-Feb-08,MIssing,Test kit,Yes,18750.2,Direct Drop,"HIV 1/2, Stat-Pak HIV, Kit, 20 Tests",405.22,9380,253260.0,PMO - US,Chembio Diagnostics Sys. Inc.,"HIV 1/2, Stat-Pak HIV, Kit",27.0,01-07-08,SCMS-16880,Pre-PQ Process,Pre-PQ Process,HRDT,102-NG-T01,21-Apr-08,Air,HIV test,20,1.35,"CHEMBIO DIAGNOSTIC SYSTEMS, INC.",EXW,3058
32398,ASN-24433,Generic,South Africa,07-Feb-14,07-Feb-14,300mg,Tablet,Yes,Freight Included in Commodity Cost,Direct Drop,"Tenofovir Disoproxil Fumarate 300mg, tablets, 30 Tabs",7.88,306,6369.4,PMO - US,Hetero Unit III Hyderabad IN,Tenofovir Disoproxil Fumarate,20.82,8/13/13,SCMS-199280,FPQ-12522,07-11-13,ARV,116-ZA-T30,07-Feb-14,Truck,Adult,30,0.69,S. BUYS WHOLESALER,DDP,Weight Captured Separately
85633,DN-1522,Generic,Uganda,30-Nov-09,30-Nov-09,150/300mg,Tablet - FDC,No,See DN-1522 (ID#:82845),From RDC,"Lamivudine/Zidovudine 150/300mg, tablets, 60 Tabs",284.62,16577,145214.52,PMO - US,Mylan (formerly Matrix) Nashik,Lamivudine/Zidovudine,8.76,N/A - From RDC,SO-33860,FPQ-4275,9/17/09,ARV,114-UG-T30,03-Dec-09,Air,Adult,60,0.15,SCMS from RDC,N/A - From RDC,See DN-1522 (ID#:82845)
75091,ASN-13763,Uni-Gold,Namibia,14-Feb-12,14-Feb-12,MIssing,Test kit,Yes,2789.67,Direct Drop,"HIV 1/2, Uni-Gold HIV Kit, 20 Tests",32.66,728,23296.0,PMO - US,"Trinity Biotech, Plc","HIV 1/2, Uni-Gold HIV Kit",32.0,01-12-12,SCMS-131100,FPQ-8795,12-05-11,HRDT,153-NA-T30,14-Feb-12,Air,HIV test,20,1.6,"Trinity Biotech, Plc",EXW,238
82425,DN-2462,Generic,Nigeria,18-Dec-11,18-Dec-11,200mg,Tablet,Yes,15322.73,From RDC,"Nevirapine 200mg, tablets, 60 Tabs",255.42,60000,154800.0,PMO - US,Hetero Unit III Hyderabad IN,Nevirapine,2.58,N/A - From RDC,SO-40654,FPQ-8364,8/29/11,ARV,151-NG-T30,02-Mar-12,Air Charter,Adult,60,0.04,SCMS from RDC,N/A - From RDC,9746
39631,ASN-26373,Generic,Ghana,12-Jun-14,12-Jun-14,10mg/ml,Oral solution,Yes,7326.63,Direct Drop,"Lamivudine 10mg/ml, oral solution, Bottle, 240 ml",8.89,6047,8647.21,PMO - US,"Aurobindo Unit III, India",Lamivudine,1.43,05-09-14,SCMS-234030,FPQ-13809,03-07-14,ARV,105-GH-T30,12-Jun-14,Air,Pediatric,240,0.01,Aurobindo Pharma Limited,EXW,2323
66373,ASN-6095,Uni-Gold,Guyana,04-Mar-10,04-Mar-10,MIssing,Test kit,Yes,6558.08,Direct Drop,"HIV 1/2, Uni-Gold HIV Kit, 20 Tests",161.03,2334,74688.0,PMO - US,"Trinity Biotech, Plc","HIV 1/2, Uni-Gold HIV Kit",32.0,02-04-10,SCMS-63870,FPQ-4870,01-11-10,HRDT,102-GY-T30,04-Mar-10,Air,HIV test,20,1.6,"Trinity Biotech, Plc",EXW,807
82671,DN-3659,Generic,Tanzania,18-Jun-14,01-Jul-14,600/300/300mg,Tablet - FDC,Yes,7083.18,From RDC,"Efavirenz/Lamivudine/Tenofovir Disoproxil Fumarate 600/300/300mg, tablets, 30 Tabs",1559.26,116931,1260516.18,PMO - US,Mylan (formerly Matrix) Nashik,Efavirenz/Lamivudine/Tenofovir Disoproxil Fumarate,10.78,N/A - From RDC,SO-45740,FPQ-12354,5/16/13,ARV,109-TZ-T30,05-May-14,Truck,Adult,30,0.36,SCMS from RDC,N/A - From RDC,13280
74502,ASN-19216,Determine,Haiti,12-Apr-13,12-Apr-13,MIssing,Test kit,Yes,Freight Included in Commodity Cost,Direct Drop,"HIV 1/2, Determine Complete HIV Kit, 100 Tests",1.7,11,1375.0,PMO - US,"Alere Medical Co., Ltd.","HIV 1/2, Determine Complete HIV Kit",125.0,02-12-13,SCMS-176451,FPQ-11304,1/22/13,HRDT,106-HT-T30,12-Apr-13,Truck,HIV test,100,1.25,REINBOLD EXPORT IMPORT,DAP,Weight Captured Separately
11233,DN-692,Generic,Haiti,03-Apr-08,03-Apr-08,150/300mg,Tablet - FDC,Yes,20578.2,From RDC,"Lamivudine/Zidovudine 150/300mg, tablets, 60 Tabs",114.28,7558,71423.1,PMO - US,"Aurobindo Unit III, India",Lamivudine/Zidovudine,9.45,N/A - From RDC,SO-2058,Pre-PQ Process,Pre-PQ Process,ARV,106-HT-T01,03-Apr-08,Air,Adult,60,0.16,SCMS from RDC,N/A - From RDC,2166
8061,ASN-682,Bioline,Tanzania,25-Oct-07,25-Oct-07,MIssing,Test kit,Yes,28837.28,Direct Drop,"HIV 1/2, Bioline 3.0 Kit, Lancets, Capillary pipets, Alcohol swabs included, 25 Tests",320,10000,200000.0,PMO - US,"Standard Diagnostics, Korea","HIV 1/2, Bioline 3.0 Kit, Lancets, Capillary pipets, Alcohol swabs included",20.0,Date Not Captured,SCMS-10250,Pre-PQ Process,Pre-PQ Process,HRDT,109-TZ-T01,25-Oct-07,Air,HIV test,25,0.8,"Standard Diagnostics, Inc.",EXW,3336
68241,ASN-13372,Generic,Rwanda,25-Jan-12,25-Jan-12,300/300mg,Tablet - FDC,Yes,98521.56,Direct Drop,"Lamivudine/Tenofovir Disoproxil Fumarate 300/300mg, tablets, 30 Tabs",364.83,48640,260224.0,PMO - US,"Aurobindo Unit VII, IN",Lamivudine/Tenofovir Disoproxil Fumarate,5.35,12/13/11,SCMS-129870,FPQ-8932,12-06-11,ARV,107-RW-T30,24-Jan-12,Air,Adult,30,0.18,Aurobindo Pharma Limited,EXW,4746
84370,DN-3643,Generic,Tanzania,06-Jun-14,20-Jun-14,600/200/300mg,Tablet - FDC,Yes,12435.18,From RDC,"Efavirenz/Emtricitabine/Tenofovir Disoproxil Fumarate 600/200/300mg, tablets, 30 Tabs",531.44,43479,516965.31,PMO - US,Mylan (formerly Matrix) Nashik,Efavirenz/Emtricitabine/Tenofovir Disoproxil Fumarate,11.89,N/A - From RDC,SO-47652,FPQ-13566,1/15/14,ARV,109-TZ-T30,30-Jun-14,Truck,Adult,30,0.4,SCMS from RDC,N/A - From RDC,4874
38273,ASN-13302,Generic,South Africa,27-Jan-12,27-Jan-12,200mg,Tablet,Yes,4957.81,Direct Drop,"Nevirapine 200mg, tablets, 60 Tabs",434.3,96770,263214.4,PMO - US,"Cipla, Goa, India",Nevirapine,2.72,3/28/11,SCMS-104100,FPQ-7175,03-10-11,ARV,161-ZA-T30,12-Jan-12,Ocean,Adult,60,0.05,CIPLA LIMITED,DDP,10536
83461,DN-2041,Generic,Zimbabwe,25-Nov-10,25-Nov-10,600mg,Tablet,Yes,15919.75,From RDC,"Efavirenz 600mg, tablets, 30 Tabs",57.5,5900,26668.0,PMO - US,"Aurobindo Unit III, India",Efavirenz,4.52,N/A - From RDC,SO-35370,FPQ-4694,12-08-09,ARV,113-ZW-T30,30-Nov-10,Truck,Adult,30,0.15,SCMS from RDC,N/A - From RDC,12810
12126,DN-458,Generic,Haiti,05-Dec-07,05-Dec-07,30mg,Capsule,No,See DN-458 (ID#:11814),From RDC,"Stavudine 30mg, capsules, 60 Caps",7.3,3000,4560.0,PMO - US,"Aurobindo Unit III, India",Stavudine,1.52,N/A - From RDC,SO-1286,Pre-PQ Process,Pre-PQ Process,ARV,106-HT-T01,05-Dec-07,Air,Adult,60,0.03,SCMS from RDC,N/A - From RDC,See DN-458 (ID#:11814)
11524,DN-540,Generic,Ethiopia,16-Jan-08,16-Jan-08,150mg,Tablet,Yes,11339.5,From RDC,"Lamivudine 150mg, tablets, 60 Tabs",143.49,29500,89680.0,PMO - US,"Ranbaxy, Paonta Shahib, India",Lamivudine,3.04,N/A - From RDC,SO-1523,Pre-PQ Process,Pre-PQ Process,ARV,117-ET-T01,20-Dec-07,Air,Adult,60,0.05,SCMS from RDC,N/A - From RDC,1650
85253,DN-2624,Generic,Zambia,30-Apr-12,30-Apr-12,150/300mg,Tablet - FDC,No,See DN-2624 (ID#:83584),From RDC,"Lamivudine/Zidovudine 150/300mg, tablets, 60 Tabs",1275.85,96655,773240.0,PMO - US,"Cipla, Goa, India",Lamivudine/Zidovudine,8.0,N/A - From RDC,SO-40955,FPQ-8476,9/27/11,ARV,110-ZM-T30,15-May-12,Truck,Adult,60,0.13,SCMS from RDC,N/A - From RDC,See DN-2624 (ID#:83584)
12071,DN-207,Generic,Zambia,20-Jun-07,20-Jun-07,20mg/ml,Oral solution,Yes,759.41,From RDC,"Abacavir 20mg/ml, oral solution, Bottle, 240 ml",8.15,237,5095.5,PMO - US,"Aurobindo Unit III, India",Abacavir,21.5,N/A - From RDC,SO-313,Pre-PQ Process,Pre-PQ Process,ARV,110-ZM-T01,20-Jun-07,MIssing,Pediatric,240,0.09,SCMS from RDC,N/A - From RDC,85
42274,ASN-11432,Generic,South Africa,15-Sep-11,15-Sep-11,300mg,Tablet,Yes,6121.41,Direct Drop,"Tenofovir Disoproxil Fumarate 300mg, tablets, 30 Tabs",834.97,76097,506045.05,PMO - US,"Aurobindo Unit III, India",Tenofovir Disoproxil Fumarate,6.65,12/14/10,SCMS-93550,FPQ-6708,11/26/10,ARV,161-ZA-T30,13-Jun-11,Ocean,Adult,30,0.22,Aurobindo Pharma Limited,DDP,7105
85309,DN-2867,Generic,Zimbabwe,05-Oct-12,05-Oct-12,200mg,Tablet,Yes,8751.99,From RDC,"Nevirapine 200mg, tablets, 60 Tabs",236.61,69737,168763.54,PMO - US,Hetero Unit III Hyderabad IN,Nevirapine,2.42,N/A - From RDC,SO-42282,FPQ-9927,5/15/12,ARV,102-ZW-T30,05-Oct-12,Truck,Adult,60,0.04,SCMS from RDC,N/A - From RDC,4028
85332,DN-3034,Generic,Uganda,01-Mar-13,01-Mar-13,600/300/300mg,Tablet - FDC,No,See DN-3034 (ID#:84791),From RDC,"Efavirenz/Lamivudine/Tenofovir Disoproxil Fumarate 600/300/300mg, tablets, 30 Tabs",220.27,14704,178065.44,PMO - US,Mylan (formerly Matrix) Nashik,Efavirenz/Lamivudine/Tenofovir Disoproxil Fumarate,12.11,N/A - From RDC,SO-43940,FPQ-11143,12/13/12,ARV,114-UG-T30,29-Mar-13,Air,Adult,30,0.4,SCMS from RDC,N/A - From RDC,See DN-3034 (ID#:84791)
3971,ASN-191,Uni-Gold,Rwanda,09-Mar-07,09-Mar-07,MIssing,Test kit,Yes,17928.53,Direct Drop,"HIV 1/2, Uni-Gold HIV Kit, 20 Tests",MIssing,500,20000.0,PMO - US,"Trinity Biotech, Plc","HIV 1/2, Uni-Gold HIV Kit",40.0,12/29/06,SCMS-290,Pre-PQ Process,Pre-PQ Process,HRDT,107-RW-T01,25-Jan-07,Air,HIV test,20,2.0,"Trinity Biotech, Plc",EXW,173
48958,ASN-24721,Uni-Gold,"Congo, DRC",04-Apr-14,28-Apr-14,MIssing,Test kit,No,See ASN-24721 (ID#:13708),Direct Drop,"HIV 1/2, Uni-Gold HIV Kit, 20 Tests",0.99,30,960.0,PMO - US,"Trinity Biotech, Plc","HIV 1/2, Uni-Gold HIV Kit",32.0,1/28/14,SCMS-224840,FPQ-13548,1/22/14,HRDT,101-CD-T30,04-Apr-14,Air,HIV test,20,1.6,"Trinity Biotech, Plc",EXW,See ASN-24721 (ID#:13708)
30788,ASN-21834,Videx,Zimbabwe,24-Oct-13,24-Oct-13,25mg,Chewable/dispersible tablet,Yes,2387.62,Direct Drop,"Didanosine 25mg [Videx], chewable tablets, 60 Tabs",6.47,747,5229.0,PMO - US,Bristol-Myers Squibb Anagni IT,Didanosine,7.0,4/25/13,SCMS-186820,FPQ-12094,4/19/13,ARV,103-ZW-T30,24-Oct-13,Air,Pediatric,60,0.12,LAWRENCE LABORATORIES (SUBSIDIARY OF BRISTOL MYERS SQUIBB),FCA,169
5936,ASN-2792,Generic,Vietnam,21-Nov-08,21-Nov-08,300mg,Tablet,Yes,2771.84,Direct Drop,"Abacavir 300mg, tablets, 60 Tabs",40.53,880,20680.0,PMO - US,"Aurobindo Unit III, India",Abacavir,23.5,7/24/08,SCMS-27320,Pre-PQ Process,Pre-PQ Process,ARV,108-VN-T01,21-Nov-08,Air,Adult,60,0.39,Aurobindo Pharma Limited,EXW,331
12800,DN-698,Generic,Mozambique,23-Jun-08,23-Jun-08,600mg,Tablet,No,See DN-698 (ID#:10970),From RDC,"Efavirenz 600mg, tablets, 30 Tabs",49.68,2500,31050.0,PMO - US,"Aurobindo Unit III, India",Efavirenz,12.42,N/A - From RDC,SO-1615,Pre-PQ Process,Pre-PQ Process,ARV,111-MZ-T01,23-Jun-08,Air,Adult,30,0.41,SCMS from RDC,N/A - From RDC,See DN-698 (ID#:10970)
81405,ASN-26372,Generic,Ghana,12-Jun-14,12-Jun-14,50mg,Capsule,Yes,7326.62,Direct Drop,"Efavirenz 50mg, capsule, 30 Caps",23.74,14802,23091.12,PMO - US,"Aurobindo Unit III, India",Efavirenz,1.56,05-09-14,SCMS-234030,FPQ-13809,03-07-14,ARV,105-GH-T30,12-Jun-14,Air,Pediatric,30,0.05,Aurobindo Pharma Limited,EXW,951
82838,DN-1311,Generic,Nigeria,04-Aug-09,04-Aug-09,10mg/ml,Oral suspension,No,See DN-1311 (ID#:82837),From RDC,"Nevirapine 10mg/ml, oral suspension, Bottle, 240 ml",0.14,36,69.12,PMO - US,"Aurobindo Unit III, India",Nevirapine,1.92,N/A - From RDC,SO-32270,FPQ-3815,5/26/09,ARV,154-NG-T30,30-Jul-09,Air Charter,Pediatric,240,0.01,SCMS from RDC,N/A - From RDC,See DN-1311 (ID#:82837)
82596,DN-3268,Generic,"Congo, DRC",08-Feb-14,11-Mar-14,600/300/300mg,Tablet - FDC,No,See DN-3268 (ID#:82595),From RDC,"Efavirenz/Lamivudine/Tenofovir Disoproxil Fumarate 600/300/300mg, tablets, 30 Tabs",96.35,7404,77890.08,PMO - US,Hetero Unit III Hyderabad IN,Efavirenz/Lamivudine/Tenofovir Disoproxil Fumarate,10.52,N/A - From RDC,SO-45020,FPQ-12033,04-08-13,ARV,101-CD-T30,27-Aug-13,Air,Adult,30,0.35,SCMS from RDC,N/A - From RDC,See DN-3268 (ID#:82595)
33812,ASN-32138,Generic,South Africa,12-May-15,12-May-15,10mg/ml,Oral solution,No,Freight Included in Commodity Cost,Direct Drop,"Lamivudine 10mg/ml, oral solution, Bottle, 240 ml",0.02,3,15.5,PMO - US,"Aurobindo Unit III, India",Lamivudine,5.17,05-11-15,SCMS-259075,FPQ-14942,09-11-14,ARV,116-ZA-T30,12-May-15,Truck,Pediatric,240,0.02,PHARMACY DIRECT,DDP,Weight Captured Separately
4303,ASN-1401,Uni-Gold,Rwanda,11-Jul-08,11-Jul-08,MIssing,Test kit,Yes,15987.05,Direct Drop,"HIV 1/2, Uni-Gold HIV Kit, 20 Tests",161.28,3150,100800.0,PMO - US,"Trinity Biotech, Plc","HIV 1/2, Uni-Gold HIV Kit",32.0,2/26/08,SCMS-18350,Pre-PQ Process,Pre-PQ Process,HRDT,107-RW-T01,11-Jul-08,Air,HIV test,20,1.6,"Trinity Biotech, Plc",EXW,1080
83262,DN-3803,Generic,CÃte dIvoire,09-Jul-14,07-Aug-14,300/300mg,Tablet - FDC,No,See DN-3803 (ID#:83260),From RDC,"Lamivudine/Tenofovir Disoproxil Fumarate 300/300mg, tablets, 30 Tabs",47.6,10000,46300.0,PMO - US,Hetero Unit III Hyderabad IN,Lamivudine/Tenofovir Disoproxil Fumarate,4.63,N/A - From RDC,SO-47880,FPQ-13628,1/29/14,ARV,104-CI-T30,28-Nov-14,Truck,Adult,30,0.15,SCMS from RDC,N/A - From RDC,See DN-3803 (ID#:83260)
86565,DN-3125,Generic,South Sudan,24-Apr-13,24-Apr-13,150/300mg,Tablet - FDC,No,See DN-3125 (ID#:82571),From RDC,"Lamivudine/Zidovudine 150/300mg, tablets, 60 Tabs",15.31,1702,12373.54,PMO - US,"Cipla, Goa, India",Lamivudine/Zidovudine,7.27,N/A - From RDC,SO-44630,FPQ-11489,1/16/13,ARV,103-SS-T30,30-Apr-13,Air,Adult,60,0.12,SCMS from RDC,N/A - From RDC,See DN-3125 (ID#:82571)
83059,DN-2758,Determine,"Congo, DRC",30-Nov-12,30-Nov-12,MIssing,Test kit,Yes,1482.7,From RDC,"HIV 1/2, Determine Complete HIV Kit, 100 Tests",81.32,725,58000.0,PMO - US,"Alere Medical Co., Ltd.","HIV 1/2, Determine Complete HIV Kit",80.0,N/A - From RDC,SO-42770,FPQ-10187,6/26/12,HRDT,103-CD-T30,30-Nov-12,Air,HIV test,100,0.8,SCMS from RDC,N/A - From RDC,225
10885,DN-349,Invirase,CÃte dIvoire,12-Sep-07,12-Sep-07,200mg,Capsule,Yes,1737,From RDC,"Saquinavir 200mg [Invirase], capsules, 270 Caps",2.01,16,1258.24,PMO - US,Roche Basel,Saquinavir,78.64,N/A - From RDC,SO-999,Pre-PQ Process,Pre-PQ Process,ARV,104-CI-T01,12-Sep-07,MIssing,Adult,270,0.29,SCMS from RDC,N/A - From RDC,295
56468,ASN-25986,Determine,Cameroon,10-Jun-14,10-Jun-14,MIssing,Test kit,Yes,29918.58,Direct Drop,"HIV 1/2, Determine Complete HIV Kit, 100 Tests",494.8,5000,400000.0,PMO - US,"Alere Medical Co., Ltd.","HIV 1/2, Determine Complete HIV Kit",80.0,08-06-13,SCMS-200901,FPQ-12570,07-10-13,HRDT,800-CM-T30,10-Jun-14,Air,HIV test,100,0.8,"Orgenics, Ltd",EXW,2020
85841,DN-2585,Generic,Rwanda,28-Feb-12,28-Feb-12,200mg,Capsule,Yes,2716.08,From RDC,"Efavirenz 200mg, capsule, 90 Caps",30.53,2520,21772.8,PMO - US,"Aurobindo Unit III, India",Efavirenz,8.64,N/A - From RDC,SO-41420,FPQ-9190,1/27/12,ARV,107-RW-T30,12-Mar-12,Air,Pediatric,90,0.1,SCMS from RDC,N/A - From RDC,318
3049,ASN-1468,Determine,CÃte dIvoire,08-Apr-08,08-Apr-08,MIssing,Test kit,Yes,515.48,Direct Drop,"HIV 1/2, Determine HIV Kit, without Lancets, 100 Tests",8.06,70,5039.3,PMO - US,Inverness Japan,"HIV 1/2, Determine HIV Kit, without Lancets",71.99,2/28/08,SCMS-18420,Pre-PQ Process,Pre-PQ Process,HRDT,104-CI-T01,08-Apr-08,Air,HIV test,100,0.72,"Orgenics, Ltd",EXW,16
86626,DN-3397,Generic,CÃte dIvoire,09-Dec-13,20-Dec-13,150/300/200mg,Tablet - FDC,Yes,18002.87,From RDC,"Lamivudine/Nevirapine/Zidovudine 150/200/300mg, tablets, 60 Tabs",426.07,41700,344442.0,PMO - US,"Aurobindo Unit III, India",Lamivudine/Nevirapine/Zidovudine,8.26,N/A - From RDC,SO-44211,FPQ-11253,12/14/12,ARV,104-CI-T30,29-Nov-13,Truck,Adult,60,0.14,SCMS from RDC,N/A - From RDC,4873
986,ASN-3627,Generic,Tanzania,04-May-09,04-May-09,100/25mg,Tablet,Yes,Freight Included in Commodity Cost,Direct Drop,"Lopinavir/Ritonavir 100/25mg [Aluvia], tablets, 60 Tabs",42.19,2094,21526.32,PMO - US,ABBVIE Ludwigshafen Germany,Lopinavir/Ritonavir,10.28,02-05-09,SCMS-38380,Pre-PQ Process,Pre-PQ Process,ARV,109-TZ-T01,04-May-09,Air,Pediatric,60,0.17,ABBVIE LOGISTICS (FORMERLY ABBOTT LOGISTICS BV),FCA,237
83130,DN-3107,Generic,Mozambique,11-Jun-13,11-Jun-13,600mg,Tablet,Yes,28602.94,From RDC,"Efavirenz 600mg, tablets, 30 Tabs",179.45,43563,145064.79,PMO - US,"Aurobindo Unit VII, IN",Efavirenz,3.33,N/A - From RDC,SO-44800,FPQ-11882,3/19/13,ARV,111-MZ-T30,06-Jun-13,Air,Adult,30,0.11,SCMS from RDC,N/A - From RDC,4122
14412,ASN-29255,Isentress,South Africa,05-Nov-14,05-Nov-14,400mg,Tablet,Yes,Freight Included in Commodity Cost,Direct Drop,"Raltegravir 400mg [Isentress], tablets, 60 Tabs",2.09,24,2031.3,PMO - US,"MSD, Haarlem, NL",Raltegravir,84.64,11-04-14,SCMS-238555,FPQ-13973,4/30/14,ARV,116-ZA-T30,05-Nov-14,Truck,Adult,60,1.41,PHARMACY DIRECT,DDP,Weight Captured Separately
82998,DN-2477,Generic,Zambia,23-Dec-11,23-Dec-11,200/300mg,Tablet - FDC,Yes,14325.71,From RDC,"Emtricitabine/Tenofovir Disoproxil Fumarate 200/300mg, tablets, 30 Tabs",977.94,66075,592692.75,PMO - US,Mylan (formerly Matrix) Nashik,Emtricitabine/Tenofovir Disoproxil Fumarate,8.97,N/A - From RDC,SO-40951,FPQ-8476,9/27/11,ARV,110-ZM-T30,15-May-12,Truck,Adult,30,0.3,SCMS from RDC,N/A - From RDC,5727
35566,ASN-32122,Generic,South Africa,12-May-15,12-May-15,150/300mg,Tablet - FDC,No,Freight Included in Commodity Cost,Direct Drop,"Lamivudine/Zidovudine 150/300mg, tablets, 60 Tabs",0.42,19,406.76,PMO - US,"Aurobindo Unit III, India",Lamivudine/Zidovudine,21.41,05-11-15,SCMS-259075,FPQ-14942,09-11-14,ARV,116-ZA-T30,12-May-15,Truck,Adult,60,0.36,PHARMACY DIRECT,DDP,Weight Captured Separately
62194,ASN-30942,Generic,Vietnam,14-Apr-15,14-Apr-15,600mg,Tablet,No,See ASN-30942 (ID#:19840),Direct Drop,"Efavirenz 600mg, tablets, 30 Tabs",43.9,12200,42700.0,PMO - US,Hetero Unit III Hyderabad IN,Efavirenz,3.5,12-08-14,SCMS-263670,FPQ-15040,10/30/14,ARV,108-VN-T30,14-Apr-15,Air,Adult,30,0.12,HETERO LABS LIMITED,EXW,See ASN-30942 (ID#:19840)
20671,ASN-13057,Generic,South Africa,23-Jan-12,23-Jan-12,600mg,Tablet,Yes,7292.27,Direct Drop,"Efavirenz 600mg, tablets, 30 Tabs",645.07,91772,390948.72,PMO - US,"Aurobindo Unit III, India",Efavirenz,4.26,9/30/11,SCMS-123590,FPQ-7175,03-10-11,ARV,161-ZA-T30,16-Jan-12,Ocean,Adult,30,0.14,Aurobindo Pharma Limited,DDP,7797
14431,ASN-15270,Viracept,Rwanda,05-Jul-12,05-Jul-12,250mg,Tablet,Yes,2205.25,Direct Drop,"Nelfinavir (as mesilate) 250mg [Viracept], tablets, 270 Tabs",28.73,109,17410.04,PMO - US,Roche Madrid,Nelfinavir (as mesilate),159.73,11-02-11,SCMS-126230,FPQ-8399,10/19/11,ARV,107-RW-T30,05-Jul-12,Air,Adult,270,0.59,Hoffmann-La Roche ltd Basel,FCA,27
1221,ASN-4821,Norvir,South Africa,28-Jul-09,28-Jul-09,100mg,Capsule,Yes,Freight Included in Commodity Cost,Direct Drop,"Ritonavir 100mg [Norvir], capsules, cool, 84 Caps",0.96,50,490.0,PMO - US,ABBVIE (Abbott) Logis. UK,Ritonavir,9.8,06-05-09,SCMS-46970,Pre-PQ Process,Pre-PQ Process,ARV,116-ZA-T01,28-Jul-09,Truck,Adult,84,0.12,S. BUYS WHOLESALER,DDP,Weight Captured Separately
86313,DN-1898,Generic,Nigeria,28-Jun-10,28-Jun-10,600mg,Tablet,No,Freight Included in Commodity Cost,From RDC,"Efavirenz 600mg, tablets, 30 Tabs",56.58,5705,26243.0,PMO - US,"Aurobindo Unit III, India",Efavirenz,4.6,N/A - From RDC,SO-36440,FPQ-5023,02-10-10,ARV,151-NG-T30,15-Jul-10,Air,Adult,30,0.15,SCMS from RDC,N/A - From RDC,Weight Captured Separately
45057,ASN-28036,Generic,South Africa,29-Aug-14,29-Aug-14,600mg,Tablet,No,Freight Included in Commodity Cost,Direct Drop,"Efavirenz 600mg, tablets, 30 Tabs",21.38,1043,17283.85,PMO - US,Hetero Unit III Hyderabad IN,Efavirenz,16.57,8/29/14,SCMS-199289,FPQ-12522,07-11-13,ARV,116-ZA-T30,29-Aug-14,Truck,Adult,30,0.55,S. BUYS WHOLESALER,DDP,Weight Captured Separately
12012,DN-1448,Generic,Zambia,13-Oct-09,13-Oct-09,600mg,Tablet,Yes,4997.46,From RDC,"Efavirenz 600mg, tablets, 30 Tabs",48.76,4000,24880.0,PMO - US,"Aurobindo Unit III, India",Efavirenz,6.22,N/A - From RDC,SO-33021,Pre-PQ Process,Date Not Captured,ARV,110-ZM-T01,13-Oct-09,Truck,Adult,30,0.21,SCMS from RDC,N/A - From RDC,1900
85808,DN-2453,Generic,Nigeria,18-Dec-11,18-Dec-11,600mg,Tablet,Yes,15322.73,From RDC,"Efavirenz 600mg, tablets, 30 Tabs",76.2,10944,46183.68,PMO - US,"Strides, Bangalore, India.",Efavirenz,4.22,N/A - From RDC,SO-40651,FPQ-8364,8/29/11,ARV,151-NG-T30,02-Mar-12,Air Charter,Adult,30,0.14,SCMS from RDC,N/A - From RDC,726
25726,ASN-7396,Generic,Rwanda,30-Jun-10,30-Jun-10,300mg,Tablet,Yes,1170.2,Direct Drop,"Abacavir 300mg, tablets, 60 Tabs",914.41,26100,424125.0,PMO - US,Mylan (formerly Matrix) Nashik,Abacavir,16.25,02-09-10,SCMS-64520,FPQ-4954,1/29/10,ARV,107-RW-T30,30-Jun-10,Air,Adult,60,0.27,MYLAN LABORATORIES LTD (FORMERLY MATRIX LABORATORIES),CIP,2586
12610,DN-1431,Viread,Tanzania,25-Sep-09,25-Sep-09,300mg,Tablet,Yes,2233.61,From RDC,"Tenofovir Disoproxil Fumarate 300mg [Viread], tablets, 30 Tabs",17.86,536,9112.0,PMO - US,"Aspen-OSD, Port Elizabeth, SA",Tenofovir Disoproxil Fumarate,17.0,N/A - From RDC,SO-18750,Pre-PQ Process,Date Not Captured,ARV,109-TZ-T01,25-Sep-09,Truck,Adult,30,0.57,SCMS from RDC,N/A - From RDC,41
10804,DN-15,Invirase,Mozambique,01-Feb-07,01-Feb-07,200mg,Capsule,Yes,939.08,From RDC,"Saquinavir 200mg [Invirase], capsules, 270 Caps",MIssing,117,9117.81,PMO - US,Roche Basel,Saquinavir,77.93,N/A - From RDC,SO-323,Pre-PQ Process,Pre-PQ Process,ARV,111-MZ-T01,01-Feb-07,Air,Adult,270,0.29,SCMS from RDC,N/A - From RDC,155
28928,ASN-8300,Generic,South Africa,25-Nov-10,25-Nov-10,300mg,Tablet,Yes,5953.38,Direct Drop,"Tenofovir Disoproxil Fumarate 300mg, tablets, 30 Tabs",600.67,40319,278604.29,PMO - US,"Aurobindo Unit III, India",Tenofovir Disoproxil Fumarate,6.91,6/17/10,SCMS-75510,FPQ-5648,06-02-10,ARV,161-ZA-T30,25-Nov-10,Air,Adult,30,0.23,Aurobindo Pharma Limited,DDP,3545
37578,ASN-8761,Stat-Pak,CÃte dIvoire,24-Nov-10,24-Nov-10,MIssing,Test kit,Yes,3360.75,Direct Drop,"HIV 1/2, Stat-Pak HIV, Kit, 20 Tests",164.45,2825,76275.0,PMO - US,Chembio Diagnostics Sys. Inc.,"HIV 1/2, Stat-Pak HIV, Kit",27.0,7/30/10,SCMS-80620,FPQ-6037,7/14/10,HRDT,104-CI-T30,24-Nov-10,Air,HIV test,20,1.35,"CHEMBIO DIAGNOSTIC SYSTEMS, INC.",EXW,1038
13020,ASN-13448,Generic,Haiti,30-Jan-12,30-Jan-12,MIssing,Test kit,Yes,969.55,Direct Drop,"Malaria Antigen P.f Kit, 30 x 1 Test",0.07,3,49.5,PMO - US,Premier Medical Corporation,"Malaria Antigen P.f Kit, 30 x 1 Test",16.5,12/29/11,SCMS-131040,FPQ-8671,11-09-11,MRDT,122-HT-T30,30-Jan-12,Air,Malaria,30,0.55,Premier Medical Corporation Ltd.,EXW,1
23666,ASN-23875,Generic,South Africa,13-Jan-14,13-Jan-14,10mg/ml,Oral solution,No,Freight Included in Commodity Cost,Direct Drop,"Lamivudine 10mg/ml, oral solution w/syringe, Bottle, 240 ml",0.39,54,382.47,PMO - US,"Aurobindo Unit III, India",Lamivudine,7.08,12-02-13,SCMS-215410,FPQ-13214,11/14/13,ARV,116-ZA-T30,13-Jan-14,Truck,Pediatric,240,0.03,S. BUYS WHOLESALER,DDP,Weight Captured Separately
83562,DN-2507,Generic,"Congo, DRC",11-Apr-12,11-Apr-12,10mg/ml,Oral suspension,No,See DN-2507 (ID#:82440),From RDC,"Nevirapine 10mg/ml, oral suspension w/syringe, Bottle, 240 ml",1.91,699,1363.05,PMO - US,"Aurobindo Unit III, India",Nevirapine,1.95,N/A - From RDC,SO-41143,FPQ-8840,11/21/11,ARV,101-CD-T30,16-Mar-12,Air,Pediatric,240,0.01,SCMS from RDC,N/A - From RDC,See DN-2507 (ID#:82440)
82342,DN-1953,Generic,Tanzania,23-Aug-10,23-Aug-10,300mg,Tablet,Yes,1647.25,From RDC,"Tenofovir Disoproxil Fumarate 300mg, tablets, 30 Tabs",47.22,3000,21900.0,PMO - US,Mylan (formerly Matrix) Nashik,Tenofovir Disoproxil Fumarate,7.3,N/A - From RDC,SO-36630,FPQ-5436,04-01-10,ARV,109-TZ-T30,26-Aug-10,Air,Adult,30,0.24,SCMS from RDC,N/A - From RDC,269
84456,DN-4159,Generic,Zimbabwe,17-Mar-15,19-Mar-15,60/30mg,Tablet - FDC,No,See DN-4159 (ID#:83316),From RDC,"Abacavir/Lamivudine 60/30mg, tablets, 60 Tabs",25.09,6180,24411.0,PMO - US,"Aurobindo Unit III, India",Abacavir/Lamivudine,3.95,N/A - From RDC,SO-48420,FPQ-13967,04-02-14,ARV,103-ZW-T30,31-Mar-15,Truck,Pediatric,60,0.07,SCMS from RDC,N/A - From RDC,See DN-4159 (ID#:83316)
85013,DN-4095,Aluvia,Uganda,10-Feb-15,16-Feb-15,200/50mg,Tablet,Yes,14056.46,From RDC,"Lopinavir/Ritonavir 200/50mg [Aluvia], tablets, 120 Tabs",258.2,11607,219372.3,PMO - US,ABBVIE Ludwigshafen Germany,Lopinavir/Ritonavir,18.9,N/A - From RDC,SO-50620,FPQ-15638,12/22/14,ARV,114-UG-T30,03-Feb-15,Air,Adult,120,0.16,SCMS from RDC,N/A - From RDC,2653
73095,ASN-30671,Generic,South Africa,12-Feb-15,12-Feb-15,300mg,Tablet,No,Freight Included in Commodity Cost,Direct Drop,"Zidovudine 300mg, tablets, 60 Tabs",0.2,11,198.34,PMO - US,"Aurobindo Unit III, India",Zidovudine,18.03,02-12-15,SCMS-259073,FPQ-14942,09-11-14,ARV,116-ZA-T30,12-Feb-15,Truck,Adult,60,0.3,PHARMACY DIRECT,DDP,Weight Captured Separately
50636,ASN-31854,Generic,South Africa,28-Apr-15,28-Apr-15,300mg,Tablet,No,Freight Included in Commodity Cost,Direct Drop,"Zidovudine 300mg, tablets, 60 Tabs",0.18,7,174.67,PMO - US,"Aurobindo Unit III, India",Zidovudine,24.95,4/28/15,SCMS-238556,FPQ-13973,4/30/14,ARV,116-ZA-T30,28-Apr-15,Truck,Adult,60,0.42,PHARMACY DIRECT,DDP,Weight Captured Separately
84893,DN-3546,Generic,CÃte dIvoire,18-Feb-14,04-Mar-14,30/50/60mg,Chewable/dispersible tablet - FDC,No,See DN-3546 (ID#:82651),From RDC,"Lamivudine/Nevirapine/Zidovudine 30/50/60mg, dispersible tablets, 60 Tabs",38.04,8201,30753.75,PMO - US,"Strides, Bangalore, India.",Lamivudine/Nevirapine/Zidovudine,3.75,N/A - From RDC,SO-46422,FPQ-12800,08-09-13,ARV,104-CI-T30,28-Feb-14,Air,Pediatric,60,0.06,SCMS from RDC,N/A - From RDC,See DN-3546 (ID#:82651)
55737,ASN-7443,Generic,Tanzania,07-Aug-10,07-Aug-10,200mg,Tablet,Yes,20294.85,Direct Drop,"Nevirapine 200mg, tablets, 60 Tabs",161.19,28755,74763.0,PMO - US,"Aurobindo Unit III, India",Nevirapine,2.6,6/24/10,SCMS-76980,FPQ-5900,6/21/10,ARV,109-TZ-T30,07-Aug-10,Air,Adult,60,0.04,Aurobindo Pharma Limited,EXW,3392
17373,ASN-7341,Norvir,Mozambique,23-Jun-10,23-Jun-10,100mg,Capsule,Yes,Freight Included in Commodity Cost,Direct Drop,"Ritonavir 100mg [Norvir], capsules, cool, 84 Caps",7.14,320,3312.0,PMO - US,ABBVIE (Abbott) Logis. UK,Ritonavir,10.35,1/29/10,SCMS-62340,FPQ-4740,12/23/09,ARV,111-MZ-T30,23-Jun-10,Air,Adult,84,0.12,INTERNATIONAL HEALTHCARE DISTRIBUTORS,CIP,Weight Captured Separately
84513,DN-1547,Generic,CÃte dIvoire,02-Dec-09,02-Dec-09,600mg,Tablet,Yes,1211.49,From RDC,"Efavirenz 600mg, tablets, 30 Tabs",98.11,8660,50054.8,PMO - US,"Aurobindo Unit III, India",Efavirenz,5.78,N/A - From RDC,SO-34750,FPQ-3964,7/24/09,ARV,104-CI-T30,10-Dec-09,Air,Adult,30,0.19,SCMS from RDC,N/A - From RDC,742
84730,DN-2700,Generic,Guyana,18-Jun-12,18-Jun-12,300mg,Tablet,Yes,1255.62,From RDC,"Zidovudine 300mg, tablets, 60 Tabs",8.13,852,5802.12,PMO - US,"Aurobindo Unit III, India",Zidovudine,6.81,N/A - From RDC,SO-42030,FPQ-9819,05-04-12,ARV,105-GY-T30,10-Jul-12,Air,Adult,60,0.11,SCMS from RDC,N/A - From RDC,46
74834,ASN-23875,Epivir,South Africa,13-Jan-14,13-Jan-14,150mg,Tablet,No,Freight Included in Commodity Cost,Direct Drop,"Lamivudine 150mg [Epivir], tablets, 60 Tabs",1.28,115,1249.75,PMO - US,GSK Cape Town Factory (South Africa),Lamivudine,10.87,12-02-13,SCMS-215410,FPQ-13214,11/14/13,ARV,116-ZA-T30,13-Jan-14,Truck,Adult,60,0.18,S. BUYS WHOLESALER,DDP,Weight Captured Separately
68110,ASN-28629,Prezista,South Africa,03-Oct-14,03-Oct-14,300mg,Tablet,No,Freight Included in Commodity Cost,Direct Drop,"Darunavir 300mg [Prezista], tablets, 120 Tabs",2.58,36,2509.54,PMO - US,"Janssen-Cilag, Latina, IT",Darunavir,69.71,10-03-14,SCMS-238554,FPQ-13973,4/30/14,ARV,116-ZA-T30,03-Oct-14,Truck,Adult,120,0.58,PHARMACY DIRECT,DDP,Weight Captured Separately
19685,ASN-19389,Kaletra,Zambia,22-May-13,22-May-13,80/20mg/ml,Oral solution,Yes,10365.13,Direct Drop,"Lopinavir/Ritonavir 80/20mg/ml [Kaletra], oral solution, cool, Bottle 5 x 60 ml",57.19,1500,46230.0,PMO - US,ABBVIE (Abbott) Logis. UK,Lopinavir/Ritonavir,30.82,3/28/13,SCMS-183050,FPQ-11561,2/13/13,ARV,110-ZM-T30,22-May-13,Air,Pediatric,300,0.1,ABBVIE LOGISTICS (FORMERLY ABBOTT LOGISTICS BV),FCA,1374
33684,ASN-19139,Determine,CÃte dIvoire,26-Apr-13,26-Apr-13,MIssing,Test kit,Yes,23273.76,Direct Drop,"HIV 1/2, Determine Complete HIV Kit, 100 Tests",292.23,2953,236240.0,PMO - US,"Alere Medical Co., Ltd.","HIV 1/2, Determine Complete HIV Kit",80.0,1/15/13,SCMS-173130,FPQ-11294,12/14/12,HRDT,104-CI-T30,26-Apr-13,Air,HIV test,100,0.8,"Orgenics, Ltd",EXW,1284
84228,DN-3024,Generic,Uganda,07-Mar-13,07-Mar-13,150/300/200mg,Tablet - FDC,No,See DN-3024 (ID#:83112),From RDC,"Lamivudine/Nevirapine/Zidovudine 150/200/300mg, tablets, 60 Tabs",87.25,7253,62230.74,PMO - US,"Cipla, Goa, India",Lamivudine/Nevirapine/Zidovudine,8.58,N/A - From RDC,SO-43490,FPQ-10780,10-10-12,ARV,114-UG-T30,18-Mar-13,Air,Adult,60,0.14,SCMS from RDC,N/A - From RDC,See DN-3024 (ID#:83112)
85721,DN-2048,Generic,Uganda,23-Nov-10,23-Nov-10,150/300/200mg,Tablet - FDC,Yes,83195.98,From RDC,"Lamivudine/Nevirapine/Zidovudine 150/200/300mg, tablets, 60 Tabs",2799.91,115745,1298658.9,PMO - US,Mylan (formerly Matrix) Nashik,Lamivudine/Nevirapine/Zidovudine,11.22,N/A - From RDC,SO-37510,FPQ-6202,08-06-10,ARV,102-UG-T30,26-Nov-10,Air,Adult,60,0.19,SCMS from RDC,N/A - From RDC,15500
78395,ASN-22752,Stat-Pak,Nigeria,25-Nov-13,20-Dec-13,MIssing,Test kit,Yes,9634.16,Direct Drop,"HIV 1/2, Stat-Pak HIV, Kit, 20 Tests",215.3,5439,174048.0,PMO - US,Chembio Diagnostics Sys. Inc.,"HIV 1/2, Stat-Pak HIV, Kit",32.0,07-10-13,SCMS-196571,FPQ-12458,06-10-13,HRDT,133-NG-T30,25-Nov-13,Air,HIV test,20,1.6,"CHEMBIO DIAGNOSTIC SYSTEMS, INC.",EXW,2097
72150,ASN-24415,Generic,South Africa,06-Feb-14,06-Feb-14,200mg,Tablet,No,Freight Included in Commodity Cost,Direct Drop,"Nevirapine 200mg, tablets, 60 Tabs",18.44,872,14909.0,PMO - US,"Cipla, Goa, India",Nevirapine,17.1,12-02-13,SCMS-215370,FPQ-13035,10-08-13,ARV,116-ZA-T30,06-Feb-14,Truck,Adult,60,0.29,S. BUYS WHOLESALER,DDP,Weight Captured Separately
70329,ASN-32138,Isentress,South Africa,12-May-15,12-May-15,400mg,Tablet,No,Freight Included in Commodity Cost,Direct Drop,"Raltegravir 400mg [Isentress], tablets, 60 Tabs",0.19,3,183.49,PMO - US,"MSD, Haarlem, NL",Raltegravir,61.16,05-11-15,SCMS-259075,FPQ-14942,09-11-14,ARV,116-ZA-T30,12-May-15,Truck,Adult,60,1.02,PHARMACY DIRECT,DDP,Weight Captured Separately
2476,ASN-4612,Norvir,South Africa,08-Jun-09,08-Jun-09,80mg/ml,Oral solution,Yes,Freight Included in Commodity Cost,Direct Drop,"Ritonavir 80mg/ml [Norvir], oral solution, cool, Bottle, 90 ml",0.08,6,43.2,PMO - US,ABBVIE (Abbott) France,Ritonavir,7.2,04-02-09,SCMS-42250,Pre-PQ Process,Pre-PQ Process,ARV,116-ZA-T01,31-Jul-09,Truck,Pediatric,90,0.08,S. BUYS WHOLESALER,DDP,Weight Captured Separately
86270,DN-1659,Generic,Zimbabwe,12-Mar-10,12-Mar-10,150/30mg,Tablet - FDC,No,See DN-1659 (ID#:82859),From RDC,"Lamivudine/Stavudine 150/30mg, tablets, 60 Tabs",13.93,1900,6460.0,PMO - US,"Cipla, Goa, India",Lamivudine/Stavudine,3.4,N/A - From RDC,SO-35390,FPQ-4694,12-08-09,ARV,113-ZW-T30,31-Mar-10,Truck,Adult,60,0.06,SCMS from RDC,N/A - From RDC,See DN-1659 (ID#:82859)
11995,DN-1327,Generic,Zambia,04-Sep-09,04-Sep-09,600mg,Tablet,Yes,4506.18,From RDC,"Efavirenz 600mg, tablets, 30 Tabs",1881.6,120000,960000.0,PMO - US,Mylan (formerly Matrix) Nashik,Efavirenz,8.0,N/A - From RDC,SO-29050,Pre-PQ Process,Date Not Captured,ARV,110-ZM-T01,04-Sep-09,Truck,Adult,30,0.27,SCMS from RDC,N/A - From RDC,9022
83981,DN-1662,Generic,CÃte dIvoire,01-Mar-10,01-Mar-10,200mg,Capsule,Yes,3688.33,From RDC,"Efavirenz 200mg, capsule, 90 Caps",40.78,2066,20804.62,PMO - US,"Aurobindo Unit III, India",Efavirenz,10.07,N/A - From RDC,SO-34410,FPQ-4378,10/15/09,ARV,104-CI-T30,09-Mar-10,Air,Pediatric,90,0.11,SCMS from RDC,N/A - From RDC,1560
59334,ASN-8510,Generic,South Africa,15-Dec-10,15-Dec-10,300mg,Tablet,Yes,1697.89,Direct Drop,"Zidovudine 300mg, tablets, 60 Tabs",33.61,2098,15588.14,PMO - US,"Aurobindo Unit III, India",Zidovudine,7.43,3/19/10,SCMS-69030,FPQ-5303,3/18/10,ARV,161-ZA-T30,20-Sep-10,Air,Adult,60,0.12,Aurobindo Pharma Limited,DDP,124
83055,DN-2737,Generic,Rwanda,21-Jul-12,21-Jul-12,200mg,Capsule,Yes,2109.22,From RDC,"Efavirenz 200mg, capsule, 90 Caps",17.14,1480,12224.8,PMO - US,"Aurobindo Unit III, India",Efavirenz,8.26,N/A - From RDC,SO-42731,FPQ-10119,6/18/12,ARV,107-RW-T30,28-Sep-12,Air,Pediatric,90,0.09,SCMS from RDC,N/A - From RDC,187
85654,DN-1654,Generic,Uganda,17-Mar-10,17-Mar-10,150/300mg,Tablet - FDC,No,See DN-1654 (ID#:82295),From RDC,"Lamivudine/Zidovudine 150/300mg, tablets, 60 Tabs",56.66,3000,26280.0,PMO - US,Mylan (formerly Matrix) Nashik,Lamivudine/Zidovudine,8.76,N/A - From RDC,SO-35870,FPQ-5014,1/29/10,ARV,114-UG-T30,18-Mar-10,Air,Adult,60,0.15,SCMS from RDC,N/A - From RDC,See DN-1654 (ID#:82295)
12538,DN-850,Generic,Mozambique,05-Sep-08,05-Sep-08,150/300/200mg,Tablet - FDC,No,See DN-850 (ID#:10733),From RDC,"Lamivudine/Nevirapine/Zidovudine 150/200/300mg, tablets, 60 Tabs",366.98,16990,229365.0,PMO - US,"Aurobindo Unit III, India",Lamivudine/Nevirapine/Zidovudine,13.5,N/A - From RDC,SO-2424,Pre-PQ Process,Pre-PQ Process,ARV,111-MZ-T01,05-Sep-08,Air,Adult,60,0.22,SCMS from RDC,N/A - From RDC,See DN-850 (ID#:10733)
6411,ASN-5420,Generic,South Africa,30-Oct-09,30-Oct-09,10mg/ml,Oral solution,Yes,Freight Included in Commodity Cost,Direct Drop,"Lamivudine 10mg/ml, oral solution, Bottle, 240 ml",40.25,3304,18667.6,PMO - US,"Aurobindo Unit III, India",Lamivudine,5.65,3/18/09,SCMS-41463,Pre-PQ Process,Pre-PQ Process,ARV,116-ZA-T01,25-Jun-09,Air,Pediatric,240,0.02,S. BUYS WHOLESALER,DDP,Weight Captured Separately
64995,ASN-22879,Determine,Nigeria,10-Dec-13,16-Dec-13,MIssing,Test kit,Yes,61637.1,Direct Drop,"HIV 1/2, Determine Complete HIV Kit, 100 Tests",1027.17,9330,830370.0,PMO - US,"Alere Medical Co., Ltd.","HIV 1/2, Determine Complete HIV Kit",89.0,11-01-13,SCMS-210350,FPQ-12812,8/13/13,HRDT,133-NG-T30,23-Dec-13,Air,HIV test,100,0.89,"Orgenics, Ltd",EXW,3787
18980,ASN-30243,Determine,Tanzania,28-Apr-15,28-Apr-15,MIssing,Test kit,Yes,2234.96,Direct Drop,"HIV 1/2, Determine Complete HIV Kit, 100 Tests",27.63,336,26880.0,PMO - US,"Alere Medical Co., Ltd.","HIV 1/2, Determine Complete HIV Kit",80.0,4/29/14,SCMS-235440,FPQ-13945,3/27/14,HRDT,109-TZ-T30,28-Apr-15,Air,HIV test,100,0.8,"Orgenics, Ltd",EXW,139
82839,DN-1333,Generic,Nigeria,14-Sep-09,14-Sep-09,150/200/30mg,Tablet - FDC,Yes,1567.51,From RDC,"Lamivudine/Nevirapine/Stavudine 150/200/30mg, tablets, 60 Tabs",0.69,50,350.0,PMO - US,"Strides, Bangalore, India.",Lamivudine/Nevirapine/Stavudine,7.0,N/A - From RDC,SO-32273,FPQ-3815,5/26/09,ARV,154-NG-T30,17-Sep-09,Air,Adult,60,0.12,SCMS from RDC,N/A - From RDC,35
67769,ASN-22277,Determine,Dominican Republic,29-Oct-13,01-Nov-13,MIssing,Test kit,No,See ASN-22277 (ID#:61493),Direct Drop,"HIV 1/2, Determine Complete HIV Kit, 100 Tests",0,112,0.0,PMO - US,"Alere Medical Co., Ltd.","HIV 1/2, Determine Complete HIV Kit",0.0,08-07-13,SCMS-202330,FPQ-12359,06-04-13,HRDT,105-DO-T30,29-Oct-13,Air,HIV test,100,0.0,"Standard Diagnostics, Inc.",EXW,See ASN-22277 (ID#:61493)
74183,ASN-26174,Determine,Burundi,13-Jun-14,13-Jun-14,MIssing,Test kit,Yes,21348.51,Direct Drop,"HIV 1/2, Determine Complete HIV Kit, 100 Tests",173.86,2114,169120.0,PMO - US,"Alere Medical Co., Ltd.","HIV 1/2, Determine Complete HIV Kit",80.0,4/29/14,SCMS-235540,FPQ-13998,04-01-14,HRDT,102-BI-T30,13-Jun-14,Air,HIV test,100,0.8,"Orgenics, Ltd",EXW,822
84660,DN-2269,Generic,Mozambique,01-Sep-11,01-Sep-11,150/300mg,Tablet - FDC,Yes,3525.04,From RDC,"Lamivudine/Zidovudine 150/300mg, tablets, 60 Tabs",559.16,39636,338887.8,PMO - US,"Aurobindo Unit III, India",Lamivudine/Zidovudine,8.55,N/A - From RDC,SO-38660,FPQ-7053,1/24/11,ARV,111-MZ-T30,31-Aug-11,Truck,Adult,60,0.14,SCMS from RDC,N/A - From RDC,3666
71672,ASN-5225,Determine,Nigeria,16-Nov-09,16-Nov-09,MIssing,Test kit,Yes,43692.46,Direct Drop,"HIV 1/2, Determine Complete HIV Kit, 100 Tests",799.68,5100,408000.0,PMO - US,Inverness Japan,"HIV 1/2, Determine Complete HIV Kit",80.0,08-07-09,SCMS-51090,FPQ-4069,08-03-09,HRDT,133-NG-T30,16-Nov-09,Air,HIV test,100,0.8,"Orgenics, Ltd",EXW,2440
77925,ASN-28034,Generic,South Africa,29-Aug-14,29-Aug-14,300mg,Tablet,No,Freight Included in Commodity Cost,Direct Drop,"Tenofovir Disoproxil Fumarate 300mg, tablets, 30 Tabs",12.15,472,9824.7,PMO - US,Hetero Unit III Hyderabad IN,Tenofovir Disoproxil Fumarate,20.82,8/29/14,SCMS-199289,FPQ-12522,07-11-13,ARV,116-ZA-T30,29-Aug-14,Truck,Adult,30,0.69,S. BUYS WHOLESALER,DDP,Weight Captured Separately
83271,DN-3862,Generic,Zambia,06-Aug-14,22-Aug-14,300mg,Tablet,Yes,4130.15,From RDC,"Abacavir 300mg, tablets, 60 Tabs",54.14,4636,52664.96,PMO - US,"Aurobindo Unit III, India",Abacavir,11.36,N/A - From RDC,SO-48011,FPQ-13679,02-02-14,ARV,100-ZM-T30,06-Aug-14,Truck,Adult,60,0.19,SCMS from RDC,N/A - From RDC,458
84519,DN-1569,Generic,Nigeria,18-Dec-09,18-Dec-09,300/300mg,Tablet - FDC,Yes,11637.64,From RDC,"Lamivudine/Tenofovir Disoproxil Fumarate 300/300mg, tablets, 30 Tabs",980.78,50040,500400.0,PMO - US,Mylan (formerly Matrix) Nashik,Lamivudine/Tenofovir Disoproxil Fumarate,10.0,N/A - From RDC,SO-33144,FPQ-4105,8/13/09,ARV,151-NG-T30,18-Dec-09,Air Charter,Adult,30,0.33,SCMS from RDC,N/A - From RDC,4161
63292,ASN-28050,Norvir,Vietnam,01-Oct-14,01-Oct-14,100mg,Tablet,Yes,379.77,Direct Drop,"Ritonavir 100mg [Norvir], film coated tablets, 30 Tabs",9.56,400,9304.0,PMO - US,ABBVIE Ludwigshafen Germany,Ritonavir,23.26,4/30/14,SCMS-236080,FPQ-13976,04-08-14,ARV,108-VN-T30,01-Oct-14,Air,Adult,30,0.78,ABBVIE LOGISTICS (FORMERLY ABBOTT LOGISTICS BV),FCA,52
85480,DN-3736,Generic,Uganda,30-Jun-14,01-Jul-14,150/300/200mg,Tablet - FDC,Yes,19248.7,From RDC,"Lamivudine/Nevirapine/Zidovudine 150/200/300mg, tablets, 60 Tabs",1808.08,212934,1758834.84,PMO - US,Hetero Unit III Hyderabad IN,Lamivudine/Nevirapine/Zidovudine,8.26,N/A - From RDC,SO-46871,FPQ-13108,10/16/13,ARV,114-UG-T30,30-Jun-14,Truck,Adult,60,0.14,SCMS from RDC,N/A - From RDC,27953
82403,DN-2353,Generic,Nigeria,28-Sep-11,28-Sep-11,150mg,Tablet,Yes,18495.9,From RDC,"Lamivudine 150mg, tablets, 60 Tabs",16.53,4300,10019.0,PMO - US,"Aurobindo Unit III, India",Lamivudine,2.33,N/A - From RDC,SO-39994,FPQ-7812,06-06-11,ARV,151-NG-T30,03-Nov-11,Air Charter,Adult,60,0.04,SCMS from RDC,N/A - From RDC,220
56837,ASN-30803,Generic,Haiti,12-Mar-15,13-Mar-15,300/100mg,Tablet,Yes,3029.18,Direct Drop,"Atazanavir/Ritonavir 300/100mg, tablets, 30 Tabs",40.09,2000,39000.0,PMO - US,Mylan (formerly Matrix) Nashik,Atazanavir/Ritonavir,19.5,2/19/15,SCMS-277520,FPQ-15038,10/22/14,ARV,106-HT-T30,12-Mar-15,Air,Adult,30,0.65,MYLAN LABORATORIES LTD (FORMERLY MATRIX LABORATORIES),EXW,280
1519,ASN-1439,Norvir,Vietnam,28-Mar-08,28-Mar-08,100mg,Capsule,Yes,2535.4,Direct Drop,"Ritonavir 100mg [Norvir], capsules, cool, 4 x 84 Caps",29.33,100,18333.0,PMO - US,ABBVIE (Abbott) Logis. UK,Ritonavir,183.33,11/21/07,SCMS-14170,Pre-PQ Process,Pre-PQ Process,ARV,108-VN-T01,28-Mar-08,Air,Adult,336,0.55,ABBVIE LOGISTICS (FORMERLY ABBOTT LOGISTICS BV),FCA,337
82680,DN-3732,Generic,Uganda,30-Jun-14,01-Jul-14,150/300/200mg,Tablet - FDC,Yes,9857.35,From RDC,"Lamivudine/Nevirapine/Zidovudine 150/200/300mg, tablets, 60 Tabs",833.71,100000,811000.0,PMO - US,"Aurobindo Unit III, India",Lamivudine/Nevirapine/Zidovudine,8.11,N/A - From RDC,SO-46875,FPQ-13108,10/16/13,ARV,114-UG-T30,30-Jun-14,Truck,Adult,60,0.14,SCMS from RDC,N/A - From RDC,18737
76189,ASN-8509,Generic,South Africa,15-Dec-10,15-Dec-10,300mg,Tablet,Yes,3315.23,Direct Drop,"Zidovudine 300mg, tablets, 60 Tabs",1202.2,75048,557606.64,PMO - US,"Aurobindo Unit III, India",Zidovudine,7.43,3/19/10,SCMS-69050,FPQ-5303,3/18/10,ARV,161-ZA-T30,15-Dec-10,Air,Adult,60,0.12,Aurobindo Pharma Limited,DDP,4023
83726,DN-3355,Generic,Dominican Republic,10-Oct-13,29-Oct-13,600mg,Tablet,Yes,90360.12,From RDC,"Efavirenz 600mg, tablets, 30 Tabs",16.77,4072,13559.76,PMO - US,"Strides, Bangalore, India.",Efavirenz,3.33,N/A - From RDC,SO-46150,FPQ-11920,3/18/13,ARV,103-DO-T30,29-Oct-13,Air,Adult,30,0.11,SCMS from RDC,N/A - From RDC,7791
19873,ASN-33470,Generic,South Africa,24-Jul-15,24-Jul-15,200mg,Tablet,No,Freight Included in Commodity Cost,Direct Drop,"Nevirapine 200mg, tablets, 60 Tabs",0.32,23,315.96,PMO - US,"Aurobindo Unit III, India",Nevirapine,13.74,10-09-14,SCMS-259078,FPQ-14942,09-11-14,ARV,116-ZA-T30,24-Jul-15,Truck,Adult,60,0.23,PHARMACY DIRECT,DDP,Weight Captured Separately
10685,DN-668,Generic,Ethiopia,25-Mar-08,25-Mar-08,30mg,Capsule,Yes,11862.2,From RDC,"Stavudine 30mg, capsules, 60 Caps",124.74,51293,77965.36,PMO - US,"Aurobindo Unit III, India",Stavudine,1.52,N/A - From RDC,SO-1949,Pre-PQ Process,Pre-PQ Process,ARV,117-ET-T01,25-Mar-08,MIssing,Adult,60,0.03,SCMS from RDC,N/A - From RDC,3371
83390,DN-1590,Crixivan,Haiti,17-Dec-09,17-Dec-09,400mg,Capsule,No,See DN-1590 (ID#:83388),From RDC,"Indinavir 400mg [Crixivan], capsules, 180 Caps",3.45,32,1600.0,PMO - US,"MSD, Haarlem, NL",Indinavir,50.0,N/A - From RDC,SO-34720,FPQ-4384,10/23/09,ARV,106-HT-T30,25-Dec-09,Air Charter,Adult,180,0.28,SCMS from RDC,N/A - From RDC,See DN-1590 (ID#:83388)
11663,DN-1332,Generic,Mozambique,27-Aug-09,27-Aug-09,150/300mg,Tablet - FDC,Yes,2400.25,From RDC,"Lamivudine/Zidovudine 150/300mg, tablets, 60 Tabs",42.65,2484,21759.84,PMO - US,"Aurobindo Unit III, India",Lamivudine/Zidovudine,8.76,N/A - From RDC,SO-26423,Pre-PQ Process,Date Not Captured,ARV,111-MZ-T01,27-Aug-09,Truck,Adult,60,0.15,SCMS from RDC,N/A - From RDC,2078
12328,DN-1499,Generic,Zambia,23-Oct-09,23-Oct-09,600mg,Tablet,Yes,5097.09,From RDC,"Efavirenz 600mg, tablets, 30 Tabs",173.73,13941,80578.98,PMO - US,"Emcure Plot No.P-2, I.T-B.T. Park, Phase II, MIDC, Hinjwadi, Pune, India",Efavirenz,5.78,N/A - From RDC,SO-33320,Pre-PQ Process,Date Not Captured,ARV,110-ZM-T01,23-Oct-09,Air,Adult,30,0.19,SCMS from RDC,N/A - From RDC,986
20291,ASN-7373,Truvada,South Africa,31-May-10,31-May-10,300/200mg,Tablet - FDC,No,Freight Included in Commodity Cost,Direct Drop,"Emtricitabine/Tenofovir Disoproxil Fumarate 200/300mg [Truvada], tablets, 30 Tabs",55.62,540,25796.95,PMO - US,"Aspen-OSD, Port Elizabeth, SA",Emtricitabine/Tenofovir Disoproxil Fumarate,47.77,4/21/10,SCMS-71370,FPQ-5535,4/19/10,ARV,116-ZA-T30,31-May-10,Truck,Adult,30,1.59,S. BUYS WHOLESALER,DDP,Weight Captured Separately
11316,DN-1211,Generic,Nigeria,14-May-09,14-May-09,150/300/200mg,Tablet - FDC,Yes,10823.52,From RDC,"Lamivudine/Nevirapine/Zidovudine 150/200/300mg, tablets, 60 Tabs",211.89,9483,108106.2,PMO - US,"Aurobindo Unit III, India",Lamivudine/Nevirapine/Zidovudine,11.4,N/A - From RDC,SO-22529,Pre-PQ Process,Pre-PQ Process,ARV,151-NG-T01,14-May-09,Air,Adult,60,0.19,SCMS from RDC,N/A - From RDC,1079
24461,ASN-28036,Generic,South Africa,29-Aug-14,29-Aug-14,50mg,Capsule,No,Freight Included in Commodity Cost,Direct Drop,"Efavirenz 50mg, capsule, 30 Caps",0.49,119,394.64,PMO - US,"Aurobindo Unit III, India",Efavirenz,3.32,8/29/14,SCMS-199289,FPQ-12522,07-11-13,ARV,116-ZA-T30,29-Aug-14,Truck,Pediatric,30,0.11,S. BUYS WHOLESALER,DDP,Weight Captured Separately
81700,ASN-8125,Generic,South Africa,20-Sep-10,20-Sep-10,600mg,Tablet,Yes,4263.07,Direct Drop,"Efavirenz 600mg, tablets, 30 Tabs",320.93,31875,148856.25,PMO - US,"Aurobindo Unit III, India",Efavirenz,4.67,3/19/10,SCMS-68940,FPQ-5303,3/18/10,ARV,161-ZA-T30,07-Sep-10,Air,Adult,30,0.16,Aurobindo Pharma Limited,DDP,3005
5352,ASN-575,Uni-Gold,Guyana,07-Aug-07,07-Aug-07,MIssing,Test kit,Yes,8576.8,Direct Drop,"HIV 1/2, Uni-Gold HIV Kit, 20 Tests",76.8,1500,48000.0,PMO - US,"Trinity Biotech, Plc","HIV 1/2, Uni-Gold HIV Kit",32.0,07-06-07,SCMS-765,Pre-PQ Process,Pre-PQ Process,HRDT,102-GY-T01,07-Aug-07,Air,HIV test,20,1.6,"Trinity Biotech, Plc",EXW,515
68779,ASN-7301,Generic,Vietnam,16-Jul-10,16-Jul-10,150/300mg,Tablet - FDC,Yes,9535.67,Direct Drop,"Lamivudine/Zidovudine 150/300mg, tablets, 60 Tabs",202.85,11004,94084.2,PMO - US,"Aurobindo Unit III, India",Lamivudine/Zidovudine,8.55,3/24/10,SCMS-68550,FPQ-5094,3/15/10,ARV,108-VN-T30,16-Jul-10,Air,Adult,60,0.14,Aurobindo Pharma Limited,EXW,1073
65349,ASN-12948,Generic,South Africa,01-Dec-11,01-Dec-11,600mg,Tablet,Yes,9582.53,Direct Drop,"Efavirenz 600mg, tablets, 30 Tabs",682.71,96224,413763.2,PMO - US,"Emcure Plot No.P-2, I.T-B.T. Park, Phase II, MIDC, Hinjwadi, Pune, India",Efavirenz,4.3,3/23/11,SCMS-103680,FPQ-7175,03-10-11,ARV,161-ZA-T30,01-Dec-11,Ocean,Adult,30,0.14,EMCURE PHARMACEUTICALS LTD,DDP,7556
36592,ASN-11412,Determine,Zimbabwe,08-Sep-11,08-Sep-11,MIssing,Test kit,Yes,14423.28,Direct Drop,"HIV 1/2, Determine Complete HIV Kit, 100 Tests",141.24,1070,85600.0,PMO - US,Inverness Japan,"HIV 1/2, Determine Complete HIV Kit",80.0,05-05-11,SCMS-108030,FPQ-7521,04-07-11,HRDT,113-ZW-T30,08-Sep-11,Air,HIV test,100,0.8,"Orgenics, Ltd",EXW,532
45147,ASN-33165,Generic,Uganda,27-Jul-15,28-Jul-15,300/100mg,Tablet,Yes,Invoiced Separately,Direct Drop,"Atazanavir/Ritonavir 300/100mg, tablets, 30 Tabs",146.33,6907,124326.0,PMO - US,"Emcure Plot No.P-2, I.T-B.T. Park, Phase II, MIDC, Hinjwadi, Pune, India",Atazanavir/Ritonavir,18.0,11/25/14,SCMS-264980,FPQ-15303,11-11-14,ARV,114-UG-T30,27-Jul-15,Air,Adult,30,0.6,EMCURE PHARMACEUTICALS LTD,EXW,Weight Captured Separately
2559,ASN-4094,Generic,Vietnam,08-Jun-09,08-Jun-09,250mg,Delayed-release capsules,Yes,4111.71,Direct Drop,"Didanosine 250mg, delayed-release capsules, 30 Caps",3.82,150,1950.0,PMO - US,"Aurobindo Unit III, India",Didanosine,13.0,4/29/09,SCMS-44980,Pre-PQ Process,Pre-PQ Process,ARV,108-VN-T01,08-Jun-09,Air,Adult,30,0.43,Aurobindo Pharma Limited,EXW,30
74993,ASN-31069,Intelence,South Africa,09-Mar-15,09-Mar-15,100mg,Tablet,No,Freight Included in Commodity Cost,Direct Drop,"Etravirine 100mg [Intelence], tablets, 120 Tabs",1.08,41,1049.33,PMO - US,"Janssen-Cilag, Latina, IT",Etravirine,25.59,03-09-15,SCMS-259074,FPQ-14942,09-11-14,ARV,116-ZA-T30,09-Mar-15,Truck,Adult,120,0.21,PHARMACY DIRECT,DDP,Weight Captured Separately
9866,ASN-2438,Determine,Nigeria,15-Oct-08,15-Oct-08,MIssing,Test kit,No,See ASN-2438 (ID#:1941),Direct Drop,"HIV 1/2, Determine HIV Kit, without Lancets, 100 Tests",832.15,6502,520094.98,PMO - US,Inverness Japan,"HIV 1/2, Determine HIV Kit, without Lancets",79.99,7/18/08,SCMS-27060,Pre-PQ Process,Pre-PQ Process,HRDT,133-NG-T01,15-Oct-08,Air,HIV test,100,0.8,"Orgenics, Ltd",EXW,See ASN-2438 (ID#:1941)
83849,DN-3970,Generic,Zimbabwe,30-Oct-14,07-Nov-14,60/30mg,Tablet - FDC,Yes,1489.8,From RDC,"Abacavir/Lamivudine 60/30mg, tablets, 60 Tabs",113.08,27847,109995.65,PMO - US,Mylan (formerly Matrix) Nashik,Abacavir/Lamivudine,3.95,N/A - From RDC,SO-48470,FPQ-13990,04-01-14,ARV,103-ZW-T30,31-Oct-14,Truck,Pediatric,60,0.07,SCMS from RDC,N/A - From RDC,1153
1929,ASN-2488,Videx,South Africa,08-Jul-08,08-Jul-08,2g,Powder for oral solution,No,Freight Included in Commodity Cost,Direct Drop,"Didanosine 2g [Videx], powder for oral solution 10mg/ml, reconstitute to 200 ml",0.24,12,150.48,PMO - US,"BMS Meymac, France",Didanosine,12.54,Date Not Captured,SCMS-26820,Pre-PQ Process,Pre-PQ Process,ARV,116-ZA-T01,10-Jul-08,Truck,Pediatric,200,0.06,S. BUYS WHOLESALER,DDP,Weight Captured Separately
20266,ASN-15425,Intelence,Uganda,05-Jul-12,05-Jul-12,100mg,Tablet,Yes,475,Direct Drop,"Etravirine 100mg [Intelence], tablets, 120 Tabs",15.77,150,11250.0,PMO - US,"Janssen-Cilag, Latina, IT",Etravirine,75.0,4/17/12,SCMS-142320,FPQ-9365,3/15/12,ARV,114-UG-T30,05-Jul-12,Air,Adult,120,0.62,ASPEN PHARMACARE,DDP,49
83316,DN-4159,Generic,Zimbabwe,17-Mar-15,19-Mar-15,60/30mg,Tablet - FDC,Yes,1417.12,From RDC,"Abacavir/Lamivudine 60/30mg, tablets, 60 Tabs",81.2,19996,78984.2,PMO - US,Mylan (formerly Matrix) Nashik,Abacavir/Lamivudine,3.95,N/A - From RDC,SO-48420,FPQ-13967,04-02-14,ARV,103-ZW-T30,31-Mar-15,Truck,Pediatric,60,0.07,SCMS from RDC,N/A - From RDC,1119
83231,DN-3617,Generic,Rwanda,06-May-14,20-Jun-14,200mg,Tablet,Yes,5445.73,From RDC,"Nevirapine 200mg, tablets, 60 Tabs",68.31,24436,55225.36,PMO - US,"Aurobindo Unit III, India",Nevirapine,2.26,N/A - From RDC,SO-45393,FPQ-12190,05-06-13,ARV,107-RW-T30,06-May-14,Truck,Adult,60,0.04,SCMS from RDC,N/A - From RDC,2342
29932,ASN-9181,Generic,South Africa,31-Jan-11,31-Jan-11,150mg,Tablet,Yes,17266.59,Direct Drop,"Lamivudine 150mg, tablets, 60 Tabs",1219.32,238627,565545.99,PMO - US,"Aurobindo Unit III, India",Lamivudine,2.37,9/24/10,SCMS-83790,FPQ-6262,8/31/10,ARV,161-ZA-T30,31-Jan-11,Ocean,Adult,60,0.04,Aurobindo Pharma Limited,DDP,12045
39724,ASN-9195,Generic,South Africa,01-Feb-11,01-Feb-11,50mg,Capsule,Yes,21695.97,Direct Drop,"Efavirenz 50mg, capsule, 30 Caps",165.3,32080,76671.2,PMO - US,"Aurobindo Unit III, India",Efavirenz,2.39,9/24/10,SCMS-83790,FPQ-6262,8/31/10,ARV,161-ZA-T30,31-Dec-10,Ocean,Pediatric,30,0.08,Aurobindo Pharma Limited,DDP,2666
34113,ASN-20331,Determine,South Sudan,20-Sep-13,20-Sep-13,MIssing,Test kit - Ancillary,Yes,2660.05,Direct Drop,"Chase Buffer, Determine, 100 Tests, 2.5ml x 1 Vial",0.71,115,575.0,PMO - US,"Alere Medical Co., Ltd.","Chase Buffer, Determine, 100 Tests, 2.5ml x 1 Vial",5.0,2/26/13,SCMS-176931,FPQ-11539,1/24/13,HRDT,105-SS-T30,20-Sep-13,Air,HIV test - Ancillary,1,5.0,"Orgenics, Ltd",EXW,115
25477,ASN-12478,Isentress,Uganda,19-Oct-11,19-Oct-11,400mg,Tablet,Yes,501,Direct Drop,"Raltegravir 400mg [Isentress], tablets, 60 Tabs",41.37,274,25071.0,PMO - US,"MSD, Haarlem, NL",Raltegravir,91.5,3/25/11,SCMS-104110,FPQ-7268,03-11-11,ARV,114-UG-T30,19-Oct-11,Air,Adult,60,1.52,MERCK SHARP & DOHME IDEA GMBH (FORMALLY MERCK SHARP & DOHME B.V.),CIP,28
82958,DN-2259,Generic,Ghana,15-Jul-11,15-Jul-11,150/300mg,Tablet - FDC,Yes,21881.71,From RDC,"Lamivudine/Zidovudine 150/300mg, tablets, 60 Tabs",408.84,29998,247783.48,PMO - US,"Aurobindo Unit III, India",Lamivudine/Zidovudine,8.26,N/A - From RDC,SO-39940,FPQ-7799,06-06-11,ARV,100-GH-T30,04-Jul-11,Air,Adult,60,0.14,SCMS from RDC,N/A - From RDC,3274
36322,ASN-31571,Generic,Haiti,17-Jun-15,18-Jun-15,150/300mg,Tablet - FDC,Yes,Invoiced Separately,Direct Drop,"Lamivudine/Zidovudine 150/300mg, tablets, 60 Tabs",353.67,53010,344034.9,PMO - US,Mylan (formerly Matrix) Nashik,Lamivudine/Zidovudine,6.49,12/24/14,SCMS-262841,FPQ-15038,10/22/14,ARV,106-HT-T30,17-Jun-15,Ocean,Adult,60,0.11,MYLAN LABORATORIES LTD (FORMERLY MATRIX LABORATORIES),EXW,Weight Captured Separately
35870,ASN-18631,Prezista,Uganda,14-Mar-13,14-Mar-13,300mg,Tablet,Yes,1571.76,Direct Drop,"Darunavir 300mg [Prezista], tablets, 120 Tabs",31.97,388,25840.8,PMO - US,"Aspen-OSD, Port Elizabeth, SA",Darunavir,66.6,1/17/13,SCMS-171950,FPQ-11153,12/13/12,ARV,114-UG-T30,14-Mar-13,Air,Adult,120,0.55,ASPEN PHARMACARE,DDP,68
82481,DN-2693,Generic,Zimbabwe,27-Jun-12,27-Jun-12,150/300mg,Tablet - FDC,Yes,5530.11,From RDC,"Lamivudine/Zidovudine 150/300mg, tablets, 60 Tabs",42.94,3345,26024.1,PMO - US,Mylan (formerly Matrix) Nashik,Lamivudine/Zidovudine,7.78,N/A - From RDC,SO-40883,FPQ-8464,10-04-11,ARV,113-ZW-T30,14-Aug-12,Truck,Adult,60,0.13,SCMS from RDC,N/A - From RDC,7095
82629,DN-3467,Generic,Haiti,07-Feb-14,24-Feb-14,30/6mg,Chewable/dispersible tablet - FDC,Yes,Invoiced Separately,From RDC,"Lamivudine/Stavudine 30/6mg, dispersible tablets, 60 Tabs",0.14,58,110.2,PMO - US,"Cipla, Goa, India",Lamivudine/Stavudine,1.9,N/A - From RDC,SO-46240,FPQ-12674,8/21/13,ARV,106-HT-T30,31-Jan-14,Air,Pediatric,60,0.03,SCMS from RDC,N/A - From RDC,Weight Captured Separately
56962,ASN-13534,Uni-Gold,Mozambique,29-Feb-12,29-Feb-12,MIssing,Test kit,Yes,33872.84,Direct Drop,"HIV 1/2, Uni-Gold HIV Kit, 20 Tests",390.72,7400,236800.0,PMO - US,"Trinity Biotech, Plc","HIV 1/2, Uni-Gold HIV Kit",32.0,11/29/11,SCMS-130150,FPQ-8527,10-05-11,HRDT,111-MZ-T30,29-Feb-12,Ocean,HIV test,20,1.6,"Trinity Biotech, Plc",EXW,2471
84791,DN-3034,Generic,Uganda,01-Mar-13,01-Mar-13,150/300mg,Tablet - FDC,Yes,39037.7,From RDC,"Lamivudine/Zidovudine 150/300mg, tablets, 60 Tabs",230.94,25680,186693.6,PMO - US,"Aurobindo Unit III, India",Lamivudine/Zidovudine,7.27,N/A - From RDC,SO-43940,FPQ-11143,12/13/12,ARV,114-UG-T30,29-Mar-13,Air,Adult,60,0.12,SCMS from RDC,N/A - From RDC,3988
8463,ASN-2293,Zerit,South Africa,08-May-08,08-May-08,40mg,Capsule,No,Freight Included in Commodity Cost,Direct Drop,"Stavudine 40mg [Zerit], capsules, 60 Caps",0.83,100,517.0,PMO - US,"BMS Meymac, France",Stavudine,5.17,Date Not Captured,SCMS-23500,Pre-PQ Process,Pre-PQ Process,ARV,116-ZA-T01,20-Aug-08,Truck,Adult,60,0.09,S. BUYS WHOLESALER,DDP,Weight Captured Separately
13817,ASN-26119,Generic,Zimbabwe,14-Jun-14,16-Jun-14,300/300mg,Tablet - FDC,Yes,25730.13,Direct Drop,"Lamivudine/Tenofovir Disoproxil Fumarate 300/300mg, tablets, 30 Tabs",156.17,32670,151915.5,PMO - US,"Aurobindo Unit VII, IN",Lamivudine/Tenofovir Disoproxil Fumarate,4.65,05-08-14,SCMS-234720,FPQ-13939,04-01-14,ARV,113-ZW-T30,14-Jun-14,Air,Adult,30,0.16,Aurobindo Pharma Limited,EXW,3076
64020,ASN-9490,Generic,South Africa,04-Mar-11,04-Mar-11,10mg/ml,Oral solution,Yes,10446.36,Direct Drop,"Lamivudine 10mg/ml, oral solution w/syringe, Bottle, 240 ml",210.2,48264,97493.28,PMO - US,"Aurobindo Unit III, India",Lamivudine,2.02,9/24/10,SCMS-83830,FPQ-6262,8/31/10,ARV,161-ZA-T30,04-Mar-11,Ocean,Pediatric,240,0.01,Aurobindo Pharma Limited,DDP,17436
86001,DN-3327,Generic,Zambia,17-Sep-13,17-Sep-13,300mg,Tablet,No,See DN-3327 (ID#:85400),From RDC,"Abacavir 300mg, tablets, 60 Tabs",55.4,3908,44785.68,PMO - US,"Aurobindo Unit III, India",Abacavir,11.46,N/A - From RDC,SO-45060,FPQ-12066,4/19/13,ARV,110-ZM-T30,30-Sep-13,Truck,Adult,60,0.19,SCMS from RDC,N/A - From RDC,See DN-3327 (ID#:85400)
1956,ASN-2766,Generic,Vietnam,25-Nov-08,25-Nov-08,600mg,Tablet,Yes,3247.73,Direct Drop,"Efavirenz 600mg, tablets, 30 Tabs",167.77,8400,85596.0,PMO - US,Mylan (formerly Matrix) Nashik,Efavirenz,10.19,7/24/08,SCMS-27350,Pre-PQ Process,Pre-PQ Process,ARV,108-VN-T01,25-Nov-08,Air,Adult,30,0.34,MYLAN LABORATORIES LTD (FORMERLY MATRIX LABORATORIES),EXW,613
2432,ASN-3581,Generic,South Africa,29-Jan-09,29-Jan-09,150mg,Tablet,Yes,Freight Included in Commodity Cost,Direct Drop,"Lamivudine 150mg, tablets, 60 Tabs",71.7,6700,36582.0,PMO - US,"Aurobindo Unit III, India",Lamivudine,5.46,Date Not Captured,SCMS-40860,Pre-PQ Process,Pre-PQ Process,ARV,116-ZA-T01,23-Jun-09,Air,Adult,60,0.09,S. BUYS WHOLESALER,DDP,Weight Captured Separately
10962,DN-686,Determine,Haiti,03-Apr-08,03-Apr-08,MIssing,Test kit,No,See DN-686 (ID#:10691),From RDC,"HIV 1/2, Determine HIV Kit, without Lancets, 100 Tests",2.88,25,1800.0,PMO - US,Inverness Japan,"HIV 1/2, Determine HIV Kit, without Lancets",72.0,N/A - From RDC,SO-1291,Pre-PQ Process,Pre-PQ Process,HRDT,125-HT-T01,03-Apr-08,Air,HIV test,100,0.72,SCMS from RDC,N/A - From RDC,See DN-686 (ID#:10691)
21573,ASN-25795,Determine,"Congo, DRC",07-Apr-14,23-Apr-14,MIssing,Test kit - Ancillary,Yes,Freight Included in Commodity Cost,Direct Drop,"Chase Buffer, Determine, 100 Tests, 2.5ml x 1 Vial",19.3,2500,18775.0,PMO - US,"Alere Medical Co., Ltd.","Chase Buffer, Determine, 100 Tests, 2.5ml x 1 Vial",7.51,1/30/14,SCMS-224850,FPQ-13548,1/22/14,HRDT,101-CD-T30,07-Apr-14,Truck,HIV test - Ancillary,1,7.51,WAGENIA,DDP,Weight Captured Separately
11528,DN-822,Generic,Zambia,29-Jul-08,29-Jul-08,600mg,Tablet,Yes,5468.93,From RDC,"Efavirenz 600mg, tablets, 30 Tabs",960.8,50000,600500.0,PMO - US,Mylan (formerly Matrix) Nashik,Efavirenz,12.01,N/A - From RDC,SO-1807,Pre-PQ Process,Pre-PQ Process,ARV,110-ZM-T01,29-Jul-08,Truck,Adult,30,0.4,SCMS from RDC,N/A - From RDC,3882
12858,DN-1060,Generic,Ethiopia,18-Feb-09,18-Feb-09,600mg,Tablet,No,See DN-1060 (ID#:11618),From RDC,"Efavirenz 600mg, tablets, 30 Tabs",574.29,27590,293005.8,PMO - US,Mylan (formerly Matrix) Nashik,Efavirenz,10.62,N/A - From RDC,SO-22000,Pre-PQ Process,Pre-PQ Process,ARV,117-ET-T01,18-Feb-09,Air,Adult,30,0.35,SCMS from RDC,N/A - From RDC,See DN-1060 (ID#:11618)
85836,DN-2574,Generic,Zambia,16-Mar-12,16-Mar-12,600mg,Tablet,Yes,19949.86,From RDC,"Efavirenz 600mg, tablets, 30 Tabs",352.7,61060,251567.2,PMO - US,"Strides, Bangalore, India.",Efavirenz,4.12,N/A - From RDC,SO-41400,FPQ-9186,1/16/12,ARV,110-ZM-T30,08-May-12,Truck,Adult,30,0.14,SCMS from RDC,N/A - From RDC,3718
11594,DN-969,Generic,Uganda,04-Nov-08,04-Nov-08,150/300/200mg,Tablet - FDC,No,See DN-969 (ID#:11593),From RDC,"Lamivudine/Nevirapine/Zidovudine 150/200/300mg, tablets, 60 Tabs",136.89,5919,69844.2,PMO - US,"Aurobindo Unit III, India",Lamivudine/Nevirapine/Zidovudine,11.8,N/A - From RDC,SO-17440,Pre-PQ Process,Pre-PQ Process,ARV,114-UG-T01,04-Nov-08,Air,Adult,60,0.2,SCMS from RDC,N/A - From RDC,See DN-969 (ID#:11593)
11747,DN-243,Aluvia,Tanzania,30-Jul-07,30-Jul-07,200/50mg,Tablet,Yes,1388,From RDC,"Lopinavir/Ritonavir 200/50mg [Aluvia], tablets, 120 Tabs",75.95,1155,47470.5,PMO - US,ABBVIE Ludwigshafen Germany,Lopinavir/Ritonavir,41.1,N/A - From RDC,SO-633,Pre-PQ Process,Pre-PQ Process,ARV,109-TZ-T01,30-Jul-07,Air,Adult,120,0.34,SCMS from RDC,N/A - From RDC,255
82661,DN-3603,Generic,"Congo, DRC",13-May-14,16-May-14,200mg,Tablet,Yes,3531.86,From RDC,"Nevirapine 200mg, tablets, 60 Tabs",5.03,2167,4897.42,PMO - US,"Aurobindo Unit III, India",Nevirapine,2.26,N/A - From RDC,SO-47640,FPQ-13554,1/15/14,ARV,101-CD-T30,26-Mar-14,Air,Adult,60,0.04,SCMS from RDC,N/A - From RDC,211
10950,DN-826,Generic,Tanzania,29-Jul-08,29-Jul-08,200mg,Tablet,No,See DN-826 (ID#:10674),From RDC,"Nevirapine 200mg, tablets, 60 Tabs",273.57,50288,170979.2,PMO - US,"Aurobindo Unit III, India",Nevirapine,3.4,N/A - From RDC,SO-2560,Pre-PQ Process,Pre-PQ Process,ARV,109-TZ-T01,29-Jul-08,Air,Adult,60,0.06,SCMS from RDC,N/A - From RDC,See DN-826 (ID#:10674)
12981,ASN-19428,Determine,South Sudan,16-Aug-13,16-Aug-13,MIssing,Test kit,Yes,1434.98,Direct Drop,"HIV 1/2, Determine Complete HIV Kit, 100 Tests",9.91,90,8010.0,PMO - US,"Alere Medical Co., Ltd.","HIV 1/2, Determine Complete HIV Kit",89.0,04-01-13,SCMS-181400,FPQ-11754,2/22/13,HRDT,105-SS-T30,16-Aug-13,Air,HIV test,100,0.89,"Orgenics, Ltd",EXW,39
993,ASN-3710,First Response,Rwanda,28-Apr-09,28-Apr-09,MIssing,Test kit,Yes,12595.81,Direct Drop,"HIV 1/2/O, First Response HIV 1-2.0, v.3.0 Cards Kit, 30 Tests",363.78,8249,185602.5,PMO - US,Premier Med. Corp Ltd. India,"HIV 1/2/O, First Response HIV 1-2.0, v.3.0 Cards Kit",22.5,2/18/09,SCMS-38660,Pre-PQ Process,Pre-PQ Process,HRDT,107-RW-T01,28-Apr-09,Air,HIV test,30,0.75,Premier Medical Corporation Ltd.,EXW,2800
76517,ASN-11611,Generic,Vietnam,24-Aug-11,24-Aug-11,150/300/200mg,Tablet - FDC,Yes,19632.73,Direct Drop,"Lamivudine/Nevirapine/Zidovudine 150/200/300mg, tablets, 60 Tabs",761.61,42000,461580.0,PMO - US,Mylan (formerly Matrix) Nashik,Lamivudine/Nevirapine/Zidovudine,10.99,05-02-11,SCMS-107640,FPQ-7565,4/21/11,ARV,108-VN-T30,24-Aug-11,Air,Adult,60,0.18,MYLAN LABORATORIES LTD (FORMERLY MATRIX LABORATORIES),EXW,5941
64832,ASN-26736,Determine,"Congo, DRC",11-Aug-14,27-Aug-14,MIssing,Test kit - Ancillary,No,See ASN-26736 (ID#:64603),Direct Drop,"Chase Buffer, Determine, 100 Tests, 2.5ml x 1 Vial",17.67,3438,17190.0,PMO - US,"Alere Medical Co., Ltd.","Chase Buffer, Determine, 100 Tests, 2.5ml x 1 Vial",5.0,5/20/14,SCMS-239710,FPQ-14100,4/23/14,HRDT,101-CD-T30,11-Aug-14,Air,HIV test - Ancillary,1,5.0,"Orgenics, Ltd",EXW,See ASN-26736 (ID#:64603)
51267,ASN-18601,Determine,Nigeria,02-Apr-13,02-Apr-13,MIssing,Test kit,Yes,26859.39,Direct Drop,"HIV 1/2, Determine Complete HIV Kit, 100 Tests",360.23,2887,256943.0,PMO - US,"Alere Medical Co., Ltd.","HIV 1/2, Determine Complete HIV Kit",89.0,10/16/12,SCMS-162440,FPQ-10765,10-05-12,HRDT,133-NG-T30,09-Jan-13,Air,HIV test,100,0.89,"Orgenics, Ltd",EXW,1247
11200,DN-440,Generic,CÃte dIvoire,29-Nov-07,29-Nov-07,30mg,Capsule,Yes,3452,From RDC,"Stavudine 30mg, capsules, 60 Caps",39.2,14000,24500.0,PMO - US,"Strides, Bangalore, India.",Stavudine,1.75,N/A - From RDC,SO-1145,Pre-PQ Process,Pre-PQ Process,ARV,104-CI-T01,29-Nov-07,Air,Adult,60,0.03,SCMS from RDC,N/A - From RDC,989
176,ASN-745,Stat-Pak,Nigeria,03-Oct-07,03-Oct-07,MIssing,Test kit,Yes,20885.78,Direct Drop,"HIV 1/2, Stat-Pak HIV, Kit, 20 Tests",432,10000,270000.0,PMO - US,Chembio Diagnostics Sys. Inc.,"HIV 1/2, Stat-Pak HIV, Kit",27.0,8/28/07,SCMS-11750,Pre-PQ Process,Pre-PQ Process,HRDT,102-NG-T01,03-Oct-07,Air,HIV test,20,1.35,"CHEMBIO DIAGNOSTIC SYSTEMS, INC.",EXW,3263
12794,DN-838,Bioline,Zimbabwe,26-Jul-08,26-Jul-08,MIssing,Test kit,No,See DN-838 (ID#:10718),From RDC,"HIV 1/2, Bioline 3.0 Kit, Lancets, Capillary pipets, Alcohol swabs included, 25 Tests",138.94,4342,86840.0,PMO - US,"Standard Diagnostics, Korea","HIV 1/2, Bioline 3.0 Kit, Lancets, Capillary pipets, Alcohol swabs included",20.0,N/A - From RDC,SO-1052,Pre-PQ Process,Pre-PQ Process,HRDT,113-ZW-T01,26-Jul-08,Truck,HIV test,25,0.8,SCMS from RDC,N/A - From RDC,See DN-838 (ID#:10718)
39184,ASN-11740,Determine,CÃte dIvoire,08-Sep-11,08-Sep-11,MIssing,Test kit,Yes,34282.33,Direct Drop,"HIV 1/2, Determine Complete HIV Kit, 100 Tests",372.37,2821,225680.0,PMO - US,Inverness Japan,"HIV 1/2, Determine Complete HIV Kit",80.0,05-05-11,SCMS-106600,FPQ-7325,03-09-11,HRDT,104-CI-T30,08-Sep-11,Air,HIV test,100,0.8,"Orgenics, Ltd",EXW,1346
65261,ASN-11758,Determine,Nigeria,31-Aug-11,31-Aug-11,MIssing,Test kit,Yes,28669.23,Direct Drop,"HIV 1/2, Determine Complete HIV Kit, 100 Tests",370.06,2520,224280.0,PMO - US,Inverness Japan,"HIV 1/2, Determine Complete HIV Kit",89.0,5/23/11,SCMS-108740,FPQ-7634,4/28/11,HRDT,133-NG-T30,31-Aug-11,Air,HIV test,100,0.89,"Orgenics, Ltd",EXW,1201
34965,ASN-19165,Generic,South Africa,15-Apr-13,15-Apr-13,10mg/ml,Oral solution,Yes,Freight Included in Commodity Cost,Direct Drop,"Lamivudine 10mg/ml, oral solution, Bottle, 240 ml",0.23,25,184.76,South Africa Field Office,"Cipla, Goa, India",Lamivudine,7.39,Date Not Captured,SCMS-183950,FPQ-11828,3/18/13,ARV,116-ZA-T30,15-Apr-13,Truck,Pediatric,240,0.03,S. BUYS WHOLESALER,DDP,Weight Captured Separately
21525,ASN-28021,Generic,South Africa,28-Aug-14,28-Aug-14,20mg/ml,Oral solution,No,Freight Included in Commodity Cost,Direct Drop,"Abacavir 20mg/ml, oral solution, Bottle, 240 ml",1.51,60,1470.62,PMO - US,"Aurobindo Unit III, India",Abacavir,24.51,8/28/14,SCMS-238553,FPQ-13973,4/30/14,ARV,116-ZA-T30,28-Aug-14,Truck,Pediatric,240,0.1,PHARMACY DIRECT,DDP,Weight Captured Separately
57909,ASN-30792,Generic,South Africa,19-Feb-15,19-Feb-15,600mg,Tablet,No,Freight Included in Commodity Cost,Direct Drop,"Efavirenz 600mg, tablets, 30 Tabs",0.05,3,46.79,PMO - US,"Aurobindo Unit III, India",Efavirenz,15.6,05-08-14,SCMS-238550,FPQ-13973,4/30/14,ARV,116-ZA-T30,19-Feb-15,Truck,Adult,30,0.52,PHARMACY DIRECT,DDP,Weight Captured Separately
37868,ASN-14065,Generic,Vietnam,13-Apr-12,13-Apr-12,600mg,Tablet,Yes,5664.49,Direct Drop,"Efavirenz 600mg, tablets, 30 Tabs",143.05,21146,86698.6,PMO - US,"Strides, Bangalore, India.",Efavirenz,4.1,07-08-11,SCMS-113621,FPQ-7898,6/27/11,ARV,108-VN-T30,13-Apr-12,Air,Adult,30,0.14,STRIDES ARCOLAB LIMITED,EXW,1301
44962,ASN-14702,Generic,Uganda,04-May-12,04-May-12,100/25mg,Tablet,Yes,677.4,Direct Drop,"Lopinavir/Ritonavir 100/25mg [Aluvia], tablets, 60 Tabs",2.18,210,1554.0,PMO - US,ABBVIE Ludwigshafen Germany,Lopinavir/Ritonavir,7.4,04-04-12,SCMS-142260,FPQ-9365,3/15/12,ARV,114-UG-T30,04-May-12,Air,Pediatric,60,0.12,ABBVIE LOGISTICS (FORMERLY ABBOTT LOGISTICS BV),FCA,36
74540,ASN-5842,Generic,Vietnam,27-Jan-10,27-Jan-10,30mg,Capsule,Yes,2633.91,Direct Drop,"Stavudine 30mg, capsules, 60 Caps",26.88,8904,12465.6,PMO - US,"Strides, Bangalore, India.",Stavudine,1.4,12-08-09,SCMS-58710,FPQ-4662,12-02-09,ARV,108-VN-T30,27-Jan-10,Air,Adult,60,0.02,STRIDES ARCOLAB LIMITED,EXW,429
7748,ASN-4196,Generic,South Africa,14-Apr-09,14-Apr-09,1mg/ml,Oral solution,No,Freight Included in Commodity Cost,Direct Drop,"Stavudine 1mg/ml, powder for oral solution, 200 ml",6.17,1500,3150.0,PMO - US,"Aurobindo Unit III, India",Stavudine,2.1,3/27/09,SCMS-41581,Pre-PQ Process,Pre-PQ Process,ARV,116-ZA-T01,25-Jun-09,Air,Pediatric,200,0.01,S. BUYS WHOLESALER,DDP,Weight Captured Separately
13064,ASN-32122,Generic,South Africa,12-May-15,12-May-15,300mg,Tablet,Yes,Freight Included in Commodity Cost,Direct Drop,"Abacavir 300mg, tablets, 60 Tabs",1.28,25,1246.3,PMO - US,"Aurobindo Unit III, India",Abacavir,49.85,05-11-15,SCMS-259075,FPQ-14942,09-11-14,ARV,116-ZA-T30,12-May-15,Truck,Adult,60,0.83,PHARMACY DIRECT,DDP,Weight Captured Separately
12553,DN-1060,Generic,Ethiopia,18-Feb-09,18-Feb-09,300mg,Tablet,No,See DN-1060 (ID#:11618),From RDC,"Tenofovir Disoproxil Fumarate 300mg, tablets, 30 Tabs",80.69,3100,41168.0,PMO - US,Mylan (formerly Matrix) Nashik,Tenofovir Disoproxil Fumarate,13.28,N/A - From RDC,SO-22000,Pre-PQ Process,Pre-PQ Process,ARV,117-ET-T01,18-Feb-09,Air,Adult,30,0.44,SCMS from RDC,N/A - From RDC,See DN-1060 (ID#:11618)
58761,ASN-23875,Generic,South Africa,13-Jan-14,13-Jan-14,200mg,Capsule,No,Freight Included in Commodity Cost,Direct Drop,"Efavirenz 200mg, capsule, 90 Caps",4.56,190,4438.36,PMO - US,"Aurobindo Unit III, India",Efavirenz,23.36,12-02-13,SCMS-215410,FPQ-13214,11/14/13,ARV,116-ZA-T30,13-Jan-14,Truck,Pediatric,90,0.26,S. BUYS WHOLESALER,DDP,Weight Captured Separately
83823,DN-3825,Generic,Zimbabwe,29-Jun-14,04-Aug-14,200mg,Tablet,No,See DN-3825 (ID#:82702),From RDC,"Nevirapine 200mg, tablets, 60 Tabs",152.64,68113,148486.34,PMO - US,Hetero Unit III Hyderabad IN,Nevirapine,2.18,N/A - From RDC,SO-47540,FPQ-13508,12/24/13,ARV,113-ZW-T30,30-Sep-14,Truck,Adult,60,0.04,SCMS from RDC,N/A - From RDC,See DN-3825 (ID#:82702)
12477,DN-717,Generic,Nigeria,18-Apr-08,18-Apr-08,30mg,Capsule,No,See DN-717 (ID#:11858),From RDC,"Stavudine 30mg, capsules, 60 Caps",3.7,1521,2311.92,PMO - US,"Aurobindo Unit III, India",Stavudine,1.52,N/A - From RDC,SO-2351,Pre-PQ Process,Pre-PQ Process,ARV,112-NG-T01,18-Apr-08,Air,Adult,60,0.03,SCMS from RDC,N/A - From RDC,See DN-717 (ID#:11858)
70823,ASN-20132,Norvir,Uganda,05-Jul-13,05-Jul-13,100mg,Tablet,Yes,1013.7,Direct Drop,"Ritonavir 100mg [Norvir], film coated tablets, 60 Tabs",2.86,337,2308.45,PMO - US,ABBVIE Ludwigshafen Germany,Ritonavir,6.85,01-11-13,SCMS-171970,FPQ-11141,12/13/12,ARV,114-UG-T30,05-Jul-13,Air,Adult,60,0.11,ABBVIE LOGISTICS (FORMERLY ABBOTT LOGISTICS BV),FCA,55
67153,ASN-21627,Generic,Uganda,06-Nov-13,13-Nov-13,150/300/200mg,Tablet - FDC,No,See ASN-21627 (ID#:48945),Direct Drop,"Lamivudine/Nevirapine/Zidovudine 150/200/300mg, tablets, 60 Tabs",1657,165374,1339529.4,PMO - US,Mylan (formerly Matrix) Nashik,Lamivudine/Nevirapine/Zidovudine,8.1,7/31/13,SCMS-198720,FPQ-12477,07-08-13,ARV,114-UG-T30,06-Nov-13,Ocean,Adult,60,0.13,MYLAN LABORATORIES LTD (FORMERLY MATRIX LABORATORIES),EXW,See ASN-21627 (ID#:48945)
82721,DN-3855,Generic,Mozambique,27-Oct-14,07-Nov-14,150/30mg,Tablet - FDC,Yes,118.16,From RDC,"Lamivudine/Stavudine 150/30mg, tablets, 60 Tabs",8.2,3068,7976.8,PMO - US,"Strides, Bangalore, India.",Lamivudine/Stavudine,2.6,N/A - From RDC,SO-48882,FPQ-14226,05-02-14,ARV,111-MZ-T30,31-Dec-14,Truck,Adult,60,0.04,SCMS from RDC,N/A - From RDC,150
62662,ASN-31323,Determine,South Sudan,03-Jun-15,05-Jun-15,MIssing,Test kit - Ancillary,No,See ASN-31323 (ID#:14240),Direct Drop,"Capillary Tubes, for Determine, EDTA, 50uL,100 Pcs",0.19,20,160.0,PMO - US,"Alere Medical Co., Ltd.","HIV, Capillary Tubes, for Determine, EDTA, 50uL,100 Pcs",8.0,2/20/15,SCMS-272160,FPQ-15569,12/29/14,HRDT,105-SS-T30,03-Jun-15,Air,HIV test - Ancillary,100,0.08,"Orgenics, Ltd",EXW,See ASN-31323 (ID#:14240)
11821,DN-500,Generic,Rwanda,05-Dec-07,05-Dec-07,MIssing,Test kit - Ancillary,No,See DN-500 (ID#:11213),From RDC,"HIV, Lancet, Safety, for HIV Test kits, 100 Pcs",0.01,405,4.05,PMO - US,Inverness Japan,"HIV, Lancet, Safety, for HIV Test kits, 100 Pcs",0.01,N/A - From RDC,SO-1448,Pre-PQ Process,Pre-PQ Process,HRDT,107-RW-T01,05-Dec-07,Air,HIV test - Ancillary,100,0.0,SCMS from RDC,N/A - From RDC,See DN-500 (ID#:11213)
72085,ASN-15492,Generic,Rwanda,02-Aug-12,02-Aug-12,600mg,Tablet,Yes,9054.61,Direct Drop,"Efavirenz 600mg, tablets, 30 Tabs",101.95,20370,72720.9,PMO - US,Hetero Unit III Hyderabad IN,Efavirenz,3.57,5/18/12,SCMS-137420,FPQ-8742,12-07-11,ARV,107-RW-T30,02-Aug-12,Ocean,Adult,30,0.12,HETERO LABS LIMITED,EXW,1619
85786,DN-2335,Generic,Mozambique,30-Sep-11,30-Sep-11,30mg,Capsule,Yes,888.93,From RDC,"Stavudine 30mg, capsules, 60 Caps",1.24,538,753.2,PMO - US,"Aurobindo Unit III, India",Stavudine,1.4,N/A - From RDC,SO-40410,FPQ-7053,1/24/11,ARV,111-MZ-T30,20-Sep-11,Truck,Adult,60,0.02,SCMS from RDC,N/A - From RDC,43
85706,DN-2011,Generic,CÃte dIvoire,25-Sep-10,25-Sep-10,20mg/ml,Oral solution,No,See DN-2011 (ID#:82350),From RDC,"Abacavir 20mg/ml, oral solution, Bottle, 240 ml",3.4,116,1577.6,PMO - US,"Aurobindo Unit III, India",Abacavir,13.6,N/A - From RDC,SO-36880,FPQ-5623,05-07-10,ARV,104-CI-T30,30-Sep-10,Air,Pediatric,240,0.06,SCMS from RDC,N/A - From RDC,See DN-2011 (ID#:82350)
4023,ASN-607,Generic,Guyana,09-Aug-07,09-Aug-07,MIssing,Test kit - Ancillary,Yes,Invoiced Separately,Direct Drop,"HIV, Lancet, Safety, for HIV Test kits, 100 Pcs",0,300,3.0,PMO - US,Inverness Japan,"HIV, Lancet, Safety, for HIV Test kits, 100 Pcs",0.01,7/25/07,SCMS-767,Pre-PQ Process,Pre-PQ Process,HRDT,102-GY-T01,09-Aug-07,Air,HIV test - Ancillary,100,0.0,"Orgenics, Ltd",EXW,Weight Captured Separately
12810,DN-773,Generic,Zimbabwe,17-Jun-08,17-Jun-08,MIssing,Test kit - Ancillary,No,See DN-773 (ID#:11267),From RDC,"HIV, Lancet, Safety, for HIV Test kits, 100 Pcs",0.01,550,5.5,PMO - US,Inverness Japan,"HIV, Lancet, Safety, for HIV Test kits, 100 Pcs",0.01,N/A - From RDC,SO-1873,Pre-PQ Process,Pre-PQ Process,HRDT,113-ZW-T01,17-Jun-08,Air,HIV test - Ancillary,100,0.0,SCMS from RDC,N/A - From RDC,See DN-773 (ID#:11267)
464,ASN-2008,Determine,Nigeria,09-Jul-08,09-Jul-08,MIssing,Test kit,Yes,16090.22,Direct Drop,"HIV 1/2, Determine HIV Kit, without Lancets, 100 Tests",703.66,5498,439785.02,PMO - US,Inverness Japan,"HIV 1/2, Determine HIV Kit, without Lancets",79.99,Date Not Captured,SCMS-21540,Pre-PQ Process,Pre-PQ Process,HRDT,102-NG-T01,09-Jul-08,Air,HIV test,100,0.8,"Orgenics, Ltd",EXW,1251
12536,DN-970,Generic,Uganda,02-Feb-09,02-Feb-09,150/30mg,Tablet - FDC,Yes,1240,From RDC,"Lamivudine/Stavudine 150/30mg, tablets, 30 Tabs",4.57,1166,2332.0,PMO - US,"Cipla, Goa, India",Lamivudine/Stavudine,2.0,N/A - From RDC,SO-17450,Pre-PQ Process,Pre-PQ Process,ARV,114-UG-T01,02-Feb-09,Ocean,Adult,30,0.07,SCMS from RDC,N/A - From RDC,71
11009,DN-1150,Kaletra,Mozambique,27-Apr-09,27-Apr-09,80/20mg/ml,Oral solution,Yes,1287.77,From RDC,"Lopinavir/Ritonavir 80/20mg/ml [Kaletra], oral solution, cool, Bottle 5 x 60 ml",3.22,40,1644.0,PMO - US,ABBVIE (Abbott) Logis. UK,Lopinavir/Ritonavir,41.1,N/A - From RDC,SO-26390,Pre-PQ Process,Pre-PQ Process,ARV,111-MZ-T01,27-Apr-09,Air,Pediatric,300,0.14,SCMS from RDC,N/A - From RDC,52
21399,ASN-30377,Generic,South Africa,26-Jan-15,26-Jan-15,150mg,Tablet,No,Freight Included in Commodity Cost,Direct Drop,"Lamivudine 150mg, tablets, 60 Tabs",1.3,191,1261.81,PMO - US,"Aurobindo Unit III, India",Lamivudine,6.61,1/26/15,SCMS-259072,FPQ-14942,09-11-14,ARV,116-ZA-T30,26-Jan-15,Truck,Adult,60,0.11,PHARMACY DIRECT,DDP,Weight Captured Separately
1037,ASN-4747,Videx EC,Nigeria,30-Sep-09,30-Sep-09,400mg,Delayed-release capsules - blister,Yes,463,Direct Drop,"Didanosine EC 400mg [Videx EC], delayed-release capsules, Blister 3 x 10 Caps",9.28,200,4734.0,PMO - US,"BMS Meymac, France",Didanosine EC,23.67,03-04-09,SCMS-39640,Pre-PQ Process,Pre-PQ Process,ARV,123-NG-T01,30-Sep-09,Air,Adult,30,0.79,BRISTOL-MYERS SQUIBB,CIP,11
67194,ASN-27583,Generic,Zimbabwe,17-Sep-14,19-Sep-14,300/300mg,Tablet - FDC,Yes,27376.22,Direct Drop,"Lamivudine/Tenofovir Disoproxil Fumarate 300/300mg, tablets, 30 Tabs",200.61,42240,195148.8,PMO - US,Hetero Unit III Hyderabad IN,Lamivudine/Tenofovir Disoproxil Fumarate,4.62,5/27/14,SCMS-240570,FPQ-13939,04-01-14,ARV,113-ZW-T30,17-Sep-14,Air Charter,Adult,30,0.15,HETERO LABS LIMITED,EXW,4589
85628,DN-1417,Generic,Uganda,08-Oct-09,08-Oct-09,300/300mg,Tablet - FDC,No,See DN-1417 (ID#:82271),From RDC,"Lamivudine/Tenofovir Disoproxil Fumarate 300/300mg, tablets, 30 Tabs",5.49,280,2800.0,PMO - US,Mylan (formerly Matrix) Nashik,Lamivudine/Tenofovir Disoproxil Fumarate,10.0,N/A - From RDC,SO-33010,FPQ-4065,08-06-09,ARV,114-UG-T30,08-Oct-09,Air,Adult,30,0.33,SCMS from RDC,N/A - From RDC,See DN-1417 (ID#:82271)
84550,DN-1775,Generic,Zambia,16-Apr-10,16-Apr-10,300mg,Tablet,Yes,8022.59,From RDC,"Abacavir 300mg, tablets, 60 Tabs",106.97,2600,54574.0,PMO - US,Mylan (formerly Matrix) Nashik,Abacavir,20.99,N/A - From RDC,SO-33720,FPQ-4273,9/17/09,ARV,110-ZM-T30,30-Apr-10,Truck,Adult,60,0.35,SCMS from RDC,N/A - From RDC,8819
39658,ASN-33854,Prezista,South Africa,24-Aug-15,24-Aug-15,600mg,Tablet,No,Freight Included in Commodity Cost,Direct Drop,"Darunavir 600mg [Prezista], tablets, 60 Tabs",0.16,3,151.99,PMO - US,"Janssen-Cilag, Latina, IT",Darunavir,50.66,10-09-14,SCMS-259079,FPQ-14942,09-11-14,ARV,116-ZA-T30,24-Aug-15,Truck,Adult,60,0.84,PHARMACY DIRECT,DDP,Weight Captured Separately
13904,ASN-27943,Generic,Vietnam,30-Oct-14,04-Nov-14,150/300mg,Tablet - FDC,Yes,3708.72,Direct Drop,"Lamivudine/Zidovudine 150/300mg, tablets, 60 Tabs",65.38,9800,63602.0,PMO - US,Mylan (formerly Matrix) Nashik,Lamivudine/Zidovudine,6.49,4/30/14,SCMS-236050,FPQ-13976,04-08-14,ARV,108-VN-T30,30-Oct-14,Air,Adult,60,0.11,MYLAN LABORATORIES LTD (FORMERLY MATRIX LABORATORIES),EXW,2235
84722,DN-2649,Generic,Nigeria,30-Apr-12,30-Apr-12,300/300mg,Tablet - FDC,Yes,27441.22,From RDC,"Lamivudine/Tenofovir Disoproxil Fumarate 300/300mg, tablets, 30 Tabs",1089.51,140273,777112.42,PMO - US,Mylan (formerly Matrix) Nashik,Lamivudine/Tenofovir Disoproxil Fumarate,5.54,N/A - From RDC,SO-41922,FPQ-8952,12-08-11,ARV,151-NG-T30,20-Jun-12,Air Charter,Adult,30,0.18,SCMS from RDC,N/A - From RDC,11734
26800,ASN-32958,Determine,Nigeria,09-Jul-15,09-Jul-15,MIssing,Test kit,Yes,Freight Included in Commodity Cost,Direct Drop,"HIV 1/2, Determine Complete HIV Kit, 100 Tests",669.58,6392,568888.0,PMO - US,"Alere Medical Co., Ltd.","HIV 1/2, Determine Complete HIV Kit",89.0,5/26/15,SCMS-289130,FPQ-16329,05-07-15,HRDT,133-NG-T30,14-Jul-15,Air,HIV test,100,0.89,"Orgenics, Ltd",EXW,2592
83642,DN-2947,Generic,Nigeria,04-Dec-12,04-Dec-12,150/300/200mg,Tablet - FDC,Yes,51090,From RDC,"Lamivudine/Nevirapine/Zidovudine 150/200/300mg, tablets, 60 Tabs",2757.02,204417,1966491.54,PMO - US,Hetero Unit III Hyderabad IN,Lamivudine/Nevirapine/Zidovudine,9.62,N/A - From RDC,SO-42680,FPQ-9968,5/23/12,ARV,151-NG-T30,04-Dec-12,Air,Adult,60,0.16,SCMS from RDC,N/A - From RDC,50634
50261,ASN-27033,Generic,Zimbabwe,22-Jul-14,29-Jul-14,300/300mg,Tablet - FDC,Yes,13959.22,Direct Drop,"Lamivudine/Tenofovir Disoproxil Fumarate 300/300mg, tablets, 30 Tabs",86.04,18000,83700.0,PMO - US,"Aurobindo Unit VII, IN",Lamivudine/Tenofovir Disoproxil Fumarate,4.65,5/26/14,SCMS-240580,FPQ-13939,04-01-14,ARV,113-ZW-T30,23-Jul-14,Air Charter,Adult,30,0.16,Aurobindo Pharma Limited,EXW,1764
12571,DN-1203,Generic,Nigeria,08-May-09,08-May-09,150/300mg,Tablet - FDC,Yes,15128.37,From RDC,"Lamivudine/Zidovudine 150/300mg, tablets, 60 Tabs",183.26,10000,93500.0,PMO - US,"Aurobindo Unit III, India",Lamivudine/Zidovudine,9.35,N/A - From RDC,SO-23431,Pre-PQ Process,Pre-PQ Process,ARV,123-NG-T01,08-May-09,Air Charter,Adult,60,0.16,SCMS from RDC,N/A - From RDC,905
86046,DN-3546,Generic,CÃte dIvoire,18-Feb-14,04-Mar-14,300/300mg,Tablet - FDC,No,See DN-3546 (ID#:82651),From RDC,"Lamivudine/Tenofovir Disoproxil Fumarate 300/300mg, tablets, 30 Tabs",130.23,22400,105280.0,PMO - US,"Cipla, Kurkumbh, India",Lamivudine/Tenofovir Disoproxil Fumarate,4.7,N/A - From RDC,SO-46422,FPQ-12800,08-09-13,ARV,104-CI-T30,28-Feb-14,Air,Adult,30,0.16,SCMS from RDC,N/A - From RDC,See DN-3546 (ID#:82651)
39223,ASN-15669,Determine,Kenya,28-Jul-12,28-Jul-12,MIssing,Test kit,Yes,10719.64,Direct Drop,"HIV 1/2, Determine Complete HIV Kit, 100 Tests",554.01,4440,395160.0,PMO - US,"Alere Medical Co., Ltd.","HIV 1/2, Determine Complete HIV Kit",89.0,6/14/12,SCMS-149610,FPQ-10018,06-05-12,HRDT,103-KE-T30,09-Jul-12,Air,HIV test,100,0.89,"Orgenics, Ltd",EXW,1445
84273,DN-3212,Generic,Zimbabwe,06-Aug-13,06-Aug-13,600mg,Tablet,Yes,11133.66,From RDC,"Efavirenz 600mg, tablets, 30 Tabs",19.77,4800,15984.0,PMO - US,"Hetero, Jadcherla, unit 5, IN",Efavirenz,3.33,N/A - From RDC,SO-43570,FPQ-10895,10/25/12,ARV,113-ZW-T30,31-Jul-13,Truck,Adult,30,0.11,SCMS from RDC,N/A - From RDC,396
78839,ASN-24041,Generic,Vietnam,30-May-14,31-May-14,300mg,Tablet,No,See ASN-24041 (ID#:34062),Direct Drop,"Tenofovir Disoproxil Fumarate 300mg, tablets, 30 Tabs",59.38,12000,48000.0,PMO - US,Mylan (formerly Matrix) Nashik,Tenofovir Disoproxil Fumarate,4.0,11/28/13,SCMS-188651,FPQ-12051,05-03-13,ARV,108-VN-T30,30-May-14,Air,Adult,30,0.13,MYLAN LABORATORIES LTD (FORMERLY MATRIX LABORATORIES),EXW,See ASN-24041 (ID#:34062)
85132,DN-1948,Generic,Zimbabwe,22-Jul-10,22-Jul-10,150/200/30mg,Tablet - FDC,No,See DN-1948 (ID#:82906),From RDC,"Lamivudine/Nevirapine/Stavudine 150/200/30mg, tablets, 60 Tabs",25.94,2100,12033.0,PMO - US,"Strides, Bangalore, India.",Lamivudine/Nevirapine/Stavudine,5.73,N/A - From RDC,SO-35351,FPQ-4694,12-08-09,ARV,113-ZW-T30,30-Jul-10,Air,Adult,60,0.1,SCMS from RDC,N/A - From RDC,See DN-1948 (ID#:82906)
84160,DN-2621,Generic,Zimbabwe,07-May-12,07-May-12,150/300/200mg,Tablet - FDC,No,See DN-2621 (ID#:83583),From RDC,"Lamivudine/Nevirapine/Zidovudine 150/200/300mg, tablets, 60 Tabs",210.07,11574,127314.0,PMO - US,Mylan (formerly Matrix) Nashik,Lamivudine/Nevirapine/Zidovudine,11.0,N/A - From RDC,SO-40860,FPQ-8464,10-04-11,ARV,113-ZW-T30,17-Apr-12,Truck,Adult,60,0.18,SCMS from RDC,N/A - From RDC,See DN-2621 (ID#:83583)
53822,ASN-8225,Uni-Gold,Guyana,06-Oct-10,06-Oct-10,MIssing,Test kit,Yes,5806.53,Direct Drop,"HIV 1/2, Uni-Gold HIV Kit, 20 Tests",116.32,1686,53952.0,PMO - US,"Trinity Biotech, Plc","HIV 1/2, Uni-Gold HIV Kit",32.0,6/21/10,SCMS-71610,FPQ-5496,4/15/10,HRDT,102-GY-T30,06-Oct-10,Air,HIV test,20,1.6,"Trinity Biotech, Plc",EXW,564
82320,DN-1829,Generic,Zimbabwe,31-May-10,31-May-10,150/30mg,Tablet - FDC,Yes,3833.17,From RDC,"Lamivudine/Stavudine 150/30mg, tablets, 60 Tabs",41.02,5800,19024.0,PMO - US,"Cipla, Goa, India",Lamivudine/Stavudine,3.28,N/A - From RDC,SO-35400,FPQ-4694,12-08-09,ARV,113-ZW-T30,31-May-10,Truck,Adult,60,0.05,SCMS from RDC,N/A - From RDC,12791
82314,DN-1776,Generic,Zambia,11-May-10,11-May-10,100mg,Chewable/dispersible tablet,Yes,4964.27,From RDC,"Didanosine 100mg, chewable/dispersible tablets, 60 Tabs",37.83,2500,19300.0,PMO - US,"Aurobindo Unit III, India",Didanosine,7.72,N/A - From RDC,SO-35840,FPQ-4273,9/17/09,ARV,110-ZM-T30,17-May-10,Truck,Pediatric,60,0.13,SCMS from RDC,N/A - From RDC,526
83465,DN-2054,Generic,Zambia,25-Nov-10,25-Nov-10,150/200/30mg,Tablet - FDC,Yes,16606.55,From RDC,"Lamivudine/Nevirapine/Stavudine 150/200/30mg, tablets, 60 Tabs",660.63,56430,306414.9,PMO - US,"Strides, Bangalore, India.",Lamivudine/Nevirapine/Stavudine,5.43,N/A - From RDC,SO-37320,FPQ-6221,8/20/10,ARV,110-ZM-T30,31-Dec-10,Truck,Adult,60,0.09,SCMS from RDC,N/A - From RDC,15358
41056,ASN-23875,Generic,South Africa,13-Jan-14,13-Jan-14,100/25mg,Tablet,No,Freight Included in Commodity Cost,Direct Drop,"Lopinavir/Ritonavir 100/25mg [Aluvia], tablets, 60 Tabs",0.05,8,46.26,PMO - US,ABBVIE Ludwigshafen Germany,Lopinavir/Ritonavir,5.78,12-02-13,SCMS-215410,FPQ-13214,11/14/13,ARV,116-ZA-T30,13-Jan-14,Truck,Pediatric,60,0.1,S. BUYS WHOLESALER,DDP,Weight Captured Separately
83447,DN-1959,Generic,Nigeria,17-Aug-10,17-Aug-10,150/300/200mg,Tablet - FDC,Yes,6147.18,From RDC,"Lamivudine/Nevirapine/Zidovudine 150/200/300mg, tablets, 60 Tabs",169.33,7000,78540.0,PMO - US,"Aurobindo Unit III, India",Lamivudine/Nevirapine/Zidovudine,11.22,N/A - From RDC,SO-37060,FPQ-5023,02-10-10,ARV,151-NG-T30,16-Aug-10,Air Charter,Adult,60,0.19,SCMS from RDC,N/A - From RDC,922
84810,DN-3122,Generic,Uganda,07-Jun-13,07-Jun-13,300mg,Tablet,No,See DN-3122 (ID#:82570),From RDC,"Tenofovir Disoproxil Fumarate 300mg, tablets, 30 Tabs",0.96,192,775.68,PMO - US,Mylan (formerly Matrix) Nashik,Tenofovir Disoproxil Fumarate,4.04,N/A - From RDC,SO-43890,FPQ-11133,12/13/12,ARV,114-UG-T30,07-Jun-13,Truck,Adult,30,0.13,SCMS from RDC,N/A - From RDC,See DN-3122 (ID#:82570)
10722,DN-897,Truvada,Nigeria,10-Sep-08,10-Sep-08,300/200mg,Tablet - FDC,Yes,10624.04,From RDC,"Emtricitabine/Tenofovir Disoproxil Fumarate 200/300mg [Truvada], tablets, 30 Tabs",252,6000,157500.0,PMO - US,"Aspen-OSD, Port Elizabeth, SA",Emtricitabine/Tenofovir Disoproxil Fumarate,26.25,N/A - From RDC,SO-10820,Pre-PQ Process,Pre-PQ Process,ARV,131-NG-T01,10-Sep-08,Air,Adult,30,0.88,SCMS from RDC,N/A - From RDC,1566
33896,ASN-28229,Generic,Ghana,21-Nov-14,25-Nov-14,150/300mg,Tablet - FDC,Yes,15041.23,Direct Drop,"Lamivudine/Zidovudine 150/300mg, tablets, 60 Tabs",171.38,25687,166708.63,PMO - US,Mylan (formerly Matrix) Nashik,Lamivudine/Zidovudine,6.49,4/15/14,SCMS-234080,FPQ-13809,03-07-14,ARV,105-GH-T30,21-Nov-14,Air,Adult,60,0.11,MYLAN LABORATORIES LTD (FORMERLY MATRIX LABORATORIES),EXW,2184
84163,DN-2634,Generic,Tanzania,30-Apr-12,30-Apr-12,10mg/ml,Oral suspension,Yes,Invoiced Separately,From RDC,"Nevirapine 10mg/ml, oral suspension w/syringe, Bottle, 240 ml",78.21,24307,47398.65,PMO - US,"Aurobindo Unit III, India",Nevirapine,1.95,N/A - From RDC,SO-40530,FPQ-8303,8/22/11,ARV,109-TZ-T30,31-May-12,Truck,Pediatric,240,0.01,SCMS from RDC,N/A - From RDC,Weight Captured Separately
65235,ASN-11823,Determine,Rwanda,04-Sep-11,04-Sep-11,MIssing,Test kit,Yes,25501.1,Direct Drop,"HIV 1/2, Determine HIV Kit, without Lancets, 100 Tests",961.54,7500,582750.0,PMO - US,Inverness Japan,"HIV 1/2, Determine HIV Kit, without Lancets",77.7,7/20/11,SCMS-115790,FPQ-7908,6/28/11,HRDT,107-RW-T30,04-Sep-11,Air,HIV test,100,0.78,"Orgenics, Ltd",EXW,1703
30213,ASN-10140,Generic,Rwanda,08-Apr-11,08-Apr-11,10mg/ml,Oral solution,Yes,6400.44,Direct Drop,"Zidovudine 10mg/ml, oral solution, Bottle, 240 ml",9.02,1992,4183.2,PMO - US,"Aurobindo Unit III, India",Zidovudine,2.1,9/27/10,SCMS-84910,FPQ-6341,09-03-10,ARV,107-RW-T30,08-Apr-11,Air,Pediatric,240,0.01,Aurobindo Pharma Limited,EXW,777
86463,DN-2603,Generic,Uganda,27-Mar-12,27-Mar-12,150mg,Tablet,No,See DN-2603 (ID#:83023),From RDC,"Lamivudine 150mg, tablets, 60 Tabs",5.27,1614,3760.62,PMO - US,Macleods Daman Plant INDIA,Lamivudine,2.33,N/A - From RDC,SO-41630,FPQ-9354,2/20/12,ARV,114-UG-T30,03-May-12,Air,Adult,60,0.04,SCMS from RDC,N/A - From RDC,See DN-2603 (ID#:83023)
12452,DN-568,Aluvia,CÃte dIvoire,25-Jan-08,25-Jan-08,200/50mg,Tablet,Yes,2206,From RDC,"Lopinavir/Ritonavir 200/50mg [Aluvia], tablets, 120 Tabs",139.48,2121,87173.1,PMO - US,ABBVIE Ludwigshafen Germany,Lopinavir/Ritonavir,41.1,N/A - From RDC,SO-1657,Pre-PQ Process,Pre-PQ Process,ARV,104-CI-T01,25-Jan-08,Air,Adult,120,0.34,SCMS from RDC,N/A - From RDC,465
50626,ASN-27608,Reyataz,South Africa,05-Aug-14,05-Aug-14,150mg,Capsule,No,Freight Included in Commodity Cost,Direct Drop,"Atazanavir 150mg [Reyataz], capsules, 60 Caps",0.14,6,132.03,PMO - US,"BMS Evansville, US",Atazanavir,22.0,08-05-14,SCMS-238552,FPQ-13973,4/30/14,ARV,116-ZA-T30,05-Aug-14,Truck,Pediatric,60,0.37,PHARMACY DIRECT,DDP,Weight Captured Separately
68820,ASN-9217,Generic,Rwanda,12-Dec-10,12-Dec-10,600/300/300mg,Tablet - FDC,Yes,Freight Included in Commodity Cost,Direct Drop,"Efavirenz/Lamivudine/Tenofovir Disoproxil Fumarate 600/300/300mg, tablets, 30 Tabs",842.19,22347,390625.56,PMO - US,Mylan (formerly Matrix) Nashik,Efavirenz/Lamivudine/Tenofovir Disoproxil Fumarate,17.48,9/28/10,SCMS-83340,FPQ-6186,8/13/10,ARV,107-RW-T30,12-Dec-10,Air,Adult,30,0.58,MYLAN LABORATORIES LTD (FORMERLY MATRIX LABORATORIES),CIP,Weight Captured Separately
12089,DN-304,Generic,Mozambique,21-Sep-07,21-Sep-07,300mg,Tablet,No,See DN-304 (ID#:10589),From RDC,"Abacavir 300mg, tablets, 60 Tabs",54.53,960,34080.0,PMO - US,"Aurobindo Unit III, India",Abacavir,35.5,N/A - From RDC,SO-298,Pre-PQ Process,Pre-PQ Process,ARV,111-MZ-T01,21-Sep-07,Air,Adult,60,0.59,SCMS from RDC,N/A - From RDC,See DN-304 (ID#:10589)
84070,DN-2153,Generic,CÃte dIvoire,10-Jun-11,10-Jun-11,150/300mg,Tablet - FDC,No,See DN-2153 (ID#:82374),From RDC,"Lamivudine/Zidovudine 150/300mg, tablets, 60 Tabs",287.45,20376,174214.8,PMO - US,Hetero Unit III Hyderabad IN,Lamivudine/Zidovudine,8.55,N/A - From RDC,SO-38540,FPQ-6891,12/21/10,ARV,104-CI-T30,20-Apr-11,Air,Adult,60,0.14,SCMS from RDC,N/A - From RDC,See DN-2153 (ID#:82374)
9040,ASN-3732,Retrovir,South Africa,21-Jan-09,21-Jan-09,10mg/ml,Oral solution,No,Freight Included in Commodity Cost,Direct Drop,"Zidovudine 10mg/ml [Retrovir], oral solution, Bottle, 200 ml",1.63,140,833.0,PMO - US,GSK Mississauga (Canada),Zidovudine,5.95,Date Not Captured,SCMS-41190,Pre-PQ Process,Pre-PQ Process,ARV,116-ZA-T01,30-Mar-09,Air,Pediatric,200,0.03,S. BUYS WHOLESALER,DDP,Weight Captured Separately
85271,DN-2703,Generic,Zambia,18-Jun-12,18-Jun-12,200mg,Tablet,Yes,4496.15,From RDC,"Nevirapine 200mg, tablets, 60 Tabs",622.35,181926,443899.44,PMO - US,Hetero Unit III Hyderabad IN,Nevirapine,2.44,N/A - From RDC,SO-41281,FPQ-9081,12/22/11,ARV,110-ZM-T30,29-Jun-12,Truck,Adult,60,0.04,SCMS from RDC,N/A - From RDC,11438
5928,ASN-2694,Stat-Pak,Nigeria,07-Nov-08,07-Nov-08,MIssing,Test kit,Yes,22229.32,Direct Drop,"HIV 1/2, Stat-Pak HIV, Kit, 20 Tests",449.03,8485,229095.0,PMO - US,Chembio Diagnostics Sys. Inc.,"HIV 1/2, Stat-Pak HIV, Kit",27.0,7/18/08,SCMS-27050,Pre-PQ Process,Pre-PQ Process,HRDT,133-NG-T01,07-Nov-08,Air,HIV test,20,1.35,"CHEMBIO DIAGNOSTIC SYSTEMS, INC.",EXW,2441
84146,DN-2544,Generic,Tanzania,12-Mar-12,12-Mar-12,300mg,Tablet,No,See DN-2544 (ID#:84145),From RDC,"Abacavir 300mg, tablets, 60 Tabs",362.16,15003,219493.89,PMO - US,Mylan (formerly Matrix) Nashik,Abacavir,14.63,N/A - From RDC,SO-40630,FPQ-8297,8/22/11,ARV,109-TZ-T30,30-Mar-12,Truck,Adult,60,0.24,SCMS from RDC,N/A - From RDC,See DN-2544 (ID#:84145)
85857,DN-2654,Aluvia,Uganda,22-May-12,22-May-12,200/50mg,Tablet,No,See DN-2654 (ID#:82473),From RDC,"Lopinavir/Ritonavir 200/50mg [Aluvia], tablets, 120 Tabs",39.62,917,28261.94,PMO - US,ABBVIE Ludwigshafen Germany,Lopinavir/Ritonavir,30.82,N/A - From RDC,SO-41610,FPQ-9356,2/20/12,ARV,114-UG-T30,29-Jun-12,Truck,Adult,120,0.26,SCMS from RDC,N/A - From RDC,See DN-2654 (ID#:82473)
60321,ASN-31750,Uni-Gold,"Congo, DRC",02-Jul-15,30-Jul-15,MIssing,Test kit,No,See ASN-31750 (ID#:19272),Direct Drop,"HIV 1/2, Uni-Gold HIV Kit, 20 Tests",1.77,47,1504.0,PMO - US,"Trinity Biotech, Plc","HIV 1/2, Uni-Gold HIV Kit",32.0,3/16/15,SCMS-280210,FPQ-16001,03-10-15,HRDT,101-CD-T30,02-Jul-15,Air,HIV test,20,1.6,"Trinity Biotech, Plc",EXW,See ASN-31750 (ID#:19272)
14871,ASN-18406,Generic,Vietnam,13-Mar-13,13-Mar-13,30/60mg,Tablet - FDC,Yes,7308.37,Direct Drop,"Lamivudine/Zidovudine 30/60mg, tablets, 60 Tabs",4.6,1769,3714.9,PMO - US,Mylan (formerly Matrix) Nashik,Lamivudine/Zidovudine,2.1,11-07-12,SCMS-164560,FPQ-10811,10/15/12,ARV,108-VN-T30,13-Mar-13,Air,Pediatric,60,0.04,MYLAN LABORATORIES LTD (FORMERLY MATRIX LABORATORIES),EXW,1961
63571,ASN-28275,Uni-Gold,Tanzania,25-Oct-14,25-Oct-14,MIssing,Test kit,Yes,1353.35,Direct Drop,"HIV 1/2, Uni-Gold HIV Kit, 20 Tests",8.29,252,8064.0,PMO - US,"Trinity Biotech, Plc","HIV 1/2, Uni-Gold HIV Kit",32.0,05-06-14,SCMS-235380,FPQ-13945,3/27/14,HRDT,109-TZ-T30,25-Oct-14,Air,HIV test,20,1.6,"Trinity Biotech, Plc",EXW,82
84982,DN-3945,Generic,Guyana,31-Oct-14,14-Nov-14,20mg/ml,Oral solution,Yes,863.24,From RDC,"Abacavir 20mg/ml, oral solution w/syringe, Bottle, 240 ml",0.86,100,838.0,PMO - US,"Aurobindo Unit III, India",Abacavir,8.38,N/A - From RDC,SO-48522,FPQ-14042,04-09-14,ARV,105-GY-T30,30-Sep-14,Air,Pediatric,240,0.03,SCMS from RDC,N/A - From RDC,44
83349,DN-4327,Generic,Rwanda,06-Aug-15,11-Aug-15,150/300/200mg,Tablet - FDC,Yes,Invoiced Separately,From RDC,"Lamivudine/Nevirapine/Zidovudine 150/200/300mg, tablets, 60 Tabs",14.12,1479,11994.69,PMO - US,Hetero Unit III Hyderabad IN,Lamivudine/Nevirapine/Zidovudine,8.11,N/A - From RDC,SO-51540,FPQ-16284,5/27/15,ARV,107-RW-T30,18-Aug-15,Air,Adult,60,0.14,SCMS from RDC,N/A - From RDC,Weight Captured Separately
84653,DN-2237,Generic,Benin,09-Jun-11,09-Jun-11,150/300/200mg,Tablet - FDC,No,See DN-2237 (ID#:82954),From RDC,"Lamivudine/Nevirapine/Zidovudine 150/200/300mg, tablets, 60 Tabs",47.95,2590,29059.8,PMO - US,Mylan (formerly Matrix) Nashik,Lamivudine/Nevirapine/Zidovudine,11.22,N/A - From RDC,SO-39790,FPQ-7658,5/15/11,ARV,100-BJ-T30,13-Jun-11,Air,Adult,60,0.19,SCMS from RDC,N/A - From RDC,See DN-2237 (ID#:82954)
72240,ASN-33334,Generic,Nigeria,07-Aug-15,10-Aug-15,300/100mg,Tablet,Yes,Invoiced Separately,Direct Drop,"Atazanavir/Ritonavir 300/100mg, tablets, 30 Tabs",145.72,6878,123804.0,PMO - US,"Emcure Plot No.P-2, I.T-B.T. Park, Phase II, MIDC, Hinjwadi, Pune, India",Atazanavir/Ritonavir,18.0,05-07-15,SCMS-287710,FPQ-16312,05-04-15,ARV,151-NG-T30,07-Aug-15,Air,Adult,30,0.6,EMCURE PHARMACEUTICALS LTD,EXW,Weight Captured Separately
86296,DN-1795,Generic,Mozambique,14-Jun-10,14-Jun-10,150/30mg,Tablet - FDC,No,See DN-1795 (ID#:82315),From RDC,"Lamivudine/Stavudine 150/30mg, tablets, 60 Tabs",63.55,8670,29478.0,PMO - US,"Cipla, Goa, India",Lamivudine/Stavudine,3.4,N/A - From RDC,SO-35750,FPQ-4711,12/23/09,ARV,111-MZ-T30,21-Jun-10,Truck,Adult,60,0.06,SCMS from RDC,N/A - From RDC,See DN-1795 (ID#:82315)
7009,ASN-1665,Retrovir,South Africa,24-Apr-08,24-Apr-08,10mg/ml,Oral solution,No,Freight Included in Commodity Cost,Direct Drop,"Zidovudine 10mg/ml [Retrovir], oral solution, Bottle, 200 ml",1.08,100,676.0,PMO - US,GSK Mississauga (Canada),Zidovudine,6.76,2/20/08,SCMS-19800,Pre-PQ Process,Pre-PQ Process,ARV,116-ZA-T01,24-Apr-08,Truck,Pediatric,200,0.03,S. BUYS WHOLESALER,DDP,Weight Captured Separately
69162,ASN-28024,Generic,"Congo, DRC",19-Dec-14,26-Jan-15,200mg,Delayed-release capsules,Yes,1961.49,Direct Drop,"Didanosine 200mg, delayed-release capsules, 30 Caps",6.22,550,6050.0,PMO - US,"Aurobindo Unit III, India",Didanosine,11.0,8/20/14,SCMS-251440,FPQ-14717,7/28/14,ARV,101-CD-T30,19-Dec-14,Air,Pediatric,30,0.37,Aurobindo Pharma Limited,EXW,54
11926,DN-1034,Generic,Mozambique,21-Feb-09,21-Feb-09,600mg,Tablet,No,See DN-1034 (ID#:10732),From RDC,"Efavirenz 600mg, tablets, 30 Tabs",524.99,24350,267850.0,PMO - US,"Aurobindo Unit III, India",Efavirenz,11.0,N/A - From RDC,SO-15080,Pre-PQ Process,Pre-PQ Process,ARV,111-MZ-T01,21-Feb-09,Air,Adult,30,0.37,SCMS from RDC,N/A - From RDC,See DN-1034 (ID#:10732)
24473,ASN-15426,Intelence,Uganda,05-Jul-12,05-Jul-12,100mg,Tablet,Yes,449,Direct Drop,"Etravirine 100mg [Intelence], tablets, 120 Tabs",15.14,144,10800.0,PMO - US,"Janssen-Cilag, Latina, IT",Etravirine,75.0,4/17/12,SCMS-143500,FPQ-9365,3/15/12,ARV,114-UG-T30,05-Jul-12,Air,Adult,120,0.62,ASPEN PHARMACARE,DDP,47
36654,ASN-11026,Intelence,Uganda,02-Jun-11,02-Jun-11,100mg,Tablet,Yes,41,Direct Drop,"Etravirine 100mg [Intelence], tablets, 120 Tabs",3.9,27,2361.42,PMO - US,"Janssen-Cilag, Latina, IT",Etravirine,87.46,3/25/11,SCMS-104120,FPQ-7268,03-11-11,ARV,114-UG-T30,02-Jun-11,Air,Adult,120,0.73,ASPEN PHARMACARE,DDP,5
85862,DN-2684,Generic,Nigeria,03-Jun-12,03-Jun-12,150/300/200mg,Tablet - FDC,No,See DN-2684 (ID#:82479),From RDC,"Lamivudine/Nevirapine/Zidovudine 150/200/300mg, tablets, 60 Tabs",50.19,3479,35798.91,PMO - US,Mylan (formerly Matrix) Nashik,Lamivudine/Nevirapine/Zidovudine,10.29,N/A - From RDC,SO-41255,FPQ-8952,12-08-11,ARV,151-NG-T30,04-Jul-12,Air Charter,Adult,60,0.17,SCMS from RDC,N/A - From RDC,See DN-2684 (ID#:82479)
10240,ASN-3479,Determine,Tanzania,23-Feb-09,23-Feb-09,MIssing,Test kit,Yes,Freight Included in Commodity Cost,Direct Drop,"HIV 1/2, Determine Complete HIV Kit, 100 Tests",24.79,110,12650.0,PMO - US,Inverness Japan,"HIV 1/2, Determine Complete HIV Kit",115.0,1/26/09,SCMS-37800,Pre-PQ Process,Pre-PQ Process,HRDT,109-TZ-T01,23-Feb-09,Truck,HIV test,100,1.15,KAS MEDICS LIMITED,DDP,Weight Captured Separately
4302,ASN-1550,Genie,CÃte dIvoire,17-Apr-08,17-Apr-08,MIssing,Test kit,Yes,6924.83,Direct Drop,"#108853** HIV, Genie II HIV-1/HIV-2 Kit, 40 Tests",57.88,476,36176.0,PMO - US,Bio-Rad Laboratories,"HIV, Genie II HIV-1/HIV-2 Kit",76.0,2/27/08,SCMS-18280,Pre-PQ Process,Pre-PQ Process,HRDT,104-CI-T01,14-Apr-08,Air,HIV test,40,1.9,BIO-RAD LABORATORIES (FRANCE),EXW,522
84884,DN-3504,Generic,CÃte dIvoire,18-Jan-14,04-Mar-14,10mg/ml,Oral suspension,Yes,8050.55,From RDC,"Nevirapine 10mg/ml, oral suspension w/syringe, Bottle, 240 ml",9.2,4000,7440.0,PMO - US,"Aurobindo Unit III, India",Nevirapine,1.86,N/A - From RDC,SO-46350,FPQ-12800,08-09-13,ARV,104-CI-T30,31-Jan-14,Air,Pediatric,240,0.01,SCMS from RDC,N/A - From RDC,1928
83076,DN-2841,Generic,Uganda,24-Sep-12,24-Sep-12,200/50mg,Tablet,Yes,15761.76,From RDC,"Lopinavir/Ritonavir 200/50mg, tablets, 120 Tabs",354.4,8517,252784.56,PMO - US,"Aurobindo Unit III, India",Lopinavir/Ritonavir,29.68,N/A - From RDC,SO-42320,FPQ-9876,5/15/12,ARV,114-UG-T30,28-Sep-12,Truck,Adult,120,0.25,SCMS from RDC,N/A - From RDC,2078
66782,ASN-6143,Determine,Guinea,23-Mar-10,23-Mar-10,MIssing,Test kit,Yes,1804.2,Direct Drop,"HIV 1/2, Determine Complete HIV Kit, 100 Tests",7.76,50,3600.0,PMO - US,Inverness Japan,"HIV 1/2, Determine Complete HIV Kit",72.0,1/22/10,SCMS-63890,FPQ-4855,1/20/10,HRDT,100-GN-T30,23-Mar-10,Air,HIV test,100,0.72,"Orgenics, Ltd",EXW,32
59572,ASN-5459,Viramune,South Africa,29-Oct-09,29-Oct-09,200mg,Tablet,Yes,Freight Included in Commodity Cost,Direct Drop,"Nevirapine 200mg [Viramune], tablets, 60 Tabs",103.49,2600,52801.37,PMO - US,"Boehringer Ing., Koropi, GR",Nevirapine,20.31,9/22/09,SCMS-50370,FPQ-3596,05-07-09,ARV,116-ZA-T30,29-Oct-09,Truck,Adult,60,0.34,S. BUYS WHOLESALER,DDP,Weight Captured Separately
86325,DN-1979,Generic,Nigeria,17-Aug-10,17-Aug-10,150/300/200mg,Tablet - FDC,Yes,6147.18,From RDC,"Lamivudine/Nevirapine/Zidovudine 150/200/300mg, tablets, 60 Tabs",41.12,1700,19074.0,PMO - US,"Aurobindo Unit III, India",Lamivudine/Nevirapine/Zidovudine,11.22,N/A - From RDC,SO-36935,FPQ-5688,5/27/10,ARV,151-NG-T30,31-Aug-10,Air Charter,Adult,60,0.19,SCMS from RDC,N/A - From RDC,224
84276,DN-3240,Generic,Nigeria,23-Jul-13,23-Jul-13,60/12mg,Chewable/dispersible tablet - FDC,Yes,Freight Included in Commodity Cost,From RDC,"Lamivudine/Stavudine 60/12mg, dispersible tablets, 60 Tabs",7.94,1945,6418.5,PMO - US,"Cipla, Goa, India",Lamivudine/Stavudine,3.3,N/A - From RDC,SO-45204,FPQ-11022,11/15/12,ARV,151-NG-T30,22-Jul-13,Air Charter,Pediatric,60,0.06,SCMS from RDC,N/A - From RDC,165
86391,DN-2238,Generic,Zambia,20-Jun-11,20-Jun-11,200mg,Tablet,Yes,7962.25,From RDC,"Nevirapine 200mg, tablets, 60 Tabs",167.99,31043,77917.93,PMO - US,Hetero Unit III Hyderabad IN,Nevirapine,2.51,N/A - From RDC,SO-37800,FPQ-6482,10/15/10,ARV,110-ZM-T30,30-Apr-11,Truck,Adult,60,0.04,SCMS from RDC,N/A - From RDC,1785
36203,ASN-16929,Determine,Nigeria,08-Nov-12,08-Nov-12,MIssing,Test kit,Yes,33279.83,Direct Drop,"HIV 1/2, Determine Complete HIV Kit, 100 Tests",373.83,2996,266644.0,PMO - US,"Alere Medical Co., Ltd.","HIV 1/2, Determine Complete HIV Kit",89.0,8/13/12,SCMS-155320,FPQ-10349,7/17/12,HRDT,133-NG-T30,06-Nov-12,Air,HIV test,100,0.89,"Orgenics, Ltd",EXW,1426
85076,DN-1548,Generic,Uganda,02-Dec-09,02-Dec-09,600mg,Tablet,Yes,9044.65,From RDC,"Efavirenz 600mg, tablets, 30 Tabs",56.64,5000,28900.0,PMO - US,"Aurobindo Unit III, India",Efavirenz,5.78,N/A - From RDC,SO-34010,FPQ-4470,8/17/09,ARV,114-UG-T30,30-Nov-09,Air,Adult,30,0.19,SCMS from RDC,N/A - From RDC,907
79837,ASN-23388,Generic,CÃte dIvoire,10-Jan-14,10-Jan-14,100/25mg,Tablet,Yes,5335.6,Direct Drop,"Lopinavir/Ritonavir 100/25mg [Aluvia], tablets, 60 Tabs",32.33,4400,26136.0,PMO - US,ABBVIE Ludwigshafen Germany,Lopinavir/Ritonavir,5.94,9/17/13,SCMS-206520,FPQ-12806,08-09-13,ARV,104-CI-T30,10-Jan-14,Air,Pediatric,60,0.1,ABBVIE LOGISTICS (FORMERLY ABBOTT LOGISTICS BV),FCA,505
83402,DN-1663,Generic,Tanzania,18-Mar-10,18-Mar-10,300mg,Tablet,Yes,1854.35,From RDC,"Tenofovir Disoproxil Fumarate 300mg, tablets, 30 Tabs",45.02,2448,20881.44,PMO - US,"Cipla, Goa, India",Tenofovir Disoproxil Fumarate,8.53,N/A - From RDC,SO-35760,FPQ-4794,1/27/10,ARV,109-TZ-T30,14-Apr-10,Air,Adult,30,0.28,SCMS from RDC,N/A - From RDC,178
84580,DN-1962,Generic,Mozambique,18-Aug-10,18-Aug-10,150/200/30mg,Tablet - FDC,No,See DN-1962 (ID#:83448),From RDC,"Lamivudine/Nevirapine/Stavudine 150/200/30mg, tablets, 60 Tabs",378.4,30630,175509.9,PMO - US,"Cipla, Goa, India",Lamivudine/Nevirapine/Stavudine,5.73,N/A - From RDC,SO-35740,FPQ-4711,12/23/09,ARV,111-MZ-T30,31-Aug-10,Truck,Adult,60,0.1,SCMS from RDC,N/A - From RDC,See DN-1962 (ID#:83448)
65331,ASN-18344,Generic,Haiti,11-Mar-13,11-Mar-13,400mg,Delayed-release capsules,Yes,971.7,Direct Drop,"Didanosine 400mg, delayed-release capsules, 30 Caps",5.94,240,4800.0,PMO - US,"Aurobindo Unit III, India",Didanosine,20.0,02-05-13,SCMS-176220,FPQ-11285,1/16/13,ARV,106-HT-T30,11-Mar-13,Air,Adult,30,0.67,Aurobindo Pharma Limited,EXW,19
50301,ASN-29257,Generic,South Africa,05-Nov-14,05-Nov-14,200/300mg,Tablet - FDC,No,Freight Included in Commodity Cost,Direct Drop,"Emtricitabine/Tenofovir Disoproxil Fumarate 200/300mg, tablets, 30 Tabs",0.34,11,332.32,PMO - US,"Aurobindo Unit III, India",Emtricitabine/Tenofovir Disoproxil Fumarate,30.21,11-04-14,SCMS-238555,FPQ-13973,4/30/14,ARV,116-ZA-T30,05-Nov-14,Truck,Adult,30,1.01,PHARMACY DIRECT,DDP,Weight Captured Separately
39823,ASN-29764,Generic,South Africa,10-Dec-14,10-Dec-14,150/300mg,Tablet - FDC,No,Freight Included in Commodity Cost,Direct Drop,"Lamivudine/Zidovudine 150/300mg, tablets, 60 Tabs",7.02,225,5964.4,PMO - US,"Cipla, Goa, India",Lamivudine/Zidovudine,26.51,12-10-14,SCMS-267020,FPQ-15269,10/29/14,ARV,116-ZA-T30,10-Dec-14,Truck,Adult,60,0.44,S. BUYS WHOLESALER,DDP,Weight Captured Separately
84851,DN-3317,Generic,Zambia,22-Oct-13,18-Nov-13,200mg,Tablet,Yes,4356.74,From RDC,"Nevirapine 200mg, tablets, 60 Tabs",146.72,52483,118611.58,PMO - US,Hetero Unit III Hyderabad IN,Nevirapine,2.26,N/A - From RDC,SO-45071,FPQ-12066,4/19/13,ARV,110-ZM-T30,22-Oct-13,Truck,Adult,60,0.04,SCMS from RDC,N/A - From RDC,3832
84258,DN-3145,Generic,Zimbabwe,29-Apr-13,29-Apr-13,300/300mg,Tablet - FDC,Yes,9708.48,From RDC,"Lamivudine/Tenofovir Disoproxil Fumarate 300/300mg, tablets, 30 Tabs",235.66,40534,190509.8,PMO - US,"Aurobindo Unit VII, IN",Lamivudine/Tenofovir Disoproxil Fumarate,4.7,N/A - From RDC,SO-43721,FPQ-11002,11/16/12,ARV,113-ZW-T30,30-May-13,Truck,Adult,30,0.16,SCMS from RDC,N/A - From RDC,3749
35652,ASN-28037,Generic,South Africa,29-Aug-14,29-Aug-14,200mg,Capsule,No,Freight Included in Commodity Cost,Direct Drop,"Efavirenz 200mg, capsule, 90 Caps",1.9,59,1535.78,PMO - US,"Aurobindo Unit III, India",Efavirenz,26.03,8/29/14,SCMS-199289,FPQ-12522,07-11-13,ARV,116-ZA-T30,29-Aug-14,Truck,Pediatric,90,0.29,S. BUYS WHOLESALER,DDP,Weight Captured Separately
82402,DN-2348,Generic,Guyana,03-Oct-11,03-Oct-11,300mg,Tablet,Yes,3127.35,From RDC,"Zidovudine 300mg, tablets, 60 Tabs",8.41,726,5096.52,PMO - US,Hetero Unit III Hyderabad IN,Zidovudine,7.02,N/A - From RDC,SO-40440,FPQ-8023,8/19/11,ARV,105-GY-T30,18-Oct-11,Air,Adult,60,0.12,SCMS from RDC,N/A - From RDC,199
12216,DN-1143,Generic,Uganda,02-Apr-09,02-Apr-09,600mg,Tablet,No,See DN-1143 (ID#:10711),From RDC,"Efavirenz 600mg, tablets, 30 Tabs",80.05,3713,40843.0,PMO - US,"Aurobindo Unit III, India",Efavirenz,11.0,N/A - From RDC,SO-17760,Pre-PQ Process,Pre-PQ Process,ARV,114-UG-T01,02-Apr-09,Air,Adult,30,0.37,SCMS from RDC,N/A - From RDC,See DN-1143 (ID#:10711)
86483,DN-2693,Generic,Zimbabwe,27-Jun-12,27-Jun-12,200mg,Tablet,No,See DN-2693 (ID#:82481),From RDC,"Nevirapine 200mg, tablets, 60 Tabs",197.42,49037,119650.28,PMO - US,Hetero Unit III Hyderabad IN,Nevirapine,2.44,N/A - From RDC,SO-40883,FPQ-8464,10-04-11,ARV,113-ZW-T30,14-Aug-12,Truck,Adult,60,0.04,SCMS from RDC,N/A - From RDC,See DN-2693 (ID#:82481)
7775,ASN-4318,Uni-Gold,Guyana,09-Jul-09,09-Jul-09,MIssing,Test kit,Yes,5733.61,Direct Drop,"HIV 1/2, Uni-Gold HIV Kit, 20 Tests",85.99,1371,43872.0,PMO - US,"Trinity Biotech, Plc","HIV 1/2, Uni-Gold HIV Kit",32.0,3/31/09,SCMS-42300,Pre-PQ Process,Pre-PQ Process,HRDT,102-GY-T01,09-Jul-09,Air,HIV test,20,1.6,"Trinity Biotech, Plc",EXW,468
2680,ASN-95,Generic,Zambia,29-Jan-07,29-Jan-07,20mg/ml,Oral solution,Yes,3850.8,Direct Drop,"Abacavir 20mg/ml, oral solution, Bottle, 240 ml",MIssing,906,19071.3,PMO - US,"Aurobindo Unit III, India",Abacavir,21.05,Date Not Captured,SCMS-137,Pre-PQ Process,Pre-PQ Process,ARV,110-ZM-T01,29-Jan-07,Air,Pediatric,240,0.09,Aurobindo Pharma Limited,EXW,316
44737,ASN-14517,Generic,Vietnam,16-May-12,16-May-12,300mg,Tablet,Yes,13850.65,Direct Drop,"Tenofovir Disoproxil Fumarate 300mg, tablets, 30 Tabs",139.78,20142,99702.9,PMO - US,Mylan (formerly Matrix) Nashik,Tenofovir Disoproxil Fumarate,4.95,1/16/12,SCMS-131690,FPQ-9001,12/15/11,ARV,108-VN-T30,16-May-12,Air,Adult,30,0.16,MYLAN LABORATORIES LTD (FORMERLY MATRIX LABORATORIES),EXW,6142
28566,ASN-20353,Determine,Zambia,23-Aug-13,23-Aug-13,MIssing,Test kit,Yes,17657.02,Direct Drop,"HIV 1/2, Determine Complete HIV Kit, 100 Tests",270.16,2730,218400.0,PMO - US,"Alere Medical Co., Ltd.","HIV 1/2, Determine Complete HIV Kit",80.0,5/22/13,SCMS-190740,FPQ-12180,5/14/13,HRDT,100-ZM-T30,23-Aug-13,Air,HIV test,100,0.8,"Orgenics, Ltd",EXW,1184
83175,DN-3376,Generic,Mozambique,28-Nov-13,12-Dec-13,150/300/200mg,Tablet - FDC,Yes,5846.08,From RDC,"Lamivudine/Nevirapine/Zidovudine 150/200/300mg, tablets, 60 Tabs",413.67,38976,334414.08,PMO - US,Hetero Unit III Hyderabad IN,Lamivudine/Nevirapine/Zidovudine,8.58,N/A - From RDC,SO-45892,FPQ-12416,6/28/13,ARV,111-MZ-T30,29-Nov-13,Truck,Adult,60,0.14,SCMS from RDC,N/A - From RDC,7482
85593,DN-4247,Generic,Mozambique,09-Jun-15,15-Jun-15,300mg,Tablet,No,See DN-4247 (ID#:84466),From RDC,"Tenofovir Disoproxil Fumarate 300mg, tablets, 30 Tabs",2.51,600,2130.0,PMO - US,Hetero Unit III Hyderabad IN,Tenofovir Disoproxil Fumarate,3.55,N/A - From RDC,SO-50490,FPQ-15229,10/17/14,ARV,111-MZ-T30,30-Jun-15,Truck,Adult,30,0.12,SCMS from RDC,N/A - From RDC,See DN-4247 (ID#:84466)
86604,DN-3325,Generic,Dominican Republic,21-May-13,18-Nov-14,200/50mg,Tablet,Yes,Invoiced Separately,From RDC,"Lopinavir/Ritonavir 200/50mg, [DON] tablets, 120 Tabs",0,93,0.0,PMO - US,Mylan (formerly Matrix) Nashik,Lopinavir/Ritonavir,0.0,N/A - From RDC,SO-46510,FPQ-12902,8/29/13,ARV,102-DO-T30,26-Sep-13,Air,Adult,120,0.0,SCMS from RDC,N/A - From RDC,Weight Captured Separately
86299,DN-1803,Generic,Nigeria,18-May-10,18-May-10,600/200/300mg,Tablet - FDC,Yes,9736.1,From RDC,"Efavirenz/Emtricitabine/Tenofovir Disoproxil Fumarate 600/200/300mg, tablets, 30 Tabs",474.14,11040,219916.8,PMO - US,Mylan (formerly Matrix) Nashik,Efavirenz/Emtricitabine/Tenofovir Disoproxil Fumarate,19.92,N/A - From RDC,SO-35022,FPQ-4537,11-06-09,ARV,151-NG-T30,31-May-10,Air Charter,Adult,30,0.66,SCMS from RDC,N/A - From RDC,1210
85009,DN-4097,Generic,Nigeria,14-Jan-15,20-Jan-15,300/300mg,Tablet - FDC,Yes,69737,From RDC,"Lamivudine/Tenofovir Disoproxil Fumarate 300/300mg, tablets, 30 Tabs",0.02,4,18.44,PMO - US,"Cipla, Kurkumbh, India",Lamivudine/Tenofovir Disoproxil Fumarate,4.61,N/A - From RDC,SO-48908,FPQ-14156,4/25/14,ARV,151-NG-T30,30-Jan-15,Air Charter,Adult,30,0.15,SCMS from RDC,N/A - From RDC,34119
84430,DN-4024,Generic,CÃte dIvoire,11-Feb-15,16-Feb-15,200/50mg,Tablet,No,See DN-4024 (ID#:82756),From RDC,"Lopinavir/Ritonavir 200/50mg, tablets, 120 Tabs",219.7,10275,213720.0,PMO - US,"Aurobindo Unit III, India",Lopinavir/Ritonavir,20.8,N/A - From RDC,SO-47912,FPQ-13628,1/29/14,ARV,104-CI-T30,30-Jan-15,Truck,Adult,120,0.17,SCMS from RDC,N/A - From RDC,See DN-4024 (ID#:82756)
44209,ASN-24564,Generic,Tanzania,11-Apr-14,11-Apr-14,300mg,Tablet,Yes,10879.44,Direct Drop,"Zidovudine 300mg, tablets, 60 Tabs",211.77,31528,171197.04,PMO - US,"Aurobindo Unit III, India",Zidovudine,5.43,01-08-14,SCMS-210901,FPQ-13048,10-03-13,ARV,109-TZ-T30,11-Apr-14,Air,Adult,60,0.09,Aurobindo Pharma Limited,EXW,1899
32959,ASN-7797,OraQuick,Botswana,31-Aug-10,31-Aug-10,MIssing,Test kit - Ancillary,Yes,418.94,Direct Drop,"#109435**HIV, OraQuick Controls Kit, 3 Vials",0.49,10,250.0,PMO - US,"Orasure Technologies, Inc USA","HIV, OraQuick Controls Kit, 3 Vials",25.0,9/30/09,SCMS-54200,FPQ-4167,09-09-09,HRDT,144-BW-T30,31-Aug-10,Air,HIV test - Ancillary,3,8.33,Orasure Technologies Inc.,EXW,6
46099,ASN-7083,Generic,South Africa,10-Jun-10,10-Jun-10,200mg,Tablet,Yes,6369.8,Direct Drop,"Nevirapine 200mg, tablets, 60 Tabs",241.38,38341,111955.72,PMO - US,"Aurobindo Unit III, India",Nevirapine,2.92,3/19/10,SCMS-68950,FPQ-5303,3/18/10,ARV,161-ZA-T30,09-Jun-10,Air,Adult,60,0.05,Aurobindo Pharma Limited,DDP,4522
85191,DN-2253,Generic,Ethiopia,01-Jun-11,01-Jun-11,600mg,Tablet,Yes,Invoiced Separately,From RDC,"Efavirenz 600mg, tablets, 30 Tabs",70.73,10158,42866.76,PMO - US,"Aurobindo Unit III, India",Efavirenz,4.22,N/A - From RDC,SO-39900,FPQ-7798,5/23/11,ARV,117-ET-T30,21-Jun-11,Air,Adult,30,0.14,SCMS from RDC,N/A - From RDC,Weight Captured Separately
83634,DN-2908,Generic,Nigeria,06-Nov-12,06-Nov-12,300mg,Tablet,Yes,15459.09,From RDC,"Abacavir 300mg, tablets, 60 Tabs",215.08,11837,153407.52,PMO - US,Mylan (formerly Matrix) Nashik,Abacavir,12.96,N/A - From RDC,SO-42689,FPQ-9968,5/23/12,ARV,151-NG-T30,06-Nov-12,Air,Adult,60,0.22,SCMS from RDC,N/A - From RDC,1319
77152,ASN-7405,Generic,Vietnam,22-Jul-10,22-Jul-10,600mg,Tablet,Yes,11617.57,Direct Drop,"Efavirenz 600mg, tablets, 30 Tabs",292.76,31579,135789.7,PMO - US,Mylan (formerly Matrix) Nashik,Efavirenz,4.3,3/24/10,SCMS-68600,FPQ-5094,3/15/10,ARV,108-VN-T30,22-Jul-10,Air,Adult,30,0.14,MYLAN LABORATORIES LTD (FORMERLY MATRIX LABORATORIES),EXW,2585
85953,DN-3086,Generic,Mozambique,19-Apr-13,19-Apr-13,600/300/300mg,Tablet - FDC,Yes,4120.69,From RDC,"Efavirenz/Lamivudine/Tenofovir Disoproxil Fumarate 600/300/300mg, tablets, 30 Tabs",373.52,22000,266420.0,PMO - US,Mylan (formerly Matrix) Nashik,Efavirenz/Lamivudine/Tenofovir Disoproxil Fumarate,12.11,N/A - From RDC,SO-42862,FPQ-10211,6/28/12,ARV,111-MZ-T30,19-Apr-13,Truck,Adult,30,0.4,SCMS from RDC,N/A - From RDC,2503
71971,ASN-8343,Generic,Vietnam,13-Oct-10,13-Oct-10,200mg,Tablet,Yes,4146.33,Direct Drop,"Nevirapine 200mg, tablets, 60 Tabs",20.55,3753,9532.62,PMO - US,"Strides, Bangalore, India.",Nevirapine,2.54,07-01-10,SCMS-77410,FPQ-5899,6/23/10,ARV,108-VN-T30,13-Oct-10,Air,Adult,60,0.04,STRIDES ARCOLAB LIMITED,EXW,216
84618,DN-2113,Generic,Haiti,14-Feb-11,14-Feb-11,150mg,Tablet,No,See DN-2113 (ID#:82937),From RDC,"Lamivudine 150mg, tablets, 60 Tabs",30.04,5980,13933.4,PMO - US,"Aurobindo Unit III, India",Lamivudine,2.33,N/A - From RDC,SO-38120,FPQ-6484,10/13/10,ARV,106-HT-T30,28-Feb-11,Air,Adult,60,0.04,SCMS from RDC,N/A - From RDC,See DN-2113 (ID#:82937)
10814,DN-121,Generic,Mozambique,18-May-07,18-May-07,20mg/ml,Oral solution,Yes,710.68,From RDC,"Abacavir 20mg/ml, oral solution, Bottle, 240 ml",MIssing,474,10191.0,PMO - US,"Aurobindo Unit III, India",Abacavir,21.5,N/A - From RDC,SO-497,Pre-PQ Process,Pre-PQ Process,ARV,111-MZ-T01,18-May-07,Air,Pediatric,240,0.09,SCMS from RDC,N/A - From RDC,221
82914,DN-1997,Generic,Uganda,27-Sep-10,27-Sep-10,600mg,Tablet,Yes,132890.27,From RDC,"Efavirenz 600mg, tablets, 30 Tabs",578.93,60342,268521.9,PMO - US,"Strides, Bangalore, India.",Efavirenz,4.45,N/A - From RDC,SO-37250,FPQ-6202,08-06-10,ARV,102-UG-T30,29-Oct-10,Air,Adult,30,0.15,SCMS from RDC,N/A - From RDC,20269
10537,DN-14,Generic,Mozambique,09-Jan-07,09-Jan-07,600mg,Tablet,Yes,1893.82,From RDC,"Efavirenz 600mg, tablets, 30 Tabs",MIssing,10403,174250.25,PMO - US,"Aurobindo Unit III, India",Efavirenz,16.75,N/A - From RDC,SO-322,Pre-PQ Process,Pre-PQ Process,ARV,111-MZ-T01,09-Jan-07,Air,Adult,30,0.56,SCMS from RDC,N/A - From RDC,1717
83368,DN-1311,Generic,Nigeria,04-Aug-09,04-Aug-09,200mg,Capsule,No,See DN-1311 (ID#:82837),From RDC,"Efavirenz 200mg, capsule, 90 Caps",0.4,16,203.68,PMO - US,"Aurobindo Unit III, India",Efavirenz,12.73,N/A - From RDC,SO-32270,FPQ-3815,5/26/09,ARV,154-NG-T30,30-Jul-09,Air Charter,Pediatric,90,0.14,SCMS from RDC,N/A - From RDC,See DN-1311 (ID#:82837)
11860,DN-762,Aluvia,Haiti,18-Jun-08,18-Jun-08,200/50mg,Tablet,Yes,1422.32,From RDC,"Lopinavir/Ritonavir 200/50mg [Aluvia], tablets, 120 Tabs",15.78,240,9864.0,PMO - US,ABBVIE Ludwigshafen Germany,Lopinavir/Ritonavir,41.1,N/A - From RDC,SO-2596,Pre-PQ Process,Pre-PQ Process,ARV,106-HT-T01,18-Jun-08,Air,Adult,120,0.34,SCMS from RDC,N/A - From RDC,52
11420,DN-240,Invirase,CÃte dIvoire,16-Jul-07,16-Jul-07,200mg,Capsule,No,See DN-240 (ID#:10847),From RDC,"Saquinavir 200mg [Invirase], capsules, 270 Caps",72.35,575,45218.0,PMO - US,Roche Basel,Saquinavir,78.64,N/A - From RDC,SO-522,Pre-PQ Process,Pre-PQ Process,ARV,104-CI-T01,16-Jul-07,MIssing,Adult,270,0.29,SCMS from RDC,N/A - From RDC,See DN-240 (ID#:10847)
60840,ASN-8846,Generic,South Africa,13-Dec-10,13-Dec-10,200mg,Tablet,Yes,14682.98,Direct Drop,"Nevirapine 200mg, tablets, 60 Tabs",1469.58,237500,681625.0,PMO - US,"Strides, Bangalore, India.",Nevirapine,2.87,9/21/10,SCMS-84240,FPQ-6262,8/31/10,ARV,161-ZA-T30,13-Dec-10,Ocean,Adult,60,0.05,STRIDES ARCOLAB LIMITED,DDP,15475
11161,DN-366,Generic,Zambia,27-Sep-07,27-Sep-07,200mg,Tablet,Yes,63886.29,From RDC,"Nevirapine 200mg, tablets, 60 Tabs",462.4,85000,289000.0,PMO - US,"Aurobindo Unit III, India",Nevirapine,3.4,N/A - From RDC,SO-940,Pre-PQ Process,Pre-PQ Process,ARV,110-ZM-T01,27-Sep-07,MIssing,Adult,60,0.06,SCMS from RDC,N/A - From RDC,14311
55180,ASN-6736,Aluvia,Uganda,04-May-10,04-May-10,200/50mg,Tablet,Yes,1084.27,Direct Drop,"Lopinavir/Ritonavir 200/50mg [Aluvia], tablets, 120 Tabs",7.8,100,3616.0,PMO - US,ABBVIE Ludwigshafen Germany,Lopinavir/Ritonavir,36.16,3/18/10,SCMS-68290,FPQ-5276,03-12-10,ARV,114-UG-T30,04-May-10,Air,Adult,120,0.3,ABBVIE LOGISTICS (FORMERLY ABBOTT LOGISTICS BV),FCA,36
1111,ASN-4402,Kaletra,South Africa,21-Apr-09,21-Apr-09,80/20mg/ml,Oral solution,Yes,Freight Included in Commodity Cost,Direct Drop,"Lopinavir/Ritonavir 80/20mg/ml [Kaletra], oral solution, cool, Bottle 5 x 60 ml",2.12,30,1080.0,PMO - US,ABBVIE (Abbott) Logis. UK,Lopinavir/Ritonavir,36.0,04-02-09,SCMS-47390,Pre-PQ Process,Pre-PQ Process,ARV,116-ZA-T01,31-Jul-09,Truck,Pediatric,300,0.12,S. BUYS WHOLESALER,DDP,Weight Captured Separately
41444,ASN-11024,Generic,Vietnam,22-Jun-11,22-Jun-11,150/300mg,Tablet - FDC,No,See ASN-11024 (ID#:15149),Direct Drop,"Lamivudine/Zidovudine 150/300mg, tablets, 60 Tabs",69.02,5070,41827.5,PMO - US,Mylan (formerly Matrix) Nashik,Lamivudine/Zidovudine,8.25,2/15/11,SCMS-97850,FPQ-6818,1/17/11,ARV,108-VN-T30,22-Jun-11,Air,Adult,60,0.14,MYLAN LABORATORIES LTD (FORMERLY MATRIX LABORATORIES),EXW,See ASN-11024 (ID#:15149)
83074,DN-2837,Generic,CÃte dIvoire,05-Sep-12,05-Sep-12,150/300/200mg,Tablet - FDC,No,See DN-2837 (ID#:82507),From RDC,"Lamivudine/Nevirapine/Zidovudine 150/200/300mg, tablets, 60 Tabs",1031.85,75024,735985.44,PMO - US,Hetero Unit III Hyderabad IN,Lamivudine/Nevirapine/Zidovudine,9.81,N/A - From RDC,SO-42382,FPQ-9749,4/19/12,ARV,104-CI-T30,13-Nov-12,Truck,Adult,60,0.16,SCMS from RDC,N/A - From RDC,See DN-2837 (ID#:82507)
86679,DN-3654,Generic,"Congo, DRC",15-Aug-14,05-Sep-14,300mg,Tablet,No,See DN-3654 (ID#:84361),From RDC,"Zidovudine 300mg, tablets, 60 Tabs",16.96,3000,16500.0,PMO - US,Mylan (formerly Matrix) Nashik,Zidovudine,5.5,N/A - From RDC,SO-47631,FPQ-13554,1/15/14,ARV,101-CD-T30,15-Aug-14,Air,Adult,60,0.09,SCMS from RDC,N/A - From RDC,See DN-3654 (ID#:84361)
10955,DN-629,Generic,Mozambique,16-May-08,16-May-08,150/200/30mg,Tablet - FDC,Yes,11053.53,From RDC,"Lamivudine/Nevirapine/Stavudine 150/200/30mg, tablets, 60 Tabs",864.46,73012,540288.8,PMO - US,"Cipla, Goa, India",Lamivudine/Nevirapine/Stavudine,7.4,N/A - From RDC,SO-1039,Pre-PQ Process,Pre-PQ Process,ARV,111-MZ-T01,08-Apr-08,Air,Adult,60,0.12,SCMS from RDC,N/A - From RDC,14083
44964,ASN-7664,Generic,South Africa,11-Aug-10,11-Aug-10,150mg,Tablet,Yes,1791.42,Direct Drop,"Lamivudine 150mg, tablets, 60 Tabs",185.31,33972,85949.16,PMO - US,"Aurobindo Unit III, India",Lamivudine,2.53,3/19/10,SCMS-68980,FPQ-5303,3/18/10,ARV,161-ZA-T30,24-Aug-10,Air,Adult,60,0.04,Aurobindo Pharma Limited,DDP,1823
2662,ASN-57,Generic,Nigeria,28-Sep-06,28-Sep-06,150mg,Tablet,No,See ASN-57 (ID#:23),Direct Drop,"Lamivudine 150mg, tablets, 60 Tabs",MIssing,486,2041.2,PMO - US,"Aurobindo Unit III, India",Lamivudine,4.2,Date Not Captured,SCMS-87,Pre-PQ Process,Pre-PQ Process,ARV,112-NG-T01,28-Sep-06,Air,Adult,60,0.07,Aurobindo Pharma Limited,EXW,See ASN-57 (ID#:23)
86332,DN-2003,Generic,Zambia,01-Sep-10,01-Sep-10,300mg,Tablet,No,See DN-2003 (ID#:85146),From RDC,"Abacavir 300mg, tablets, 60 Tabs",497.21,13455,230618.7,PMO - US,Mylan (formerly Matrix) Nashik,Abacavir,17.14,N/A - From RDC,SO-36844,FPQ-5702,5/20/10,ARV,110-ZM-T30,22-Sep-10,Air,Adult,60,0.29,SCMS from RDC,N/A - From RDC,See DN-2003 (ID#:85146)
8315,ASN-1463,OraQuick,Haiti,29-Mar-08,29-Mar-08,MIssing,Test kit,Yes,2556.61,Direct Drop,"HIV 1/2, OraQuick Advance HIV Rapid Antibody Kit, 100 Tests",16.8,30,10500.0,PMO - US,"Pacific Biotech, Thailand","HIV 1/2, OraQuick Advance HIV Rapid Antibody Kit",350.0,2/27/08,SCMS-18270,Pre-PQ Process,Pre-PQ Process,HRDT,106-HT-T01,29-Mar-08,Air,HIV test,100,3.5,Orasure Technologies Inc.,EXW,72
59919,ASN-23875,Generic,South Africa,13-Jan-14,13-Jan-14,30mg,Capsule,No,Freight Included in Commodity Cost,Direct Drop,"Stavudine 30mg, capsules, 60 Caps",0.17,44,163.95,PMO - US,"Aurobindo Unit III, India",Stavudine,3.73,12-02-13,SCMS-215410,FPQ-13214,11/14/13,ARV,116-ZA-T30,13-Jan-14,Truck,Adult,60,0.06,S. BUYS WHOLESALER,DDP,Weight Captured Separately
85433,DN-3494,Generic,Nigeria,10-Jan-14,15-Jan-14,600/300/300mg,Tablet - FDC,No,See DN-3494 (ID#:84883),From RDC,"Efavirenz/Lamivudine/Tenofovir Disoproxil Fumarate 600/300/300mg, tablets, 30 Tabs",3447.94,249986,2787343.9,PMO - US,Mylan (formerly Matrix) Nashik,Efavirenz/Lamivudine/Tenofovir Disoproxil Fumarate,11.15,N/A - From RDC,SO-45663,FPQ-12248,05-06-13,ARV,151-NG-T30,17-Jan-14,Air Charter,Adult,30,0.37,SCMS from RDC,N/A - From RDC,See DN-3494 (ID#:84883)
1549,ASN-1197,Determine,Nigeria,05-Feb-08,05-Feb-08,MIssing,Test kit,Yes,2577.27,Direct Drop,"HIV 1/2, Determine HIV Kit, without Lancets, 100 Tests",83.19,650,51993.5,PMO - US,Inverness Japan,"HIV 1/2, Determine HIV Kit, without Lancets",79.99,Date Not Captured,SCMS-15550,Pre-PQ Process,Pre-PQ Process,HRDT,123-NG-T01,05-Feb-08,Air,HIV test,100,0.8,"Orgenics, Ltd",EXW,148
23904,ASN-6253,Generic,Vietnam,20-Mar-10,20-Mar-10,300mg,Tablet,Yes,4138.11,Direct Drop,"Zidovudine 300mg, tablets, 60 Tabs",2.47,168,1260.0,PMO - US,Mylan (formerly Matrix) Nashik,Zidovudine,7.5,11-02-09,SCMS-56250,FPQ-4266,10/20/09,ARV,108-VN-T30,20-Mar-10,Air,Adult,60,0.12,MYLAN LABORATORIES LTD (FORMERLY MATRIX LABORATORIES),EXW,9
59258,ASN-32959,Determine,Nigeria,09-Jul-15,09-Jul-15,MIssing,Test kit,Yes,Freight Included in Commodity Cost,Direct Drop,"HIV 1/2, Determine Complete HIV Kit, 100 Tests",683.3,6523,580547.0,PMO - US,"Alere Medical Co., Ltd.","HIV 1/2, Determine Complete HIV Kit",89.0,5/26/15,SCMS-289130,FPQ-16329,05-07-15,HRDT,133-NG-T30,14-Jul-15,Air,HIV test,100,0.89,"Orgenics, Ltd",EXW,6523
27942,ASN-17959,Kaletra,Angola,25-Apr-13,25-Apr-13,80/20mg/ml,Oral solution,Yes,4281.43,Direct Drop,"Lopinavir/Ritonavir 80/20mg/ml [Kaletra], oral solution, cool, Bottle 5 x 60 ml",18.3,480,14793.6,PMO - US,ABBVIE (Abbott) Logis. UK,Lopinavir/Ritonavir,30.82,01-03-13,SCMS-171780,FPQ-11074,12-07-12,ARV,103-AO-T30,25-Apr-13,Air,Pediatric,300,0.1,ABBVIE LOGISTICS (FORMERLY ABBOTT LOGISTICS BV),FCA,492
11802,DN-393,Generic,CÃte dIvoire,22-Nov-07,22-Nov-07,10mg/ml,Oral solution,Yes,23907.05,From RDC,"Zidovudine 10mg/ml, oral solution, Bottle, 240 ml",23.31,6777,14570.55,PMO - US,"Aurobindo Unit III, India",Zidovudine,2.15,N/A - From RDC,SO-1105,Pre-PQ Process,Pre-PQ Process,ARV,104-CI-T01,22-Nov-07,Air,Pediatric,240,0.01,SCMS from RDC,N/A - From RDC,2510
29968,ASN-8406,Bioline,Rwanda,20-Oct-10,20-Oct-10,MIssing,Test kit,Yes,8823.41,Direct Drop,"HIV 1/2, Bioline 3.0 Kit, (no accessories), 30 Tests",87.96,1700,40800.0,PMO - US,"Standard Diagnostics, Korea","HIV 1/2, Bioline 3.0 Kit (no accessories)",24.0,9/21/10,SCMS-86430,FPQ-6417,9/20/10,HRDT,107-RW-T30,20-Oct-10,Air,HIV test,30,0.8,"Standard Diagnostics, Inc.",EXW,604
11477,DN-426,Trizivir,Mozambique,29-Nov-07,29-Nov-07,300/150/300mg,Tablet - FDC,No,See DN-426 (ID#:10633),From RDC,"Abacavir/Lamivudine/Zidovudine 300/150/300mg [Trizivir], tablets, 60 Tabs",100.8,900,63000.0,PMO - US,GSK Ware (UK),Abacavir/Lamivudine/Zidovudine,70.0,N/A - From RDC,SO-1038,Pre-PQ Process,Pre-PQ Process,ARV,111-MZ-T01,29-Nov-07,Air,Adult,60,1.17,SCMS from RDC,N/A - From RDC,See DN-426 (ID#:10633)
35250,ASN-27099,Norvir,Vietnam,18-Aug-14,25-Aug-14,100mg,Tablet,Yes,1779.09,Direct Drop,"Ritonavir 100mg [Norvir], film coated tablets, 30 Tabs",7.17,300,6978.0,PMO - US,ABBVIE Ludwigshafen Germany,Ritonavir,23.26,03-10-14,SCMS-226190,FPQ-13524,02-06-14,ARV,108-VN-T30,18-Aug-14,Air,Adult,30,0.78,ABBVIE LOGISTICS (FORMERLY ABBOTT LOGISTICS BV),FCA,38
10833,DN-172,Generic,Nigeria,26-Jun-07,26-Jun-07,200mg,Tablet,No,See DN-172 (ID#:10566),From RDC,"Nevirapine 200mg, tablets, 60 Tabs",MIssing,1198,4276.86,PMO - US,"Strides, Bangalore, India.",Nevirapine,3.57,N/A - From RDC,SO-557,Pre-PQ Process,Pre-PQ Process,ARV,112-NG-T01,26-Jun-07,MIssing,Adult,60,0.06,SCMS from RDC,N/A - From RDC,See DN-172 (ID#:10566)
84691,DN-2494,Generic,"Congo, DRC",14-Feb-12,14-Feb-12,600mg,Tablet,No,See DN-2494 (ID#:82433),From RDC,"Efavirenz 600mg, tablets, 30 Tabs",0.16,27,111.24,PMO - US,"Strides, Bangalore, India.",Efavirenz,4.12,N/A - From RDC,SO-41132,FPQ-8840,11/21/11,ARV,101-CD-T30,16-Mar-12,Air,Adult,30,0.14,SCMS from RDC,N/A - From RDC,See DN-2494 (ID#:82433)
83014,DN-2542,Generic,Tanzania,12-Mar-12,12-Mar-12,200/50mg,Tablet,Yes,1698.83,From RDC,"Lopinavir/Ritonavir 200/50mg, tablets, 120 Tabs",203.96,3679,123614.4,PMO - US,"Aurobindo Unit III, India",Lopinavir/Ritonavir,33.6,N/A - From RDC,SO-40640,FPQ-8297,8/22/11,ARV,109-TZ-T30,23-Mar-12,Truck,Adult,120,0.28,SCMS from RDC,N/A - From RDC,932
11637,DN-1226,Generic,Uganda,01-Jun-09,01-Jun-09,150/300mg,Tablet - FDC,Yes,1122.87,From RDC,"Lamivudine/Zidovudine 150/300mg, tablets, 60 Tabs",11.76,685,6000.6,PMO - US,Mylan (formerly Matrix) Nashik,Lamivudine/Zidovudine,8.76,N/A - From RDC,SO-26161,Pre-PQ Process,Pre-PQ Process,ARV,114-UG-T01,01-Jun-09,Air,Adult,60,0.15,SCMS from RDC,N/A - From RDC,67
12791,DN-736,Generic,Haiti,29-May-08,29-May-08,10mg/ml,Oral solution,No,See DN-736 (ID#:12790),From RDC,"Lamivudine 10mg/ml, oral solution, Bottle, 240 ml",7.61,2415,4757.55,PMO - US,"Aurobindo Unit III, India",Lamivudine,1.97,N/A - From RDC,SO-2050,Pre-PQ Process,Pre-PQ Process,ARV,106-HT-T01,29-May-08,Air,Pediatric,240,0.01,SCMS from RDC,N/A - From RDC,See DN-736 (ID#:12790)
58485,ASN-5907,Norvir,South Africa,29-Dec-09,29-Dec-09,100mg,Capsule,Yes,Freight Included in Commodity Cost,Direct Drop,"Ritonavir 100mg [Norvir], capsules, cool, 84 Caps",0.35,15,161.34,PMO - US,ABBVIE (Abbott) Logis. UK,Ritonavir,10.76,12/23/09,SCMS-60190,FPQ-4770,12/17/09,ARV,116-ZA-T30,29-Dec-09,Truck,Adult,84,0.13,S. BUYS WHOLESALER,DDP,Weight Captured Separately
12820,DN-860,Generic,Haiti,11-Aug-08,11-Aug-08,1mg/ml,Oral solution,Yes,3022.74,From RDC,"Stavudine 1mg/ml, powder for oral solution, 200 ml",3.36,1500,2100.0,PMO - US,"Aurobindo Unit III, India",Stavudine,1.4,N/A - From RDC,SO-12140,Pre-PQ Process,Pre-PQ Process,ARV,106-HT-T01,11-Aug-08,Air,Pediatric,200,0.01,SCMS from RDC,N/A - From RDC,235
11343,DN-1348,Truvada,Nigeria,04-Aug-09,04-Aug-09,300/200mg,Tablet - FDC,Yes,7445.8,From RDC,"Emtricitabine/Tenofovir Disoproxil Fumarate 200/300mg [Truvada], tablets, 30 Tabs",34.06,662,17377.5,PMO - US,"Aspen-OSD, Port Elizabeth, SA",Emtricitabine/Tenofovir Disoproxil Fumarate,26.25,N/A - From RDC,SO-27813,Pre-PQ Process,Date Not Captured,ARV,151-NG-T01,04-Aug-09,Air Charter,Adult,30,0.88,SCMS from RDC,N/A - From RDC,58
79109,ASN-16853,Determine,Zambia,31-Oct-12,31-Oct-12,MIssing,Test kit,Yes,69016.63,Direct Drop,"HIV 1/2, Determine Complete HIV Kit, 100 Tests",919.71,8200,656000.0,PMO - US,"Alere Medical Co., Ltd.","HIV 1/2, Determine Complete HIV Kit",80.0,09-05-12,SCMS-158520,FPQ-10531,8/21/12,HRDT,110-ZM-T30,31-Oct-12,Air,HIV test,100,0.8,"Orgenics, Ltd",EXW,3896
86260,DN-1633,Generic,Uganda,29-Jan-10,29-Jan-10,150/300/200mg,Tablet - FDC,Yes,6470.51,From RDC,"Lamivudine/Nevirapine/Zidovudine 150/200/300mg, tablets, 60 Tabs",159.66,6600,74052.0,PMO - US,Mylan (formerly Matrix) Nashik,Lamivudine/Nevirapine/Zidovudine,11.22,N/A - From RDC,SO-34820,FPQ-4497,10/28/09,ARV,114-UG-T30,03-Mar-10,Truck,Adult,60,0.19,SCMS from RDC,N/A - From RDC,843
56005,ASN-27794,Generic,Haiti,14-Oct-14,20-Oct-14,30/60mg,Chewable/dispersible tablet - FDC,Yes,2794.21,Direct Drop,"Lamivudine/Zidovudine 30/60mg, dispersible tablets, 60 Tabs",6.51,3184,6336.16,PMO - US,"Cipla, Goa, India",Lamivudine/Zidovudine,1.99,4/30/14,SCMS-233970,FPQ-13797,3/20/14,ARV,106-HT-T30,14-Oct-14,Air,Pediatric,60,0.03,CIPLA LIMITED,EXW,250
83795,DN-3712,Generic,Burundi,25-Jun-14,01-Jul-14,600/300/300mg,Tablet - FDC,Yes,4195.64,From RDC,"Efavirenz/Lamivudine/Tenofovir Disoproxil Fumarate 600/300/300mg, tablets, 30 Tabs",31.92,2880,31046.4,PMO - US,Mylan (formerly Matrix) Nashik,Efavirenz/Lamivudine/Tenofovir Disoproxil Fumarate,10.78,N/A - From RDC,SO-47670,FPQ-13627,1/24/14,ARV,102-BI-T30,30-May-14,Air,Adult,30,0.36,SCMS from RDC,N/A - From RDC,546
84817,DN-3155,Generic,Tanzania,14-May-13,14-May-13,60/100/12mg,Chewable/dispersible tablet - FDC,No,See DN-3155 (ID#:84260),From RDC,"Lamivudine/Nevirapine/Stavudine 60/100/12mg, dispersible tablets, 60 Tabs",64.39,12106,52055.8,PMO - US,"Cipla, Goa, India",Lamivudine/Nevirapine/Stavudine,4.3,N/A - From RDC,SO-44981,FPQ-12015,04-02-13,ARV,109-TZ-T30,23-Aug-13,Truck,Pediatric,60,0.07,SCMS from RDC,N/A - From RDC,See DN-3155 (ID#:84260)
83633,DN-2903,Generic,Nigeria,06-Nov-12,06-Nov-12,600/300/300mg,Tablet - FDC,Yes,15459.09,From RDC,"Efavirenz/Lamivudine/Tenofovir Disoproxil Fumarate 600/300/300mg, tablets, 30 Tabs",587.16,31560,418801.2,PMO - US,Mylan (formerly Matrix) Nashik,Efavirenz/Lamivudine/Tenofovir Disoproxil Fumarate,13.27,N/A - From RDC,SO-42684,FPQ-9968,5/23/12,ARV,151-NG-T30,06-Nov-12,Air,Adult,30,0.44,SCMS from RDC,N/A - From RDC,3856
82972,DN-2318,Generic,Zimbabwe,23-Sep-11,23-Sep-11,200mg,Delayed-release capsules,No,See DN-2318 (ID#:82971),From RDC,"Didanosine 200mg, delayed-release capsules, 30 Caps",0.85,36,396.0,PMO - US,"Aurobindo Unit III, India",Didanosine,11.0,N/A - From RDC,SO-38900,FPQ-6483,10/13/10,ARV,200-ZW-T30,30-Sep-11,Truck,Pediatric,30,0.37,SCMS from RDC,N/A - From RDC,See DN-2318 (ID#:82971)
50031,ASN-24433,Generic,South Africa,07-Feb-14,07-Feb-14,200mg,Capsule,No,Freight Included in Commodity Cost,Direct Drop,"Efavirenz 200mg, capsule, 90 Caps",1.48,46,1196.97,PMO - US,"Aurobindo Unit III, India",Efavirenz,26.02,8/13/13,SCMS-199280,FPQ-12522,07-11-13,ARV,116-ZA-T30,07-Feb-14,Truck,Pediatric,90,0.29,S. BUYS WHOLESALER,DDP,Weight Captured Separately
78201,ASN-7688,Generic,South Africa,20-Sep-10,20-Sep-10,150mg,Tablet,Yes,1791.42,Direct Drop,"Lamivudine 150mg, tablets, 60 Tabs",92.72,16999,43007.47,PMO - US,"Aurobindo Unit III, India",Lamivudine,2.53,3/19/10,SCMS-68980,FPQ-5303,3/18/10,ARV,161-ZA-T30,24-Aug-10,Air,Adult,60,0.04,Aurobindo Pharma Limited,DDP,912
80090,ASN-17165,Determine,Nigeria,28-Nov-12,28-Nov-12,MIssing,Test kit,Yes,13117.86,Direct Drop,"HIV 1/2, Determine Complete HIV Kit, 100 Tests",142.12,1139,101371.0,PMO - US,"Alere Medical Co., Ltd.","HIV 1/2, Determine Complete HIV Kit",89.0,8/13/12,SCMS-155321,FPQ-10349,7/17/12,HRDT,133-NG-T30,28-Nov-12,Air,HIV test,100,0.89,"Orgenics, Ltd",EXW,542
11101,DN-122,Generic,Zambia,04-May-07,04-May-07,600mg,Tablet,No,See DN-122 (ID#:11100),From RDC,"Efavirenz 600mg, tablets, 30 Tabs",MIssing,50112,814821.12,PMO - US,"Aurobindo Unit III, India",Efavirenz,16.26,N/A - From RDC,SO-310,Pre-PQ Process,Pre-PQ Process,ARV,110-ZM-T01,04-May-07,MIssing,Adult,30,0.54,SCMS from RDC,N/A - From RDC,See DN-122 (ID#:11100)
52353,ASN-19787,Generic,Vietnam,01-Jul-13,01-Jul-13,150/300/200mg,Tablet - FDC,No,See ASN-19787 (ID#:13978),Direct Drop,"Lamivudine/Nevirapine/Zidovudine 150/200/300mg, tablets, 60 Tabs",70.07,6900,56649.0,PMO - US,Hetero Unit III Hyderabad IN,Lamivudine/Nevirapine/Zidovudine,8.21,02-06-13,SCMS-176300,FPQ-11418,1/29/13,ARV,108-VN-T30,01-Jul-13,Air,Adult,60,0.14,HETERO LABS LIMITED,EXW,See ASN-19787 (ID#:13978)
83983,DN-1673,Generic,Haiti,15-Mar-10,15-Mar-10,200mg,Tablet,Yes,13122.39,From RDC,"Nevirapine 200mg, tablets, 60 Tabs",67.69,11500,31395.0,PMO - US,Hetero Unit III Hyderabad IN,Nevirapine,2.73,N/A - From RDC,SO-34690,FPQ-4384,10/23/09,ARV,106-HT-T30,15-Mar-10,Air,Adult,60,0.05,SCMS from RDC,N/A - From RDC,1870
15460,ASN-30463,Generic,Haiti,09-Apr-15,13-Apr-15,300/300mg,Tablet - FDC,Yes,20526.23,Direct Drop,"Lamivudine/Tenofovir Disoproxil Fumarate 300/300mg, tablets, 30 Tabs",174.92,36831,170159.22,PMO - US,Hetero Unit III Hyderabad IN,Lamivudine/Tenofovir Disoproxil Fumarate,4.62,01-07-15,SCMS-262980,FPQ-15038,10/22/14,ARV,106-HT-T30,09-Apr-15,Ocean,Adult,30,0.15,HETERO LABS LIMITED,EXW,17826
82583,DN-3196,Generic,Tanzania,18-Jun-13,18-Jun-13,600/200/300mg,Tablet - FDC,Yes,22904.03,From RDC,"Efavirenz/Emtricitabine/Tenofovir Disoproxil Fumarate 600/200/300mg, tablets, 30 Tabs",496.98,31000,401760.0,PMO - US,"Cipla, Goa, India",Efavirenz/Emtricitabine/Tenofovir Disoproxil Fumarate,12.96,N/A - From RDC,SO-44384,FPQ-11393,12/30/12,ARV,109-TZ-T30,31-May-13,Truck,Adult,30,0.43,SCMS from RDC,N/A - From RDC,3674
86774,DN-4107,Generic,"Congo, DRC",14-Apr-15,14-Apr-15,600/300/300mg,Tablet - FDC,Yes,61201.46,From RDC,"Efavirenz/Lamivudine/Tenofovir Disoproxil Fumarate 600/300/300mg, tablets, 30 Tabs",554.84,55300,539728.0,PMO - US,Mylan (formerly Matrix) Nashik,Efavirenz/Lamivudine/Tenofovir Disoproxil Fumarate,9.76,N/A - From RDC,SO-49311,FPQ-14576,7/14/14,ARV,101-CD-T30,14-Apr-15,Air,Adult,30,0.33,SCMS from RDC,N/A - From RDC,6247
47236,ASN-10315,Determine,Sudan,29-Apr-11,29-Apr-11,MIssing,Test kit - Ancillary,Yes,1201.72,Direct Drop,"Capillary Tubes, for Determine, EDTA, 50uL,100 Pcs",0.33,25,200.0,PMO - US,Inverness Japan,"HIV, Capillary Tubes, for Determine, EDTA, 50uL,100 Pcs",8.0,03-02-11,SCMS-100520,FPQ-7103,02-05-11,HRDT,102-SD-T30,29-Apr-11,Air,HIV test - Ancillary,100,0.08,"Orgenics, Ltd",FCA,2
63648,ASN-10748,Crixivan,Haiti,11-May-11,11-May-11,400mg,Capsule,Yes,290,Direct Drop,"Indinavir 400mg [Crixivan], capsules, 180 Caps",3.02,28,1400.0,PMO - US,"MSD, Haarlem, NL",Indinavir,50.0,11-04-10,SCMS-90451,FPQ-6489,10/20/10,ARV,106-HT-T30,11-May-11,Air,Adult,180,0.28,MERCK SHARP & DOHME IDEA GMBH (FORMALLY MERCK SHARP & DOHME B.V.),CIP,7
12759,DN-520,Generic,Ethiopia,20-Dec-07,20-Dec-07,150/300mg,Tablet - FDC,Yes,6483,From RDC,"Lamivudine/Zidovudine 150/300mg, tablets, 60 Tabs",147.3,9691,92064.5,PMO - US,"Aurobindo Unit III, India",Lamivudine/Zidovudine,9.5,N/A - From RDC,SO-1523,Pre-PQ Process,Pre-PQ Process,ARV,117-ET-T01,20-Dec-07,Air,Adult,60,0.16,SCMS from RDC,N/A - From RDC,899
9321,ASN-727,Zerit,CÃte dIvoire,02-Oct-07,02-Oct-07,20mg,Capsule,No,Freight Included in Commodity Cost,Direct Drop,"Stavudine 20mg [Zerit], capsules, 60 Caps",12.53,1389,7833.96,PMO - US,"BMS Meymac, France",Stavudine,5.64,7/13/07,SCMS-698,Pre-PQ Process,Pre-PQ Process,ARV,104-CI-T01,02-Oct-07,Air,Adult,60,0.09,BRISTOL-MYERS SQUIBB,CIP,Weight Captured Separately
44373,ASN-13475,Generic,Vietnam,01-Mar-12,01-Mar-12,150mg,Tablet,No,See ASN-13475 (ID#:15772),Direct Drop,"Lamivudine 150mg, tablets, 60 Tabs",49.34,13000,29900.0,PMO - US,"Aurobindo Unit III, India",Lamivudine,2.3,10-04-11,SCMS-123520,FPQ-8428,9/21/11,ARV,108-VN-T30,01-Mar-12,Air,Adult,60,0.04,Aurobindo Pharma Limited,EXW,See ASN-13475 (ID#:15772)
17200,ASN-21069,Generic,Haiti,30-Aug-13,30-Aug-13,300/100mg,Tablet,Yes,4909.72,Direct Drop,"Atazanavir/Ritonavir 300/100mg, tablets, 30 Tabs",123.7,5000,100000.0,PMO - US,Mylan (formerly Matrix) Nashik,Atazanavir/Ritonavir,20.0,7/22/13,SCMS-198140,FPQ-12538,6/25/13,ARV,106-HT-T30,30-Aug-13,Air,Adult,30,0.67,MYLAN LABORATORIES LTD (FORMERLY MATRIX LABORATORIES),EXW,670
84206,DN-2940,Generic,Zimbabwe,11-Dec-12,11-Dec-12,150/300mg,Tablet - FDC,No,See DN-2940 (ID#:82529),From RDC,"Lamivudine/Zidovudine 150/300mg, tablets, 60 Tabs",483.43,44665,344813.8,PMO - US,Hetero Unit III Hyderabad IN,Lamivudine/Zidovudine,7.72,N/A - From RDC,SO-42300,FPQ-9927,5/15/12,ARV,102-ZW-T30,21-Dec-12,Truck,Adult,60,0.13,SCMS from RDC,N/A - From RDC,See DN-2940 (ID#:82529)
2654,ASN-59,Capillus,Haiti,09-Oct-06,09-Oct-06,MIssing,Test kit,Yes,854.34,Direct Drop,"HIV 1/2, Capillus HIV Kit, 100 Tests",MIssing,45,7875.0,PMO - US,Not Applicable,"HIV 1/2, Capillus HIV Kit",175.0,Date Not Captured,SCMS-73,Pre-PQ Process,Pre-PQ Process,HRDT,106-HT-T01,09-Oct-06,Air,HIV test,100,1.75,"Trinity Biotech, Plc",EXW,29
86162,DN-4102,Generic,Uganda,24-Feb-15,24-Feb-15,600/300mg,Tablet - FDC,No,See DN-4102 (ID#:83880),From RDC,"Abacavir/Lamivudine 600/300mg, tablets, 30 Tabs",163.9,10300,139256.0,PMO - US,Mylan (formerly Matrix) Nashik,Abacavir/Lamivudine,13.52,N/A - From RDC,SO-50090,FPQ-15294,11-03-14,ARV,114-UG-T30,27-Feb-15,Truck,Adult,30,0.45,SCMS from RDC,N/A - From RDC,See DN-4102 (ID#:83880)
51817,ASN-12387,Generic,South Africa,24-Nov-11,24-Nov-11,300mg,Tablet,Yes,Freight Included in Commodity Cost,Direct Drop,"Tenofovir Disoproxil Fumarate 300mg, tablets, 30 Tabs",462.28,42131,280171.15,PMO - US,"Aurobindo Unit III, India",Tenofovir Disoproxil Fumarate,6.65,12/14/10,SCMS-93570,FPQ-6708,11/26/10,ARV,161-ZA-T30,05-Oct-11,Ocean,Adult,30,0.22,Aurobindo Pharma Limited,DDP,Weight Captured Separately
16553,ASN-5373,Viramune,South Africa,19-Oct-09,19-Oct-09,10mg/ml,Oral suspension,No,Freight Included in Commodity Cost,Direct Drop,"Nevirapine 10mg/ml [Viramune], oral suspension, Bottle, 240 ml",6.75,220,3442.16,PMO - US,Boehringer Ingelheim Roxane US,Nevirapine,15.65,10/15/09,SCMS-54980,FPQ-4359,10-08-09,ARV,116-ZA-T30,19-Oct-09,Truck,Pediatric,240,0.07,S. BUYS WHOLESALER,DDP,Weight Captured Separately
84571,DN-1868,Generic,CÃte dIvoire,21-Jun-10,21-Jun-10,50mg,Capsule,No,See DN-1868 (ID#:83435),From RDC,"Efavirenz 50mg, capsule, 30 Caps",7.71,1596,3575.04,PMO - US,"Aurobindo Unit III, India",Efavirenz,2.24,N/A - From RDC,SO-35590,FPQ-4659,12-08-09,ARV,104-CI-T30,30-Jun-10,Air,Pediatric,30,0.07,SCMS from RDC,N/A - From RDC,See DN-1868 (ID#:83435)
83438,DN-1892,Generic,Zambia,08-Jul-10,08-Jul-10,300mg,Tablet,Yes,13232.09,From RDC,"Abacavir 300mg, tablets, 60 Tabs",352.72,9545,163601.3,PMO - US,Mylan (formerly Matrix) Nashik,Abacavir,17.14,N/A - From RDC,SO-35510,FPQ-4809,01-06-10,ARV,110-ZM-T30,21-Jul-10,Truck,Adult,60,0.29,SCMS from RDC,N/A - From RDC,947
85437,DN-3526,Generic,Mozambique,20-Feb-14,19-Mar-14,600/300/300mg,Tablet - FDC,No,See DN-3526 (ID#:82649),From RDC,"Efavirenz/Lamivudine/Tenofovir Disoproxil Fumarate 600/300/300mg, tablets, 30 Tabs",1386.69,103129,1121012.23,PMO - US,"Aurobindo Unit VII, IN",Efavirenz/Lamivudine/Tenofovir Disoproxil Fumarate,10.87,N/A - From RDC,SO-45901,FPQ-12421,6/28/13,ARV,111-MZ-T30,10-Mar-14,Truck,Adult,30,0.36,SCMS from RDC,N/A - From RDC,See DN-3526 (ID#:82649)
82381,DN-2191,Generic,Uganda,24-May-11,24-May-11,150/300/200mg,Tablet - FDC,Yes,78442.21,From RDC,"Lamivudine/Nevirapine/Zidovudine 150/200/300mg, tablets, 60 Tabs",1851.3,100000,1122000.0,PMO - US,Mylan (formerly Matrix) Nashik,Lamivudine/Nevirapine/Zidovudine,11.22,N/A - From RDC,SO-38810,FPQ-7162,2/14/11,ARV,114-UG-T30,11-May-11,Truck,Adult,60,0.19,SCMS from RDC,N/A - From RDC,14983
83488,DN-2129,Generic,Guyana,25-Mar-11,25-Mar-11,15mg,Capsule,Yes,2097.18,From RDC,"Stavudine 15mg, capsules, 60 Caps",0.18,73,109.5,PMO - US,"Aurobindo Unit III, India",Stavudine,1.5,N/A - From RDC,SO-38840,FPQ-7128,02-04-11,ARV,105-GY-T30,31-Mar-11,Air,Adult,60,0.02,SCMS from RDC,N/A - From RDC,143
22516,ASN-27978,Generic,South Africa,27-Aug-14,27-Aug-14,10mg/ml,Oral solution,No,Freight Included in Commodity Cost,Direct Drop,"Lamivudine 10mg/ml, oral solution w/syringe, Bottle, 240 ml",0.13,13,103.95,PMO - US,"Aurobindo Unit III, India",Lamivudine,8.0,8/27/14,SCMS-199283,FPQ-12522,07-11-13,ARV,116-ZA-T30,27-Aug-14,Truck,Pediatric,240,0.03,S. BUYS WHOLESALER,DDP,Weight Captured Separately
73115,ASN-21586,Norvir,Mozambique,08-Oct-13,08-Oct-13,100mg,Tablet,Yes,1053.88,Direct Drop,"Ritonavir 100mg [Norvir], film coated tablets, 60 Tabs",5.22,616,4219.6,PMO - US,ABBVIE Ludwigshafen Germany,Ritonavir,6.85,05-01-13,SCMS-185220,FPQ-11915,3/20/13,ARV,111-MZ-T30,08-Oct-13,Air,Adult,60,0.11,ABBVIE LOGISTICS (FORMERLY ABBOTT LOGISTICS BV),FCA,87
16097,ASN-5364,Videx EC,Tanzania,27-Nov-09,27-Nov-09,250mg,Delayed-release capsules - blister,Yes,1312.2,Direct Drop,"Didanosine EC 250mg [Videx EC], delayed-release capsules, Blister 3 x 10 Caps",666.59,18544,340096.96,PMO - US,"BMS Meymac, France",Didanosine EC,18.34,6/29/09,SCMS-47770,FPQ-3782,06-11-09,ARV,109-TZ-T30,27-Nov-09,Air,Adult,30,0.61,BRISTOL-MYERS SQUIBB,CIP,1478
83601,DN-2731,Generic,Zambia,30-Jul-12,30-Jul-12,600/200/300mg,Tablet - FDC,Yes,13914.56,From RDC,"Efavirenz/Emtricitabine/Tenofovir Disoproxil Fumarate 600/200/300mg, tablets, 30 Tabs",4006.36,190000,2857600.0,PMO - US,Mylan (formerly Matrix) Nashik,Efavirenz/Emtricitabine/Tenofovir Disoproxil Fumarate,15.04,N/A - From RDC,SO-41291,FPQ-9081,12/22/11,ARV,110-ZM-T30,30-Jul-12,Truck,Adult,30,0.5,SCMS from RDC,N/A - From RDC,21534
80688,ASN-23738,Generic,CÃte dIvoire,17-Jan-14,28-Feb-14,100mg,Capsule,Yes,1766.56,Direct Drop,"Zidovudine 100mg, capsules, 100 Caps",3.01,650,2925.0,PMO - US,"Aurobindo Unit III, India",Zidovudine,4.5,12-03-13,SCMS-217000,FPQ-13155,10/22/13,ARV,104-CI-T30,17-Jan-14,Air,Pediatric,100,0.04,Aurobindo Pharma Limited,EXW,72
56864,ASN-24884,Generic,Haiti,28-Mar-14,28-Mar-14,150/30mg,Tablet - FDC,Yes,Freight Included in Commodity Cost,Direct Drop,"Lamivudine/Stavudine 150/30mg, tablets, 60 Tabs",0.89,288,717.12,PMO - US,Hetero Unit III Hyderabad IN,Lamivudine/Stavudine,2.49,02-05-14,SCMS-210511,FPQ-12590,8/21/13,ARV,106-HT-T30,28-Mar-14,Air,Adult,60,0.04,HETERO LABS LIMITED,CIP,Weight Captured Separately
1350,ASN-727,Videx,CÃte dIvoire,02-Oct-07,02-Oct-07,50mg,Chewable/dispersible tablet,No,Freight Included in Commodity Cost,Direct Drop,"Didanosine 50mg [Videx], chewable tablets, 60 Tabs",64.9,4270,40565.0,PMO - US,"BMS Meymac, France",Didanosine,9.5,7/13/07,SCMS-698,Pre-PQ Process,Pre-PQ Process,ARV,104-CI-T01,02-Oct-07,Air,Pediatric,60,0.16,BRISTOL-MYERS SQUIBB,CIP,Weight Captured Separately
21217,ASN-25559,Generic,Tanzania,24-Jun-14,24-Jun-14,30/50/60mg,Chewable/dispersible tablet - FDC,Yes,9815.52,Direct Drop,"Lamivudine/Nevirapine/Zidovudine 30/50/60mg, dispersible tablets, 60 Tabs",133.23,36000,129600.0,PMO - US,Mylan (formerly Matrix) Nashik,Lamivudine/Nevirapine/Zidovudine,3.6,3/27/14,SCMS-232850,FPQ-13927,3/21/14,ARV,109-TZ-T30,24-Jun-14,Air,Pediatric,60,0.06,MYLAN LABORATORIES LTD (FORMERLY MATRIX LABORATORIES),EXW,2205
11879,DN-834,Generic,Nigeria,16-Jul-08,16-Jul-08,300mg,Tablet,No,See DN-834 (ID#:10686),From RDC,"Zidovudine 300mg, tablets, 60 Tabs",73.56,5641,45974.15,PMO - US,"Aurobindo Unit III, India",Zidovudine,8.15,N/A - From RDC,SO-2552,Pre-PQ Process,Pre-PQ Process,ARV,123-NG-T01,16-Jul-08,Air,Adult,60,0.14,SCMS from RDC,N/A - From RDC,See DN-834 (ID#:10686)
11767,DN-320,Generic,CÃte dIvoire,30-Aug-07,30-Aug-07,300mg,Tablet,No,See DN-320 (ID#:10593),From RDC,"Zidovudine 300mg, tablets, 60 Tabs",98.92,7586,61825.9,PMO - US,"Aurobindo Unit III, India",Zidovudine,8.15,N/A - From RDC,SO-959,Pre-PQ Process,Pre-PQ Process,ARV,104-CI-T01,30-Aug-07,MIssing,Adult,60,0.14,SCMS from RDC,N/A - From RDC,See DN-320 (ID#:10593)
83394,DN-1607,Generic,Uganda,11-Jan-10,11-Jan-10,600mg,Tablet,Yes,8485,From RDC,"Efavirenz 600mg, tablets, 30 Tabs",244.28,21563,124634.14,PMO - US,"Aurobindo Unit III, India",Efavirenz,5.78,N/A - From RDC,SO-35100,FPQ-4275,9/17/09,ARV,114-UG-T30,15-Jan-10,Air,Adult,30,0.19,SCMS from RDC,N/A - From RDC,1864
5114,ASN-4533,Coartem,Nigeria,03-Sep-09,03-Sep-09,20/120mg,Tablet - FDC + blister,Yes,17170.07,Direct Drop,"Artemether/Lumefantrine 20/120mg [Coartem], scored tablets, Blister 30 x 18 Tabs",138.02,2000,70420.0,PMO - US,"Novartis Pharma Suffern, USA",Artemether/Lumefantrine,35.21,04-10-09,SCMS-43960,Pre-PQ Process,Pre-PQ Process,ACT,123-NG-T01,03-Sep-09,Air,ACT,540,0.07,MISSIONPHARMA A/S,EXW,1250
18436,ASN-15704,Colloidal Gold,Ethiopia,31-Jul-12,31-Jul-12,MIssing,Test kit,Yes,1472.03,Direct Drop,"HIV 1/2, SKB Colloidal Gold, Diagnostic Kit, Antibody, 50 Tests",6.01,175,4287.5,PMO - US,"KHB Test Kit Facility, Shanghai China","HIV 1/2, Colloidal Gold, Diagnostic Kit, Antibody",24.5,1/23/12,SCMS-133410,FPQ-9096,01-05-12,HRDT,117-ET-T30,31-Jul-12,Air,HIV test,1,24.5,"SHANGHAI KEHUA BIOENGINEERING CO.,LTD.  (KHB)",EXW,125
84561,DN-1799,Generic,CÃte dIvoire,07-May-10,07-May-10,150mg,Tablet,No,See DN-1799 (ID#:84560),From RDC,"Lamivudine 150mg, tablets, 60 Tabs",29.8,5664,13820.16,PMO - US,"Aurobindo Unit III, India",Lamivudine,2.44,N/A - From RDC,SO-35560,FPQ-4659,12-08-09,ARV,104-CI-T30,10-May-10,Air,Adult,60,0.04,SCMS from RDC,N/A - From RDC,See DN-1799 (ID#:84560)
83859,DN-4004,Generic,Zimbabwe,11-Nov-14,18-Nov-14,30/60mg,Chewable/dispersible tablet - FDC,Yes,6331.93,From RDC,"Lamivudine/Zidovudine 30/60mg, dispersible tablets, 60 Tabs",22.28,10893,21677.07,PMO - US,"Cipla, Goa, India",Lamivudine/Zidovudine,1.99,N/A - From RDC,SO-49182,FPQ-14459,6/13/14,ARV,103-ZW-T30,24-Nov-14,Truck,Pediatric,60,0.03,SCMS from RDC,N/A - From RDC,735
71001,ASN-26469,Generic,Zambia,20-Jul-14,01-Aug-14,200mg,Tablet,Yes,6637.36,Direct Drop,"Nevirapine 200mg, tablets, 60 Tabs",28.74,12425,27956.25,PMO - US,"Aurobindo Unit III, India",Nevirapine,2.25,5/21/14,SCMS-240080,FPQ-14151,4/30/14,ARV,110-ZM-T30,20-Jul-14,Air,Adult,60,0.04,Aurobindo Pharma Limited,EXW,1273
54385,ASN-33851,Generic,South Africa,24-Aug-15,24-Aug-15,200mg,Capsule,No,Freight Included in Commodity Cost,Direct Drop,"Efavirenz 200mg, capsule, 90 Caps",0.88,47,857.74,PMO - US,"Aurobindo Unit III, India",Efavirenz,18.25,10-09-14,SCMS-259079,FPQ-14942,09-11-14,ARV,116-ZA-T30,24-Aug-15,Truck,Pediatric,90,0.2,PHARMACY DIRECT,DDP,Weight Captured Separately
82548,DN-3028,Generic,Nigeria,21-Feb-13,21-Feb-13,200mg,Tablet,Yes,37242.5,From RDC,"Nevirapine 200mg, tablets, 60 Tabs",106.37,33571,75870.46,PMO - US,Hetero Unit III Hyderabad IN,Nevirapine,2.26,N/A - From RDC,SO-44550,FPQ-10477,08-09-12,ARV,151-NG-T30,15-Mar-13,Air Charter,Adult,60,0.04,SCMS from RDC,N/A - From RDC,12785
85702,DN-1998,Generic,Uganda,23-Aug-10,23-Aug-10,150/300mg,Tablet - FDC,No,See DN-1998 (ID#:84589),From RDC,"Lamivudine/Zidovudine 150/300mg, tablets, 60 Tabs",55.28,2999,25641.45,PMO - US,Hetero Unit III Hyderabad IN,Lamivudine/Zidovudine,8.55,N/A - From RDC,SO-37260,FPQ-6202,08-06-10,ARV,102-UG-T30,30-Sep-10,Air,Adult,60,0.14,SCMS from RDC,N/A - From RDC,See DN-1998 (ID#:84589)
85776,DN-2281,Generic,Mozambique,17-Nov-11,17-Nov-11,150/200/30mg,Tablet - FDC,Yes,10605.03,From RDC,"Lamivudine/Nevirapine/Stavudine 150/200/30mg, tablets, 60 Tabs",745.57,81270,451861.2,PMO - US,"Cipla, Goa, India",Lamivudine/Nevirapine/Stavudine,5.56,N/A - From RDC,SO-38631,FPQ-7053,1/24/11,ARV,111-MZ-T30,17-Nov-11,Truck,Adult,60,0.09,SCMS from RDC,N/A - From RDC,8491
41184,ASN-8495,Generic,South Africa,08-Dec-10,08-Dec-10,300mg,Tablet,Yes,5953.37,Direct Drop,"Tenofovir Disoproxil Fumarate 300mg, tablets, 30 Tabs",889.13,59681,412395.71,PMO - US,"Aurobindo Unit III, India",Tenofovir Disoproxil Fumarate,6.91,6/17/10,SCMS-75510,FPQ-5648,06-02-10,ARV,161-ZA-T30,25-Nov-10,Air,Adult,30,0.23,Aurobindo Pharma Limited,DDP,5200
43059,ASN-15433,Stocrin/Sustiva,Haiti,17-Jul-12,17-Jul-12,30mg/ml,Oral solution,Yes,853.07,Direct Drop,"Efavirenz 30mg/ml [Stocrin/Sustiva], oral solution, Bottle, 180 ml",159.43,6705,113716.8,PMO - US,"MSD Patheon, Canada",Efavirenz,16.96,2/24/12,SCMS-138550,FPQ-9066,01-06-12,ARV,106-HT-T30,17-Jul-12,Air,Pediatric,180,0.09,MERCK SHARP & DOHME IDEA GMBH (FORMALLY MERCK SHARP & DOHME B.V.),CIP,1979
11136,DN-209,Generic,Nigeria,03-Jul-07,03-Jul-07,150/200/30mg,Tablet - FDC,Yes,8331.36,From RDC,"Lamivudine/Nevirapine/Stavudine 150/200/30mg, tablets, 60 Tabs",15.83,1319,9892.5,PMO - US,"Cipla, Goa, India",Lamivudine/Nevirapine/Stavudine,7.5,N/A - From RDC,SO-563,Pre-PQ Process,Pre-PQ Process,ARV,112-NG-T01,03-Jul-07,MIssing,Adult,60,0.12,SCMS from RDC,N/A - From RDC,1656
85645,DN-1580,Generic,Mozambique,26-Jan-10,26-Jan-10,300mg,Tablet,No,See DN-1580 (ID#:82281),From RDC,"Zidovudine 300mg, tablets, 60 Tabs",99.01,6552,50515.92,PMO - US,"Aurobindo Unit III, India",Zidovudine,7.71,N/A - From RDC,SO-34170,FPQ-4479,2/26/09,ARV,111-MZ-T30,19-Jan-10,Air,Adult,60,0.13,SCMS from RDC,N/A - From RDC,See DN-1580 (ID#:82281)
86425,DN-2438,Generic,Rwanda,20-Nov-11,20-Nov-11,20mg/ml,Oral solution,Yes,2057.2,From RDC,"Abacavir 20mg/ml, oral solution w/syringe, Bottle, 240 ml",10.16,580,7250.0,PMO - US,"Aurobindo Unit III, India",Abacavir,12.5,N/A - From RDC,SO-41050,FPQ-8716,10/31/11,ARV,107-RW-T30,05-Dec-11,Air,Pediatric,240,0.05,SCMS from RDC,N/A - From RDC,214
12198,DN-698,Norvir,Mozambique,23-Jun-08,23-Jun-08,100mg,Capsule,No,See DN-698 (ID#:10970),From RDC,"Ritonavir 100mg [Norvir], capsules, cool, 84 Caps",5.52,360,3452.4,PMO - US,ABBVIE (Abbott) Logis. UK,Ritonavir,9.59,N/A - From RDC,SO-1615,Pre-PQ Process,Pre-PQ Process,ARV,111-MZ-T01,23-Jun-08,Air,Adult,84,0.11,SCMS from RDC,N/A - From RDC,See DN-698 (ID#:10970)
63468,ASN-28033,Generic,South Africa,29-Aug-14,29-Aug-14,600mg,Tablet,No,Freight Included in Commodity Cost,Direct Drop,"Efavirenz 600mg, tablets, 30 Tabs",12.96,632,10473.05,PMO - US,Hetero Unit III Hyderabad IN,Efavirenz,16.57,8/29/14,SCMS-199289,FPQ-12522,07-11-13,ARV,116-ZA-T30,29-Aug-14,Truck,Adult,30,0.55,S. BUYS WHOLESALER,DDP,Weight Captured Separately
44393,ASN-31165,Determine,Zambia,08-May-15,12-May-15,MIssing,Test kit,Yes,25380.88,Direct Drop,"HIV 1/2, Determine Complete HIV Kit, 100 Tests",455.45,5538,443040.0,PMO - US,"Alere Medical Co., Ltd.","HIV 1/2, Determine Complete HIV Kit",80.0,9/19/14,SCMS-256500,FPQ-14827,8/19/14,HRDT,110-ZM-T30,12-May-15,Air,HIV test,100,0.8,"Orgenics, Ltd",EXW,5538
63175,ASN-4448,Uni-Gold,Rwanda,14-Aug-09,14-Aug-09,MIssing,Test kit,Yes,3997.31,Direct Drop,"HIV 1/2, Uni-Gold HIV Kit, 20 Tests",15.68,250,8000.0,PMO - US,"Trinity Biotech, Plc","HIV 1/2, Uni-Gold HIV Kit",32.0,07-02-09,SCMS-48560,FPQ-3963,07-01-09,HRDT,107-RW-T30,14-Aug-09,Air,HIV test,20,1.6,"Trinity Biotech, Plc",EXW,88
32594,ASN-16107,Determine,Cameroon,10-Sep-12,10-Sep-12,MIssing,Test kit,Yes,1243.98,Direct Drop,"HIV 1/2, Determine Kit without Lancets, Buffer or Caplillary Tubes, 100 Tests",12.14,120,8658.0,PMO - US,"Alere Medical Co., Ltd.","HIV 1/2, Determine Kit without Lancets, Buffer or Capillary Tubes, 100 Tests",72.15,7/16/12,SCMS-151600,FPQ-10128,6/22/12,HRDT,103-CM-T30,10-Sep-12,Air,HIV test,100,0.72,"Orgenics, Ltd",EXW,22
66355,ASN-17086,Determine,Tanzania,30-Nov-12,30-Nov-12,MIssing,Test kit,Yes,7765.61,Direct Drop,"HIV 1/2, Determine Complete HIV Kit, 100 Tests",94.21,840,67200.0,PMO - US,"Alere Medical Co., Ltd.","HIV 1/2, Determine Complete HIV Kit",80.0,10-04-12,SCMS-157661,FPQ-10396,7/31/12,HRDT,900-TZ-T30,07-Dec-12,Air,HIV test,100,0.8,"Orgenics, Ltd",EXW,405
85859,DN-2663,Generic,Mozambique,28-Jun-12,28-Jun-12,150/300mg,Tablet - FDC,No,See DN-2663 (ID#:82478),From RDC,"Lamivudine/Zidovudine 150/300mg, tablets, 60 Tabs",361.65,33156,257953.68,PMO - US,Mylan (formerly Matrix) Nashik,Lamivudine/Zidovudine,7.78,N/A - From RDC,SO-41760,FPQ-9506,3/16/12,ARV,111-MZ-T30,03-Jul-12,Truck,Adult,60,0.13,SCMS from RDC,N/A - From RDC,See DN-2663 (ID#:82478)
17247,ASN-11398,Determine,Zambia,22-Jul-11,22-Jul-11,MIssing,Test kit,Yes,23722.96,Direct Drop,"HIV 1/2, Determine Complete HIV Kit, 100 Tests",363.13,2751,220080.0,PMO - US,Inverness Japan,"HIV 1/2, Determine Complete HIV Kit",80.0,4/21/11,SCMS-106740,FPQ-7439,04-01-11,HRDT,110-ZM-T30,22-Jul-11,Air,HIV test,100,0.8,"Orgenics, Ltd",EXW,1061
83614,DN-2804,Generic,Zimbabwe,04-Sep-12,04-Sep-12,150/30mg,Tablet - FDC,No,See DN-2804 (ID#:82499),From RDC,"Lamivudine/Stavudine 150/30mg, tablets, 60 Tabs",34.8,7150,21092.5,PMO - US,"Strides, Bangalore, India.",Lamivudine/Stavudine,2.95,N/A - From RDC,SO-40900,FPQ-8464,10-04-11,ARV,113-ZW-T30,11-Dec-12,Truck,Adult,60,0.05,SCMS from RDC,N/A - From RDC,See DN-2804 (ID#:82499)
9022,ASN-3577,Kaletra,South Africa,01-Dec-08,01-Dec-08,80/20mg/ml,Oral solution,Yes,Freight Included in Commodity Cost,Direct Drop,"Lopinavir/Ritonavir 80/20mg/ml [Kaletra], oral solution, cool, Bottle 5 x 60 ml",5.55,90,2834.1,PMO - US,ABBVIE (Abbott) Logis. UK,Lopinavir/Ritonavir,31.49,Date Not Captured,SCMS-40800,Pre-PQ Process,Pre-PQ Process,ARV,116-ZA-T01,24-Mar-09,Air,Pediatric,300,0.1,S. BUYS WHOLESALER,DDP,Weight Captured Separately
85192,DN-2267,Generic,Belize,01-Jul-11,01-Jul-11,10mg/ml,Oral solution,Yes,1959.61,From RDC,"Zidovudine 10mg/ml, oral solution w/syringe, Bottle, 240 ml",1.04,300,630.0,PMO - US,"Aurobindo Unit III, India",Zidovudine,2.1,N/A - From RDC,SO-40050,FPQ-7883,6/17/11,ARV,100-BZ-T30,15-Jul-11,Air,Pediatric,240,0.01,SCMS from RDC,N/A - From RDC,Weight Captured Separately
84516,DN-1559,Generic,Haiti,01-Dec-09,01-Dec-09,20mg,Capsule,No,See DN-1559 (ID#:82849),From RDC,"Stavudine 20mg, capsules, 60 Caps",0.91,252,420.84,PMO - US,"Aurobindo Unit III, India",Stavudine,1.67,N/A - From RDC,SO-34670,FPQ-4384,10/23/09,ARV,106-HT-T30,09-Dec-09,Air,Adult,60,0.03,SCMS from RDC,N/A - From RDC,See DN-1559 (ID#:82849)
84883,DN-3494,Generic,Nigeria,10-Jan-14,15-Jan-14,600/300/300mg,Tablet - FDC,Yes,49199.75,From RDC,"Efavirenz/Lamivudine/Tenofovir Disoproxil Fumarate 600/300/300mg, tablets, 30 Tabs",0.19,14,156.1,PMO - US,Hetero Unit III Hyderabad IN,Efavirenz/Lamivudine/Tenofovir Disoproxil Fumarate,11.15,N/A - From RDC,SO-45663,FPQ-12248,05-06-13,ARV,151-NG-T30,17-Jan-14,Air Charter,Adult,30,0.37,SCMS from RDC,N/A - From RDC,38142
12407,DN-367,Generic,Zambia,28-Sep-07,28-Sep-07,150/200/30mg,Tablet - FDC,Yes,7927.55,From RDC,"Lamivudine/Nevirapine/Stavudine 150/200/30mg, tablets, 60 Tabs",200.97,16974,125607.6,PMO - US,"Cipla, Goa, India",Lamivudine/Nevirapine/Stavudine,7.4,N/A - From RDC,SO-1077,Pre-PQ Process,Pre-PQ Process,ARV,110-ZM-T01,28-Sep-07,MIssing,Adult,60,0.12,SCMS from RDC,N/A - From RDC,1732
12249,DN-844,Generic,Nigeria,24-Jul-08,24-Jul-08,600mg,Tablet,Yes,1960.81,From RDC,"Efavirenz 600mg, tablets, 30 Tabs",19.31,1030,12071.6,PMO - US,"Aurobindo Unit III, India",Efavirenz,11.72,N/A - From RDC,SO-10540,Pre-PQ Process,Pre-PQ Process,ARV,130-NG-T01,24-Jul-08,Air,Adult,30,0.39,SCMS from RDC,N/A - From RDC,251
49837,ASN-13722,Norvir,Rwanda,27-Feb-12,27-Feb-12,100mg,Tablet,Yes,1046.02,Direct Drop,"Ritonavir 100mg [Norvir], film coated tablets, 60 Tabs",1.24,110,753.5,PMO - US,ABBVIE Ludwigshafen Germany,Ritonavir,6.85,11-11-11,SCMS-126450,FPQ-8365,10/26/11,ARV,107-RW-T30,27-Feb-12,Air,Adult,60,0.11,ABBVIE LOGISTICS (FORMERLY ABBOTT LOGISTICS BV),FCA,43
82657,DN-3589,Generic,Uganda,18-Apr-14,28-Apr-14,150/300mg,Tablet - FDC,Yes,4947.38,From RDC,"Lamivudine/Zidovudine 150/300mg, tablets, 60 Tabs",53.22,7693,51773.89,PMO - US,"Cipla, Goa, India",Lamivudine/Zidovudine,6.73,N/A - From RDC,SO-46870,FPQ-13108,10/16/13,ARV,114-UG-T30,20-Apr-14,Truck,Adult,60,0.11,SCMS from RDC,N/A - From RDC,6909
17349,ASN-24720,Colloidal Gold,Rwanda,27-Mar-14,27-Mar-14,MIssing,Test kit,Yes,18323.97,Direct Drop,"HIV 1/2, SKB Colloidal Gold, Diagnostic Kit, Antibody, 50 Tests",62.8,2072,50764.0,PMO - US,"KHB Test Kit Facility, Shanghai China","HIV 1/2, Colloidal Gold, Diagnostic Kit, Antibody",24.5,08-12-13,SCMS-198222,FPQ-12518,6/21/13,HRDT,107-RW-T30,27-Mar-14,Air,HIV test,1,24.5,"SHANGHAI KEHUA BIOENGINEERING CO.,LTD.  (KHB)",EXW,1383
54150,ASN-6886,Generic,South Africa,04-Jun-10,04-Jun-10,600mg,Tablet,Yes,6105.79,Direct Drop,"Efavirenz 600mg, tablets, 30 Tabs",543.7,54000,252180.0,PMO - US,"Aurobindo Unit III, India",Efavirenz,4.67,3/19/10,SCMS-68860,FPQ-5303,3/18/10,ARV,161-ZA-T30,01-Jun-10,Air,Adult,30,0.16,Aurobindo Pharma Limited,DDP,4568
85649,DN-1622,Generic,Uganda,03-Feb-10,03-Feb-10,150/300/200mg,Tablet - FDC,Yes,42656.07,From RDC,"Lamivudine/Nevirapine/Zidovudine 150/200/300mg, tablets, 60 Tabs",689.63,31000,351850.0,PMO - US,Mylan (formerly Matrix) Nashik,Lamivudine/Nevirapine/Zidovudine,11.35,N/A - From RDC,SO-34780,FPQ-4470,8/17/09,ARV,114-UG-T30,03-Feb-10,Air,Adult,60,0.19,SCMS from RDC,N/A - From RDC,3941
985,ASN-3751,Kaletra,Tanzania,28-May-09,28-May-09,80/20mg/ml,Oral solution,Yes,6668.61,Direct Drop,"Lopinavir/Ritonavir 80/20mg/ml [Kaletra], oral solution, cool, Bottle 5 x 60 ml",42.21,524,21536.4,PMO - US,ABBVIE (Abbott) Logis. UK,Lopinavir/Ritonavir,41.1,02-05-09,SCMS-38370,Pre-PQ Process,Pre-PQ Process,ARV,109-TZ-T01,28-May-09,Air,Pediatric,300,0.14,ABBVIE LOGISTICS (FORMERLY ABBOTT LOGISTICS BV),FCA,644
84271,DN-3197,Generic,Nigeria,28-May-13,28-May-13,200/50mg,Tablet,Yes,20761,From RDC,"Lopinavir/Ritonavir 200/50mg, tablets, 120 Tabs",188.97,7014,152764.92,PMO - US,"Aurobindo Unit III, India",Lopinavir/Ritonavir,21.78,N/A - From RDC,SO-43840,FPQ-11022,11/15/12,ARV,151-NG-T30,31-May-13,Air Charter,Adult,120,0.18,SCMS from RDC,N/A - From RDC,7733
57257,ASN-9452,Generic,South Africa,11-Feb-11,11-Feb-11,150mg,Tablet,Yes,Freight Included in Commodity Cost,Direct Drop,"Lamivudine 150mg, tablets, 60 Tabs",653.65,122743,303175.21,PMO - US,"Strides, Bangalore, India.",Lamivudine,2.47,9/21/10,SCMS-84250,FPQ-6262,8/31/10,ARV,161-ZA-T30,15-Dec-10,Ocean,Adult,60,0.04,STRIDES ARCOLAB LIMITED,DDP,Weight Captured Separately
41022,ASN-9199,Generic,South Africa,31-Jan-11,31-Jan-11,150mg,Tablet,Yes,17266.6,Direct Drop,"Lamivudine 150mg, tablets, 60 Tabs",1206.55,236129,559625.73,PMO - US,"Aurobindo Unit III, India",Lamivudine,2.37,9/24/10,SCMS-83790,FPQ-6262,8/31/10,ARV,161-ZA-T30,31-Jan-11,Ocean,Adult,60,0.04,Aurobindo Pharma Limited,DDP,11917
80860,ASN-5992,Aluvia,CÃte dIvoire,08-Feb-10,08-Feb-10,200/50mg,Tablet,Yes,10051.89,Direct Drop,"Lopinavir/Ritonavir 200/50mg [Aluvia], tablets, 120 Tabs",425.24,6000,216960.0,PMO - US,ABBVIE Ludwigshafen Germany,Lopinavir/Ritonavir,36.16,11/23/09,SCMS-57610,FPQ-4381,11-05-09,ARV,104-CI-T30,08-Feb-10,Air,Adult,120,0.3,ABBVIE LOGISTICS (FORMERLY ABBOTT LOGISTICS BV),FCA,1523
10364,ASN-4304,Generic,South Africa,08-Apr-09,08-Apr-09,300mg,Tablet,No,Freight Included in Commodity Cost,Direct Drop,"Zidovudine 300mg, tablets, 60 Tabs",38.73,1000,19760.0,PMO - US,"Aurobindo Unit III, India",Zidovudine,19.76,3/27/09,SCMS-41582,Pre-PQ Process,Pre-PQ Process,ARV,116-ZA-T01,25-Jun-09,Air,Adult,60,0.33,S. BUYS WHOLESALER,DDP,Weight Captured Separately
21755,ASN-29255,Intelence,South Africa,05-Nov-14,05-Nov-14,100mg,Tablet,No,Freight Included in Commodity Cost,Direct Drop,"Etravirine 100mg [Intelence], tablets, 120 Tabs",0.44,12,424.25,PMO - US,"Janssen-Cilag, Latina, IT",Etravirine,35.35,11-04-14,SCMS-238555,FPQ-13973,4/30/14,ARV,116-ZA-T30,05-Nov-14,Truck,Adult,120,0.29,PHARMACY DIRECT,DDP,Weight Captured Separately
44778,ASN-11130,Stocrin/Sustiva,CÃte dIvoire,01-Jul-11,01-Jul-11,30mg/ml,Oral solution,Yes,2093.32,Direct Drop,"Efavirenz 30mg/ml [Stocrin/Sustiva], oral solution, Bottle, 180 ml",95.12,3399,57647.04,PMO - US,"MSD, Haarlem, NL",Efavirenz,16.96,2/28/11,SCMS-100950,FPQ-6897,01-05-11,ARV,104-CI-T30,01-Jul-11,Air,Pediatric,180,0.09,MERCK SHARP & DOHME IDEA GMBH (FORMALLY MERCK SHARP & DOHME B.V.),CIP,1014
10357,ASN-3758,Viread,South Africa,11-Feb-09,11-Feb-09,300mg,Tablet,No,Freight Included in Commodity Cost,Direct Drop,"Tenofovir Disoproxil Fumarate 300mg [Viread], tablets, 30 Tabs",17.04,400,8692.0,PMO - US,"Aspen-OSD, Port Elizabeth, SA",Tenofovir Disoproxil Fumarate,21.73,Date Not Captured,SCMS-41230,Pre-PQ Process,Pre-PQ Process,ARV,116-ZA-T01,01-Apr-09,Air,Adult,30,0.72,S. BUYS WHOLESALER,DDP,Weight Captured Separately
82890,DN-1854,Generic,Haiti,30-Jun-10,30-Jun-10,600mg,Tablet,Yes,32479.84,From RDC,"Efavirenz 600mg, tablets, 30 Tabs",445.61,43512,206682.0,PMO - US,Mylan (formerly Matrix) Nashik,Efavirenz,4.75,N/A - From RDC,SO-36801,FPQ-5523,4/19/10,ARV,106-HT-T30,30-Jun-10,Air,Adult,30,0.16,SCMS from RDC,N/A - From RDC,3609
86374,DN-2153,Generic,CÃte dIvoire,10-Jun-11,10-Jun-11,200/300mg,Tablet - FDC,No,See DN-2153 (ID#:82374),From RDC,"Emtricitabine/Tenofovir Disoproxil Fumarate 200/300mg, tablets, 30 Tabs",260.18,14440,157684.8,PMO - US,Mylan (formerly Matrix) Nashik,Emtricitabine/Tenofovir Disoproxil Fumarate,10.92,N/A - From RDC,SO-38540,FPQ-6891,12/21/10,ARV,104-CI-T30,20-Apr-11,Air,Adult,30,0.36,SCMS from RDC,N/A - From RDC,See DN-2153 (ID#:82374)
41282,ASN-21866,Multispot,Uganda,07-Nov-13,08-Nov-13,MIssing,Test kit,Yes,1324.43,Direct Drop,"HIV, Multispot HIV-1/HIV-2 Rapid Test Kit, 50 Tests",47.93,31,38750.0,PMO - US,Bio-Rad Laboratories,"HIV, Multispot HIV-1/HIV-2 Rapid Test Kit",1250.0,08-05-13,SCMS-198551,FPQ-12273,07-08-13,HRDT,114-UG-T30,07-Nov-13,Air,HIV test,50,25.0,BIO-RAD LABORATORIES (FRANCE),EXW,43
86348,DN-2045,Generic,Nigeria,10-Nov-10,10-Nov-10,200mg,Tablet,Yes,20264.93,From RDC,"Nevirapine 200mg, tablets, 60 Tabs",192.74,34650,89397.0,PMO - US,"Aurobindo Unit III, India",Nevirapine,2.58,N/A - From RDC,SO-36463,FPQ-5023,02-10-10,ARV,151-NG-T30,16-Nov-10,Air Charter,Adult,60,0.04,SCMS from RDC,N/A - From RDC,3934
86661,DN-3580,Generic,Mozambique,14-Apr-14,17-Apr-14,10mg/ml,Oral suspension,No,See DN-3580 (ID#:83772),From RDC,"Nevirapine 10mg/ml, oral suspension w/syringe, Bottle, 240 ml",8.76,4584,8526.24,PMO - US,"Aurobindo Unit III, India",Nevirapine,1.86,N/A - From RDC,SO-47083,FPQ-13123,10/21/13,ARV,111-MZ-T30,15-Apr-14,Truck,Pediatric,240,0.01,SCMS from RDC,N/A - From RDC,See DN-3580 (ID#:83772)
85993,DN-3290,Generic,Uganda,27-Sep-13,27-Sep-13,200mg,Tablet,Yes,20719.01,From RDC,"Nevirapine 200mg, tablets, 60 Tabs",133.98,47925,108310.5,PMO - US,Hetero Unit III Hyderabad IN,Nevirapine,2.26,N/A - From RDC,SO-45450,FPQ-12253,05-08-13,ARV,114-UG-T30,27-Sep-13,Air,Adult,60,0.04,SCMS from RDC,N/A - From RDC,2933
11742,DN-276,Uni-Gold,Tanzania,22-Aug-07,22-Aug-07,MIssing,Test kit,Yes,939.62,From RDC,"HIV 1/2, Uni-Gold HIV Kit, 20 Tests",5.12,100,3200.0,PMO - US,"Trinity Biotech, Plc","HIV 1/2, Uni-Gold HIV Kit",32.0,N/A - From RDC,SO-307,Pre-PQ Process,Pre-PQ Process,HRDT,109-TZ-T01,22-Aug-07,Air,HIV test,20,1.6,SCMS from RDC,N/A - From RDC,36
83060,DN-2767,Generic,Nigeria,24-Jul-12,24-Jul-12,150/300/200mg,Tablet - FDC,Yes,16532.5,From RDC,"Lamivudine/Nevirapine/Zidovudine 150/200/300mg, tablets, 60 Tabs",2200.08,159964,1569246.84,PMO - US,"Aurobindo Unit III, India",Lamivudine/Nevirapine/Zidovudine,9.81,N/A - From RDC,SO-42802,FPQ-9432,03-01-12,ARV,151-NG-T30,02-Aug-12,Air Charter,Adult,60,0.16,SCMS from RDC,N/A - From RDC,37944
78311,ASN-16590,Generic,Rwanda,22-Oct-12,22-Oct-12,150/200/30mg,Tablet - FDC,Yes,36677.08,Direct Drop,"Lamivudine/Nevirapine/Stavudine 150/200/30mg, tablets, 60 Tabs",246.19,40000,175600.0,PMO - US,Hetero Unit III Hyderabad IN,Lamivudine/Nevirapine/Stavudine,4.39,7/16/12,SCMS-152950,FPQ-10223,07-05-12,ARV,107-RW-T30,22-Oct-12,Air,Adult,60,0.07,HETERO LABS LIMITED,EXW,4479
86398,DN-2304,Generic,CÃte dIvoire,12-Sep-11,12-Sep-11,200/300mg,Tablet - FDC,No,See DN-2304 (ID#:82395),From RDC,"Emtricitabine/Tenofovir Disoproxil Fumarate 200/300mg, tablets, 30 Tabs",300.01,17251,181825.54,PMO - US,"Aurobindo Unit III, India",Emtricitabine/Tenofovir Disoproxil Fumarate,10.54,N/A - From RDC,SO-40121,FPQ-7659,05-03-11,ARV,104-CI-T30,27-Sep-11,Air,Adult,30,0.35,SCMS from RDC,N/A - From RDC,See DN-2304 (ID#:82395)
12785,DN-828,Generic,Zambia,29-Jul-08,29-Jul-08,150/300mg,Tablet - FDC,No,See DN-828 (ID#:10678),From RDC,"Lamivudine/Zidovudine 150/300mg, tablets, 60 Tabs",143.25,9474,89529.3,PMO - US,"Aurobindo Unit III, India",Lamivudine/Zidovudine,9.45,N/A - From RDC,SO-2485,Pre-PQ Process,Pre-PQ Process,ARV,110-ZM-T01,29-Jul-08,Truck,Adult,60,0.16,SCMS from RDC,N/A - From RDC,See DN-828 (ID#:10678)
84292,DN-3348,Aluvia,Uganda,08-Nov-13,27-Nov-13,200/50mg,Tablet,Yes,8604.7,From RDC,"Lopinavir/Ritonavir 200/50mg [Aluvia], tablets, 120 Tabs",329.26,13164,266176.08,PMO - US,ABBVIE Ludwigshafen Germany,Lopinavir/Ritonavir,20.22,N/A - From RDC,SO-46190,FPQ-12838,8/19/13,ARV,114-UG-T30,15-Oct-13,Air,Adult,120,0.17,SCMS from RDC,N/A - From RDC,2722
7983,ASN-139,Videx,Zimbabwe,18-Dec-06,18-Dec-06,200mg,Tablet,Yes,Freight Included in Commodity Cost,Direct Drop,"#102198**Didanosine 200mg [Videx], tablets, 60 Tabs",MIssing,425,10837.5,PMO - US,"BMS Meymac, France",Didanosine,25.5,Date Not Captured,SCMS-231,Pre-PQ Process,Pre-PQ Process,ARV,113-ZW-T01,18-Dec-06,Air,Pediatric,60,0.42,BRISTOL-MYERS SQUIBB,CIP,Weight Captured Separately
28673,ASN-13166,Generic,South Africa,23-Jan-12,23-Jan-12,600mg,Tablet,Yes,7292.27,Direct Drop,"Efavirenz 600mg, tablets, 30 Tabs",838.22,119251,508009.26,PMO - US,"Aurobindo Unit III, India",Efavirenz,4.26,9/30/11,SCMS-123590,FPQ-7175,03-10-11,ARV,161-ZA-T30,16-Jan-12,Ocean,Adult,30,0.14,Aurobindo Pharma Limited,DDP,9461
48319,ASN-23875,Generic,South Africa,13-Jan-14,13-Jan-14,200mg,Tablet,No,Freight Included in Commodity Cost,Direct Drop,"Nevirapine 200mg, tablets, 60 Tabs",5.11,275,4974.52,PMO - US,"Cipla, Goa, India",Nevirapine,18.09,12-02-13,SCMS-215410,FPQ-13214,11/14/13,ARV,116-ZA-T30,13-Jan-14,Truck,Adult,60,0.3,S. BUYS WHOLESALER,DDP,Weight Captured Separately
83646,DN-2980,Generic,Angola,20-May-13,20-May-13,20mg/ml,Oral solution,Yes,2322.47,From RDC,"Abacavir 20mg/ml, oral solution w/syringe, Bottle, 240 ml",7.42,480,6000.0,PMO - US,"Aurobindo Unit III, India",Abacavir,12.5,N/A - From RDC,SO-43980,FPQ-11071,12-07-12,ARV,103-AO-T30,20-May-13,Air,Pediatric,240,0.05,SCMS from RDC,N/A - From RDC,173
22069,ASN-22496,Generic,Uganda,16-Nov-13,21-Nov-13,600mg,Tablet,Yes,19759.68,Direct Drop,"Efavirenz 600mg, tablets, 30 Tabs",200.39,50000,162000.0,PMO - US,"Cipla, Goa, India",Efavirenz,3.24,09-10-13,SCMS-198541,FPQ-12477,07-08-13,ARV,114-UG-T30,16-Nov-13,Air,Adult,30,0.11,CIPLA LIMITED,EXW,5593
83383,DN-1553,Generic,Zambia,03-Dec-09,03-Dec-09,300/300mg,Tablet - FDC,Yes,8104.79,From RDC,"Lamivudine/Tenofovir Disoproxil Fumarate 300/300mg, tablets, 30 Tabs",2156,110000,1100000.0,PMO - US,Mylan (formerly Matrix) Nashik,Lamivudine/Tenofovir Disoproxil Fumarate,10.0,N/A - From RDC,SO-34600,FPQ-4035,08-05-09,ARV,110-ZM-T30,30-Nov-09,Truck,Adult,30,0.33,SCMS from RDC,N/A - From RDC,9221
85931,DN-2997,Generic,Nigeria,11-Feb-13,11-Feb-13,150/300mg,Tablet - FDC,No,See DN-2997 (ID#:85328),From RDC,"Lamivudine/Zidovudine 150/300mg, tablets, 60 Tabs",452.38,44383,322664.41,PMO - US,Mylan (formerly Matrix) Nashik,Lamivudine/Zidovudine,7.27,N/A - From RDC,SO-43045,FPQ-10477,08-09-12,ARV,151-NG-T30,11-Feb-13,Air Charter,Adult,60,0.12,SCMS from RDC,N/A - From RDC,See DN-2997 (ID#:85328)
72597,ASN-30377,Generic,South Africa,26-Jan-15,26-Jan-15,200mg,Tablet,No,Freight Included in Commodity Cost,Direct Drop,"Nevirapine 200mg, tablets, 60 Tabs",0.29,22,282.13,PMO - US,"Aurobindo Unit III, India",Nevirapine,12.82,1/26/15,SCMS-259072,FPQ-14942,09-11-14,ARV,116-ZA-T30,26-Jan-15,Truck,Adult,60,0.21,PHARMACY DIRECT,DDP,Weight Captured Separately
7926,ASN-19,Determine,Nigeria,21-Jul-06,21-Jul-06,MIssing,Test kit,Yes,Freight Included in Commodity Cost,Direct Drop,"HIV 1/2, Determine Complete HIV Kit, 100 Tests",MIssing,500,60000.0,PMO - US,ABBVIE (Abbott) Japan Co. Ltd.,"HIV 1/2, Determine Complete HIV Kit",120.0,Date Not Captured,SCMS-33,Pre-PQ Process,Pre-PQ Process,HRDT,102-NG-T01,21-Jul-06,MIssing,HIV test,100,1.2,ACCOUN NIGERIA LIMITED,DDU,Weight Captured Separately
83177,DN-3384,Generic,Burundi,05-Dec-13,12-Dec-13,200/50mg,Tablet,Yes,1456.4,From RDC,"Lopinavir/Ritonavir 200/50mg, tablets, 120 Tabs",10.18,392,8232.0,PMO - US,Mylan (formerly Matrix) Nashik,Lopinavir/Ritonavir,21.0,N/A - From RDC,SO-46022,FPQ-12602,07-09-13,ARV,102-BI-T30,22-Nov-13,Air,Adult,120,0.18,SCMS from RDC,N/A - From RDC,105
16998,ASN-7444,Generic,Tanzania,09-Aug-10,09-Aug-10,200mg,Tablet,Yes,17603.58,Direct Drop,"Nevirapine 200mg, tablets, 60 Tabs",160.67,28663,74523.8,PMO - US,"Aurobindo Unit III, India",Nevirapine,2.6,6/24/10,SCMS-76980,FPQ-5900,6/21/10,ARV,109-TZ-T30,07-Aug-10,Air,Adult,60,0.04,Aurobindo Pharma Limited,EXW,3380
85807,DN-2442,Generic,Zimbabwe,09-Dec-11,09-Dec-11,300mg,Tablet,Yes,5216.63,From RDC,"Zidovudine 300mg, tablets, 60 Tabs",214.68,18534,130108.68,PMO - US,Hetero Unit III Hyderabad IN,Zidovudine,7.02,N/A - From RDC,SO-39450,FPQ-7560,4/26/11,ARV,113-ZW-T30,14-Dec-11,Truck,Adult,60,0.12,SCMS from RDC,N/A - From RDC,1013
4470,ASN-2099,Determine,Haiti,06-Aug-08,06-Aug-08,MIssing,Test kit,Yes,3684.28,Direct Drop,"HIV 1/2, Determine HIV Kit, without Lancets, 100 Tests",230.61,2059,144130.0,PMO - US,Inverness Japan,"HIV 1/2, Determine HIV Kit, without Lancets",70.0,5/20/08,SCMS-23820,Pre-PQ Process,Pre-PQ Process,HRDT,106-HT-T01,06-Aug-08,Air,HIV test,100,0.7,"Orgenics, Ltd",EXW,470
65836,ASN-10320,Stat-Pak,Nigeria,25-May-11,25-May-11,MIssing,Test kit,Yes,3060.82,Direct Drop,"HIV 1/2, Stat-Pak HIV, Kit, 20 Tests",69.29,1448,41992.0,PMO - US,Chembio Diagnostics Sys. Inc.,"HIV 1/2, Stat-Pak HIV, Kit",29.0,03-02-11,SCMS-100510,FPQ-7088,02-04-11,HRDT,133-NG-T30,25-May-11,Air,HIV test,20,1.45,"CHEMBIO DIAGNOSTIC SYSTEMS, INC.",EXW,482
78150,ASN-31432,OraQuick,Mali,20-May-15,16-Jul-15,MIssing,Test kit - Ancillary,Yes,Freight Included in Commodity Cost,Direct Drop,"HIV, OraQuick Controls Kit, 3 Vials",0.85,33,825.0,PMO - US,"Orasure Technologies, Inc USA","HIV, OraQuick Controls Kit, 3 Vials",25.0,11/18/14,SCMS-260720,FPQ-15006,10-07-14,HRDT,103-ML-T30,20-May-15,Air,HIV test - Ancillary,1,25.0,Orasure Technologies Inc.,CIP,Weight Captured Separately
37037,ASN-27584,Generic,Zimbabwe,17-Sep-14,19-Sep-14,300/300mg,Tablet - FDC,Yes,28788.73,Direct Drop,"Lamivudine/Tenofovir Disoproxil Fumarate 300/300mg, tablets, 30 Tabs",201.07,42336,195592.32,PMO - US,Hetero Unit III Hyderabad IN,Lamivudine/Tenofovir Disoproxil Fumarate,4.62,5/27/14,SCMS-240570,FPQ-13939,04-01-14,ARV,113-ZW-T30,17-Sep-14,Air Charter,Adult,30,0.15,HETERO LABS LIMITED,EXW,4601
23173,ASN-30364,Generic,Haiti,31-Mar-15,01-Apr-15,150/300mg,Tablet - FDC,Yes,10477.63,Direct Drop,"Lamivudine/Zidovudine 150/300mg, tablets, 60 Tabs",505.82,75816,492045.84,PMO - US,Mylan (formerly Matrix) Nashik,Lamivudine/Zidovudine,6.49,11/14/14,SCMS-261110,FPQ-14895,9/24/14,ARV,106-HT-T30,31-Mar-15,Ocean,Adult,60,0.11,MYLAN LABORATORIES LTD (FORMERLY MATRIX LABORATORIES),EXW,6452
6432,ASN-4284,Viread,South Africa,21-Apr-09,21-Apr-09,300mg,Tablet,Yes,Freight Included in Commodity Cost,Direct Drop,"Tenofovir Disoproxil Fumarate 300mg [Viread], tablets, 30 Tabs",27.09,650,13819.0,PMO - US,"Aspen-OSD, Port Elizabeth, SA",Tenofovir Disoproxil Fumarate,21.26,04-02-09,SCMS-47400,Pre-PQ Process,Pre-PQ Process,ARV,116-ZA-T01,21-Apr-09,Truck,Adult,30,0.71,S. BUYS WHOLESALER,DDP,Weight Captured Separately
85122,DN-1855,Generic,Nigeria,18-May-10,18-May-10,150/300mg,Tablet - FDC,Yes,9735.95,From RDC,"Lamivudine/Zidovudine 150/300mg, tablets, 60 Tabs",3326.74,176143,1543012.68,PMO - US,Hetero Unit III Hyderabad IN,Lamivudine/Zidovudine,8.76,N/A - From RDC,SO-35055,FPQ-4537,11-06-09,ARV,151-NG-T30,31-May-10,Air,Adult,60,0.15,SCMS from RDC,N/A - From RDC,15200
19840,ASN-30942,Generic,Vietnam,14-Apr-15,14-Apr-15,300mg,Tablet,Yes,3688.77,Direct Drop,"Abacavir 300mg, tablets, 60 Tabs",21.88,1900,21280.0,PMO - US,Hetero Unit III Hyderabad IN,Abacavir,11.2,12-08-14,SCMS-263670,FPQ-15040,10/30/14,ARV,108-VN-T30,14-Apr-15,Air,Adult,60,0.19,HETERO LABS LIMITED,EXW,2356
11383,DN-69,Generic,Zambia,20-Apr-07,20-Apr-07,300mg,Tablet,Yes,1684.15,From RDC,"Abacavir 300mg, tablets, 60 Tabs",MIssing,5000,177500.0,PMO - US,"Aurobindo Unit III, India",Abacavir,35.5,N/A - From RDC,SO-206,Pre-PQ Process,Pre-PQ Process,ARV,110-ZM-T01,20-Apr-07,MIssing,Adult,60,0.59,SCMS from RDC,N/A - From RDC,239
82867,DN-1714,Generic,Nigeria,31-Mar-10,31-Mar-10,150/200/30mg,Tablet - FDC,Yes,Freight Included in Commodity Cost,From RDC,"Lamivudine/Nevirapine/Stavudine 150/200/30mg, tablets, 60 Tabs",1.63,124,757.64,PMO - US,"Strides, Bangalore, India.",Lamivudine/Nevirapine/Stavudine,6.11,N/A - From RDC,SO-35043,FPQ-4537,11-06-09,ARV,151-NG-T30,19-Apr-10,Air Charter,Adult,60,0.1,SCMS from RDC,N/A - From RDC,9
57339,ASN-13226,Generic,South Africa,09-Jan-12,09-Jan-12,600mg,Tablet,Yes,7292.26,Direct Drop,"Efavirenz 600mg, tablets, 30 Tabs",750.74,105813,454995.9,PMO - US,"Emcure Plot No.P-2, I.T-B.T. Park, Phase II, MIDC, Hinjwadi, Pune, India",Efavirenz,4.3,3/23/11,SCMS-103680,FPQ-7175,03-10-11,ARV,161-ZA-T30,01-Dec-11,Ocean,Adult,30,0.14,EMCURE PHARMACEUTICALS LTD,DDP,8351
138,ASN-710,Bioline,Tanzania,16-Oct-07,16-Oct-07,MIssing,Test kit,Yes,27869.74,Direct Drop,"HIV 1/2, Bioline 3.0 Kit, Lancets, Capillary pipets, Alcohol swabs included, 25 Tests",320,10000,200000.0,PMO - US,"Standard Diagnostics, Korea","HIV 1/2, Bioline 3.0 Kit, Lancets, Capillary pipets, Alcohol swabs included",20.0,Date Not Captured,SCMS-10270,Pre-PQ Process,Pre-PQ Process,HRDT,109-TZ-T01,16-Oct-07,Air,HIV test,25,0.8,"Standard Diagnostics, Inc.",EXW,3335
12031,DN-72,Generic,Nigeria,17-Apr-07,17-Apr-07,10mg/ml,Oral solution,No,See DN-72 (ID#:11097),From RDC,"Zidovudine 10mg/ml, oral solution, Bottle, 240 ml",MIssing,1200,2580.0,PMO - US,"Aurobindo Unit III, India",Zidovudine,2.15,N/A - From RDC,SO-340,Pre-PQ Process,Pre-PQ Process,ARV,112-NG-T01,17-Apr-07,MIssing,Pediatric,240,0.01,SCMS from RDC,N/A - From RDC,See DN-72 (ID#:11097)
47050,ASN-12611,Determine,Mozambique,12-Dec-11,12-Dec-11,MIssing,Test kit,Yes,26532.85,Direct Drop,"HIV 1/2, Determine HIV Kit, without Lancets, 100 Tests",972.69,7587,589509.9,PMO - US,Inverness Japan,"HIV 1/2, Determine HIV Kit, without Lancets",77.7,8/24/11,SCMS-118360,FPQ-8116,08-04-11,HRDT,111-MZ-T30,12-Dec-11,Air,HIV test,100,0.78,"Orgenics, Ltd",EXW,1306
70505,ASN-21822,Generic,Uganda,08-Nov-13,13-Nov-13,600mg,Tablet,Yes,7769.41,Direct Drop,"Efavirenz 600mg, tablets, 30 Tabs",251.17,63652,203049.88,PMO - US,"Strides, Bangalore, India.",Efavirenz,3.19,7/30/13,SCMS-198700,FPQ-12477,07-08-13,ARV,114-UG-T30,08-Nov-13,Ocean,Adult,30,0.11,STRIDES ARCOLAB LIMITED,EXW,3914
27177,ASN-13748,Colloidal Gold,Haiti,05-Mar-12,05-Mar-12,MIssing,Test kit,Yes,3638.86,Direct Drop,"HIV 1/2, SKB Colloidal Gold, Diagnostic Kit, Antibody, 50 Tests",17.35,505,12372.5,PMO - US,"KHB Test Kit Facility, Shanghai China","HIV 1/2, Colloidal Gold, Diagnostic Kit, Antibody",24.5,01-09-12,SCMS-130210,FPQ-8801,12-07-11,HRDT,106-HT-T30,05-Mar-12,Air,HIV test,1,24.5,"SHANGHAI KEHUA BIOENGINEERING CO.,LTD.  (KHB)",EXW,367
85570,DN-4172,Generic,Nigeria,10-Mar-15,17-Mar-15,600/300/300mg,Tablet - FDC,No,See DN-4172 (ID#:82785),From RDC,"Efavirenz/Lamivudine/Tenofovir Disoproxil Fumarate 600/300/300mg, tablets, 30 Tabs",1268.14,128500,1233600.0,PMO - US,Mylan (formerly Matrix) Nashik,Efavirenz/Lamivudine/Tenofovir Disoproxil Fumarate,9.6,N/A - From RDC,SO-49685,FPQ-14766,8/13/14,ARV,151-NG-T30,28-Feb-15,Air Charter,Adult,30,0.32,SCMS from RDC,N/A - From RDC,See DN-4172 (ID#:82785)
68186,ASN-22193,Generic,Tanzania,13-Nov-13,14-Nov-13,50mg,Capsule,Yes,2454.46,Direct Drop,"Efavirenz 50mg, capsule, 30 Caps",6.85,3550,5538.0,PMO - US,"Aurobindo Unit III, India",Efavirenz,1.56,08-02-13,SCMS-200850,FPQ-12588,7/15/13,ARV,109-TZ-T30,13-Nov-13,Air,Pediatric,30,0.05,Aurobindo Pharma Limited,EXW,255
86357,DN-2068,Generic,Uganda,01-Dec-10,01-Dec-10,150/300mg,Tablet - FDC,Yes,2894,From RDC,"Lamivudine/Zidovudine 150/300mg, tablets, 60 Tabs",65.81,3570,30523.5,PMO - US,Hetero Unit III Hyderabad IN,Lamivudine/Zidovudine,8.55,N/A - From RDC,SO-37670,FPQ-6438,9/29/10,ARV,114-UG-T30,15-Dec-10,Truck,Adult,60,0.14,SCMS from RDC,N/A - From RDC,294
21378,ASN-22985,Generic,Uganda,12-Dec-13,13-Dec-13,10mg/ml,Oral suspension,Yes,Invoiced Separately,Direct Drop,"Nevirapine 10mg/ml, oral suspension w/syringe, Bottle, 100 ml",16.67,10368,13478.4,PMO - US,"Aurobindo Unit III, India",Nevirapine,1.3,08-09-13,SCMS-202560,FPQ-12777,08-05-13,ARV,114-UG-T30,10-Dec-13,Air,Pediatric,100,0.01,Aurobindo Pharma Limited,EXW,Weight Captured Separately
86119,DN-3843,Generic,"Congo, DRC",24-Sep-14,06-Nov-14,300mg,Tablet,No,See DN-3843 (ID#:82707),From RDC,"Zidovudine 300mg, tablets, 60 Tabs",15.82,2829,15389.76,PMO - US,"Aurobindo Unit III, India",Zidovudine,5.44,N/A - From RDC,SO-48850,FPQ-14252,05-07-14,ARV,101-CD-T30,13-Aug-14,Air,Adult,60,0.09,SCMS from RDC,N/A - From RDC,See DN-3843 (ID#:82707)
47221,ASN-31129,Uni-Gold,South Sudan,08-May-15,11-May-15,MIssing,Test kit,No,See ASN-31129 (ID#:40205),Direct Drop,"HIV 1/2, Uni-Gold HIV Kit, 20 Tests",0.38,10,320.0,PMO - US,"Trinity Biotech, Plc","HIV 1/2, Uni-Gold HIV Kit",32.0,2/20/15,SCMS-272140,FPQ-15569,12/29/14,HRDT,105-SS-T30,08-May-15,Air,HIV test,20,1.6,"Trinity Biotech, Plc",EXW,See ASN-31129 (ID#:40205)
11874,DN-674,Genie,CÃte dIvoire,27-Mar-08,27-Mar-08,MIssing,Test kit,Yes,1606.93,From RDC,"#108853** HIV, Genie II HIV-1/HIV-2 Kit, 40 Tests",50.46,415,31540.0,PMO - US,Bio-Rad Laboratories,"HIV, Genie II HIV-1/HIV-2 Kit",76.0,N/A - From RDC,SO-794,Pre-PQ Process,Pre-PQ Process,HRDT,104-CI-T01,27-Mar-08,MIssing,HIV test,40,1.9,SCMS from RDC,N/A - From RDC,453
12481,DN-826,Generic,Tanzania,29-Jul-08,29-Jul-08,150/300mg,Tablet - FDC,No,See DN-826 (ID#:10674),From RDC,"Lamivudine/Zidovudine 150/300mg, tablets, 60 Tabs",1853.56,122590,1158475.5,PMO - US,"Aurobindo Unit III, India",Lamivudine/Zidovudine,9.45,N/A - From RDC,SO-2560,Pre-PQ Process,Pre-PQ Process,ARV,109-TZ-T01,29-Jul-08,Air,Adult,60,0.16,SCMS from RDC,N/A - From RDC,See DN-826 (ID#:10674)
10102,ASN-2909,Determine,Nigeria,02-Dec-08,02-Dec-08,MIssing,Test kit,Yes,15045.56,Direct Drop,"HIV 1/2, Determine Complete HIV Kit, 100 Tests",567.93,3622,289760.0,PMO - US,Inverness Japan,"HIV 1/2, Determine Complete HIV Kit",80.0,10/30/08,SCMS-32920,Pre-PQ Process,Pre-PQ Process,HRDT,133-NG-T01,02-Dec-08,Air,HIV test,100,0.8,"Orgenics, Ltd",EXW,1091
3191,ASN-2300,Norvir,South Africa,14-May-08,14-May-08,100mg,Capsule,No,Freight Included in Commodity Cost,Direct Drop,"Ritonavir 100mg [Norvir], capsules, cool, 84 Caps",0.06,4,38.88,PMO - US,ABBVIE (Abbott) Logis. UK,Ritonavir,9.72,Date Not Captured,SCMS-23500,Pre-PQ Process,Pre-PQ Process,ARV,116-ZA-T01,20-Aug-08,Truck,Adult,84,0.12,S. BUYS WHOLESALER,DDP,Weight Captured Separately
84906,DN-3585,Generic,Guyana,03-Apr-14,06-Jun-14,200mg,Tablet,No,See DN-3585 (ID#:83223),From RDC,"Efavirenz 200mg, scored tablets, 90 Tabs",0.46,48,446.4,PMO - US,"Strides, Bangalore, India.",Efavirenz,9.3,N/A - From RDC,SO-46800,FPQ-13071,10-09-13,ARV,105-GY-T30,31-Mar-14,Air,Pediatric,90,0.1,SCMS from RDC,N/A - From RDC,See DN-3585 (ID#:83223)
2921,ASN-1251,Epivir,South Africa,29-Jan-08,29-Jan-08,10mg/ml,Oral solution,No,Freight Included in Commodity Cost,Direct Drop,"Lamivudine 10mg/ml [Epivir], oral solution, Bottle, 240 ml",5.81,500,3630.0,PMO - US,GSK Mississauga (Canada),Lamivudine,7.26,11-12-07,SCMS-14050,Pre-PQ Process,Pre-PQ Process,ARV,116-ZA-T01,29-Jan-08,MIssing,Pediatric,240,0.03,"JSI R&T INSTITUTE, INC.",DDP,Weight Captured Separately
83218,DN-3579,Generic,Rwanda,02-Apr-14,14-Apr-14,300/300mg,Tablet - FDC,No,See DN-3579 (ID#:83217),From RDC,"Lamivudine/Tenofovir Disoproxil Fumarate 300/300mg, tablets, 30 Tabs",398.35,68517,322029.9,PMO - US,"Aurobindo Unit VII, IN",Lamivudine/Tenofovir Disoproxil Fumarate,4.7,N/A - From RDC,SO-46480,FPQ-12766,08-02-13,ARV,107-RW-T30,28-Mar-14,Truck,Adult,30,0.16,SCMS from RDC,N/A - From RDC,See DN-3579 (ID#:83217)
11281,DN-1111,Generic,Zambia,02-Mar-09,02-Mar-09,300mg,Tablet,Yes,3238,From RDC,"Zidovudine 300mg, tablets, 60 Tabs",154.84,10000,79000.0,PMO - US,"Aurobindo Unit III, India",Zidovudine,7.9,N/A - From RDC,SO-17621,Pre-PQ Process,Pre-PQ Process,ARV,110-ZM-T01,02-Mar-09,Air,Adult,60,0.13,SCMS from RDC,N/A - From RDC,581
19243,ASN-11149,Determine,Mozambique,03-Sep-11,03-Sep-11,MIssing,Test kit,Yes,4969.35,Direct Drop,"HIV 1/2, Determine HIV Kit, without Lancets, 100 Tests",1512.82,11800,916860.0,PMO - US,Inverness Japan,"HIV 1/2, Determine HIV Kit, without Lancets",77.7,3/30/11,SCMS-103150,FPQ-7270,03-04-11,HRDT,111-MZ-T30,03-Sep-11,Air,HIV test,100,0.78,"Orgenics, Ltd",EXW,2675
73726,ASN-18919,Generic,Haiti,07-Aug-13,07-Aug-13,10mg/ml,Oral solution,No,See ASN-18919 (ID#:14578),Direct Drop,"Zidovudine 10mg/ml, oral solution w/syringe, Bottle, 240 ml",5.19,1999,4197.9,PMO - US,"Aurobindo Unit III, India",Zidovudine,2.1,03-11-13,SCMS-177180,FPQ-11442,1/30/13,ARV,106-HT-T30,07-Aug-13,Ocean,Pediatric,240,0.01,Aurobindo Pharma Limited,EXW,See ASN-18919 (ID#:14578)
70356,ASN-12993,Generic,South Africa,04-Jan-12,04-Jan-12,600mg,Tablet,Yes,16429.13,Direct Drop,"Efavirenz 600mg, tablets, 30 Tabs",1729.93,246113,1048441.38,PMO - US,"Aurobindo Unit III, India",Efavirenz,4.26,9/30/11,SCMS-123580,FPQ-7175,03-10-11,ARV,161-ZA-T30,22-Dec-11,Ocean,Adult,30,0.14,Aurobindo Pharma Limited,DDP,20896
23445,ASN-26596,Generic,CÃte dIvoire,30-Jun-14,07-Jul-14,300/100mg,Tablet,Yes,3316.79,Direct Drop,"Atazanavir/Ritonavir 300/100mg, tablets, 30 Tabs",51.95,2100,42000.0,PMO - US,Mylan (formerly Matrix) Nashik,Atazanavir/Ritonavir,20.0,02-10-14,SCMS-206591,FPQ-12806,08-09-13,ARV,104-CI-T30,30-Jun-14,Air,Adult,30,0.67,MYLAN LABORATORIES LTD (FORMERLY MATRIX LABORATORIES),EXW,293
59805,ASN-11023,Generic,Vietnam,22-Jun-11,22-Jun-11,300mg,Tablet,No,See ASN-11023 (ID#:37963),Direct Drop,"Zidovudine 300mg, tablets, 60 Tabs",48.85,4084,29609.0,PMO - US,Mylan (formerly Matrix) Nashik,Zidovudine,7.25,2/15/11,SCMS-98050,FPQ-6818,1/17/11,ARV,108-VN-T30,22-Jun-11,Air,Adult,60,0.12,MYLAN LABORATORIES LTD (FORMERLY MATRIX LABORATORIES),EXW,See ASN-11023 (ID#:37963)
61364,ASN-16267,Generic,Zimbabwe,24-Oct-12,24-Oct-12,100/25mg,Tablet,Yes,16210.31,Direct Drop,"Lopinavir/Ritonavir 100/25mg, tablets, 60 Tabs",479.06,42500,341700.0,PMO - US,"Aurobindo Unit III, India",Lopinavir/Ritonavir,8.04,7/17/12,SCMS-148270,FPQ-9905,5/29/12,ARV,103-ZW-T30,24-Oct-12,Ocean,Pediatric,60,0.13,Aurobindo Pharma Limited,EXW,3868
55138,ASN-31129,Uni-Gold,South Sudan,08-May-15,11-May-15,MIssing,Test kit,No,See ASN-31129 (ID#:40205),Direct Drop,"HIV 1/2, Uni-Gold HIV Kit, 20 Tests",16.95,450,14400.0,PMO - US,"Trinity Biotech, Plc","HIV 1/2, Uni-Gold HIV Kit",32.0,2/20/15,SCMS-272140,FPQ-15569,12/29/14,HRDT,105-SS-T30,08-May-15,Air,HIV test,20,1.6,"Trinity Biotech, Plc",EXW,See ASN-31129 (ID#:40205)
85683,DN-1906,Generic,Nigeria,28-Jun-10,28-Jun-10,300/300mg,Tablet - FDC,Yes,Freight Included in Commodity Cost,From RDC,"Lamivudine/Tenofovir Disoproxil Fumarate 300/300mg, tablets, 30 Tabs",1620.43,75159,751590.0,PMO - US,Mylan (formerly Matrix) Nashik,Lamivudine/Tenofovir Disoproxil Fumarate,10.0,N/A - From RDC,SO-35081,FPQ-4537,11-06-09,ARV,151-NG-T30,21-Jul-10,Air,Adult,30,0.33,SCMS from RDC,N/A - From RDC,6773
11596,DN-893,Generic,Tanzania,15-Sep-08,15-Sep-08,150/300mg,Tablet - FDC,Yes,9001.03,From RDC,"Lamivudine/Zidovudine 150/300mg, tablets, 60 Tabs",882.91,58086,551817.0,PMO - US,"Aurobindo Unit III, India",Lamivudine/Zidovudine,9.5,N/A - From RDC,SO-1697,Pre-PQ Process,Pre-PQ Process,ARV,109-TZ-T01,15-Sep-08,MIssing,Adult,60,0.16,SCMS from RDC,N/A - From RDC,8343
83764,DN-3548,Generic,CÃte dIvoire,18-Feb-14,04-Mar-14,30/60mg,Tablet - FDC,Yes,Invoiced Separately,From RDC,"Lamivudine/Zidovudine 30/60mg, tablets, 60 Tabs",39.89,15000,32250.0,PMO - US,Mylan (formerly Matrix) Nashik,Lamivudine/Zidovudine,2.15,N/A - From RDC,SO-46391,FPQ-12800,08-09-13,ARV,104-CI-T30,28-Feb-14,Air,Pediatric,60,0.04,SCMS from RDC,N/A - From RDC,Weight Captured Separately
82128,ASN-29257,Generic,South Africa,05-Nov-14,05-Nov-14,200mg,Tablet,No,Freight Included in Commodity Cost,Direct Drop,"Nevirapine 200mg, tablets, 60 Tabs",0.44,24,425.93,PMO - US,"Aurobindo Unit III, India",Nevirapine,17.75,11-04-14,SCMS-238555,FPQ-13973,4/30/14,ARV,116-ZA-T30,05-Nov-14,Truck,Adult,60,0.3,PHARMACY DIRECT,DDP,Weight Captured Separately
14571,ASN-17168,Determine,Nigeria,27-Nov-12,27-Nov-12,MIssing,Test kit,Yes,28734.43,Direct Drop,"HIV 1/2, Determine Complete HIV Kit, 100 Tests",342.39,2744,244216.0,PMO - US,"Alere Medical Co., Ltd.","HIV 1/2, Determine Complete HIV Kit",89.0,8/13/12,SCMS-155321,FPQ-10349,7/17/12,HRDT,133-NG-T30,28-Nov-12,Air,HIV test,100,0.89,"Orgenics, Ltd",EXW,1303
75336,ASN-17077,Generic,Vietnam,10-Dec-12,10-Dec-12,600mg,Tablet,No,See ASN-17077 (ID#:37031),Direct Drop,"Efavirenz 600mg, tablets, 30 Tabs",65.32,14119,46592.7,PMO - US,"Aurobindo Unit III, India",Efavirenz,3.3,8/14/12,SCMS-156140,FPQ-10287,7/25/12,ARV,108-VN-T30,10-Dec-12,Air,Adult,30,0.11,Aurobindo Pharma Limited,EXW,See ASN-17077 (ID#:37031)
2475,ASN-4286,Norvir,South Africa,04-May-09,04-May-09,80mg/ml,Oral solution,Yes,Freight Included in Commodity Cost,Direct Drop,"Ritonavir 80mg/ml [Norvir], oral solution, cool, Bottle, 90 ml",0.08,6,43.2,PMO - US,ABBVIE (Abbott) France,Ritonavir,7.2,04-02-09,SCMS-47360,Pre-PQ Process,Pre-PQ Process,ARV,116-ZA-T01,31-Jul-09,Truck,Pediatric,90,0.08,S. BUYS WHOLESALER,DDP,Weight Captured Separately
19410,ASN-11031,Determine,Nigeria,07-Jul-11,07-Jul-11,MIssing,Test kit,Yes,28132.96,Direct Drop,"HIV 1/2, Determine Complete HIV Kit, 100 Tests",379.75,2586,230154.0,PMO - US,Inverness Japan,"HIV 1/2, Determine Complete HIV Kit",89.0,3/30/11,SCMS-103110,FPQ-7193,2/16/11,HRDT,133-NG-T30,07-Jul-11,Air,HIV test,100,0.89,"Orgenics, Ltd",EXW,1231
13016,ASN-14830,Stat-Pak,Burundi,01-Jun-12,01-Jun-12,MIssing,Test kit,Yes,836.8,Direct Drop,"HIV 1/2, Stat-Pak Dipstick Assay Kit, 30 Tests",10.9,305,7777.5,PMO - US,Chembio Diagnostics Sys. Inc.,"HIV 1/2, Stat-Pak Dipstick Assay Kit",25.5,04-09-12,SCMS-141760,FPQ-9231,2/17/12,HRDT,102-BI-T30,01-Jun-12,Air,HIV test,30,0.85,"CHEMBIO DIAGNOSTIC SYSTEMS, INC.",EXW,34
12256,DN-1062,Generic,Ethiopia,04-Mar-09,04-Mar-09,150/200/30mg,Tablet - FDC,Yes,14144.68,From RDC,"Lamivudine/Nevirapine/Stavudine 150/200/30mg, tablets, 60 Tabs",1500.97,107556,765798.72,PMO - US,"Cipla, Goa, India",Lamivudine/Nevirapine/Stavudine,7.12,N/A - From RDC,SO-22030,Pre-PQ Process,Pre-PQ Process,ARV,117-ET-T01,04-Mar-09,Air,Adult,60,0.12,SCMS from RDC,N/A - From RDC,14450
11207,DN-470,Generic,Zambia,26-Nov-07,26-Nov-07,600mg,Tablet,Yes,Invoiced Separately,From RDC,"Efavirenz 600mg, tablets, 30 Tabs",1.67,84,1043.28,PMO - US,"Aurobindo Unit III, India",Efavirenz,12.42,N/A - From RDC,SO-1429,Pre-PQ Process,Pre-PQ Process,ARV,110-ZM-T01,26-Nov-07,Air,Adult,30,0.41,SCMS from RDC,N/A - From RDC,Weight Captured Separately
32059,ASN-26738,Uni-Gold,"Congo, DRC",05-Sep-14,16-Sep-14,MIssing,Test kit,No,See ASN-26738 (ID#:15115),Direct Drop,"HIV 1/2, Uni-Gold HIV Kit, 20 Tests",0.99,30,960.0,PMO - US,"Trinity Biotech, Plc","HIV 1/2, Uni-Gold HIV Kit",32.0,5/20/14,SCMS-239410,FPQ-14100,4/23/14,HRDT,101-CD-T30,05-Sep-14,Air,HIV test,20,1.6,"Trinity Biotech, Plc",EXW,See ASN-26738 (ID#:15115)
85658,DN-1669,Crixivan,Haiti,03-Mar-10,03-Mar-10,400mg,Capsule,Yes,6036.98,From RDC,"Indinavir 400mg [Crixivan], capsules, 180 Caps",48.51,450,22500.0,PMO - US,"MSD, Haarlem, NL",Indinavir,50.0,N/A - From RDC,SO-35950,FPQ-5152,02-12-10,ARV,106-HT-T30,02-Mar-10,Air,Adult,180,0.28,SCMS from RDC,N/A - From RDC,101
77413,ASN-26472,Generic,Zambia,20-Jul-14,01-Aug-14,200mg,Tablet,Yes,19461.76,Direct Drop,"Nevirapine 200mg, tablets, 60 Tabs",79.02,34165,76871.25,PMO - US,"Aurobindo Unit III, India",Nevirapine,2.25,5/21/14,SCMS-239790,FPQ-14151,4/30/14,ARV,110-ZM-T30,20-Jul-14,Air,Adult,60,0.04,Aurobindo Pharma Limited,EXW,3503
11590,DN-947,Generic,CÃte dIvoire,01-Dec-08,01-Dec-08,1mg/ml,Oral solution,Yes,6381.87,From RDC,"Stavudine 1mg/ml, powder for oral solution, 200 ml",8.92,3250,4550.0,PMO - US,"Aurobindo Unit III, India",Stavudine,1.4,N/A - From RDC,SO-11840,Pre-PQ Process,Pre-PQ Process,ARV,104-CI-T01,01-Dec-08,Air,Pediatric,200,0.01,SCMS from RDC,N/A - From RDC,315
83239,DN-3662,Generic,Nigeria,17-Apr-14,02-May-14,30/50/60mg,Chewable/dispersible tablet - FDC,Yes,29674.91,From RDC,"Lamivudine/Nevirapine/Zidovudine 30/50/60mg, dispersible tablets, 60 Tabs",279.92,70000,272300.0,PMO - US,"Strides, Bangalore, India.",Lamivudine/Nevirapine/Zidovudine,3.89,N/A - From RDC,SO-47282,FPQ-13293,11/19/13,ARV,151-NG-T30,06-May-14,Air Charter,Pediatric,60,0.06,SCMS from RDC,N/A - From RDC,3376
46227,ASN-28034,Generic,South Africa,29-Aug-14,29-Aug-14,20mg/ml,Oral solution,No,Freight Included in Commodity Cost,Direct Drop,"Abacavir 20mg/ml, oral solution w/syringe, Bottle, 240 ml",4.15,124,3352.74,PMO - US,"Aurobindo Unit III, India",Abacavir,27.04,8/29/14,SCMS-199289,FPQ-12522,07-11-13,ARV,116-ZA-T30,29-Aug-14,Truck,Pediatric,240,0.11,S. BUYS WHOLESALER,DDP,Weight Captured Separately
84930,DN-3718,Generic,Nigeria,09-May-14,23-May-14,150/300mg,Tablet - FDC,Yes,45180.63,From RDC,"Lamivudine/Zidovudine 150/300mg, tablets, 60 Tabs",625.05,92125,608025.0,PMO - US,Mylan (formerly Matrix) Nashik,Lamivudine/Zidovudine,6.6,N/A - From RDC,SO-47283,FPQ-13293,11/19/13,ARV,151-NG-T30,30-Jun-14,Air Charter,Adult,60,0.11,SCMS from RDC,N/A - From RDC,7982
45202,ASN-19166,Ziagen,South Africa,16-Apr-13,16-Apr-13,20mg/ml,Oral solution,No,Freight Included in Commodity Cost,Direct Drop,"Abacavir 20mg/ml [Ziagen], oral solution, Bottle, 240 ml",28.79,1021,23275.52,South Africa Field Office,GSK Mississauga (Canada),Abacavir,22.8,Date Not Captured,SCMS-183950,FPQ-11828,3/18/13,ARV,116-ZA-T30,16-Apr-13,Truck,Pediatric,240,0.1,S. BUYS WHOLESALER,DDP,Weight Captured Separately
12619,DN-1518,Truvada,CÃte dIvoire,16-Nov-09,16-Nov-09,300/200mg,Tablet - FDC,Yes,Invoiced Separately,From RDC,"Emtricitabine/Tenofovir Disoproxil Fumarate 200/300mg [Truvada], tablets, 30 Tabs",32.6,576,15120.0,PMO - US,"Aspen-OSD, Port Elizabeth, SA",Emtricitabine/Tenofovir Disoproxil Fumarate,26.25,N/A - From RDC,SO-34060,Pre-PQ Process,Date Not Captured,ARV,104-CI-T01,16-Nov-09,Air,Adult,30,0.88,SCMS from RDC,N/A - From RDC,Weight Captured Separately
79500,ASN-31750,Uni-Gold,"Congo, DRC",02-Jul-15,30-Jul-15,MIssing,Test kit,No,See ASN-31750 (ID#:19272),Direct Drop,"HIV 1/2, Uni-Gold HIV Kit, 20 Tests",13.3,353,11296.0,PMO - US,"Trinity Biotech, Plc","HIV 1/2, Uni-Gold HIV Kit",32.0,3/16/15,SCMS-280210,FPQ-16001,03-10-15,HRDT,101-CD-T30,02-Jul-15,Air,HIV test,20,1.6,"Trinity Biotech, Plc",EXW,See ASN-31750 (ID#:19272)
31761,ASN-27980,Generic,South Africa,27-Aug-14,27-Aug-14,250mg,Delayed-release capsules,No,Freight Included in Commodity Cost,Direct Drop,"Didanosine 250mg, delayed-release capsules, 30 Caps",0.13,6,102.14,PMO - US,"Aurobindo Unit III, India",Didanosine,17.02,8/27/14,SCMS-199283,FPQ-12522,07-11-13,ARV,116-ZA-T30,27-Aug-14,Truck,Adult,30,0.57,S. BUYS WHOLESALER,DDP,Weight Captured Separately
84875,DN-3458,Generic,Tanzania,25-Feb-14,13-Mar-14,60/100/12mg,Chewable/dispersible tablet - FDC,No,See DN-3458 (ID#:83196),From RDC,"Lamivudine/Nevirapine/Stavudine 60/100/12mg, dispersible tablets, 60 Tabs",41.99,7894,33944.2,PMO - US,"Cipla, Goa, India",Lamivudine/Nevirapine/Stavudine,4.3,N/A - From RDC,SO-45995,FPQ-12587,07-04-13,ARV,109-TZ-T30,31-Dec-13,Truck,Pediatric,60,0.07,SCMS from RDC,N/A - From RDC,See DN-3458 (ID#:83196)
84995,DN-4006,Generic,Tanzania,23-Jan-15,28-Jan-15,600/200/300mg,Tablet - FDC,Yes,7585.82,From RDC,"Efavirenz/Emtricitabine/Tenofovir Disoproxil Fumarate 600/200/300mg, tablets, 30 Tabs",156.25,12783,151989.87,PMO - US,Mylan (formerly Matrix) Nashik,Efavirenz/Emtricitabine/Tenofovir Disoproxil Fumarate,11.89,N/A - From RDC,SO-47656,FPQ-13566,1/15/14,ARV,109-TZ-T30,30-Jan-15,Truck,Adult,30,0.4,SCMS from RDC,N/A - From RDC,1371
85087,DN-1638,Generic,Uganda,18-Feb-10,18-Feb-10,150/300/200mg,Tablet - FDC,No,See DN-1638 (ID#:84526),From RDC,"Lamivudine/Nevirapine/Zidovudine 150/200/300mg, tablets, 60 Tabs",438.55,19942,223749.24,PMO - US,"Aurobindo Unit III, India",Lamivudine/Nevirapine/Zidovudine,11.22,N/A - From RDC,SO-35610,FPQ-4275,9/17/09,ARV,114-UG-T30,25-Feb-10,Truck,Adult,60,0.19,SCMS from RDC,N/A - From RDC,See DN-1638 (ID#:84526)
83471,DN-2066,Generic,Dominican Republic,14-Dec-10,14-Dec-10,200/50mg,Tablet,No,See DN-2066 (ID#:83470),From RDC,"Lopinavir/Ritonavir 200/50mg, tablets, 120 Tabs",65.34,1100,39600.0,PMO - US,"Aurobindo Unit III, India",Lopinavir/Ritonavir,36.0,N/A - From RDC,SO-38030,FPQ-6616,10/25/10,ARV,200-DO-T30,30-Nov-10,Air,Adult,120,0.3,SCMS from RDC,N/A - From RDC,See DN-2066 (ID#:83470)
75043,ASN-31454,Reyataz,Rwanda,27-Apr-15,27-Apr-15,150mg,Capsule,Yes,663.77,Direct Drop,"Atazanavir 150mg [Reyataz], capsules, 60 Caps",4.59,132,4468.2,PMO - US,"BMS Evansville, US",Atazanavir,33.85,12-12-14,SCMS-268600,FPQ-14813,10-09-14,ARV,107-RW-T30,27-Apr-15,Air,Pediatric,60,0.56,SWORDS LABORATORIES,FCA,11
83181,DN-3413,Generic,Zimbabwe,25-Nov-13,09-Dec-13,200mg,Tablet,Yes,10942.88,From RDC,"Nevirapine 200mg, tablets, 60 Tabs",147.22,51520,119011.2,PMO - US,"Cipla, Goa, India",Nevirapine,2.31,N/A - From RDC,SO-44360,FPQ-11545,1/24/13,ARV,113-ZW-T30,30-Nov-13,Truck,Adult,60,0.04,SCMS from RDC,N/A - From RDC,19991
82597,DN-3278,Generic,Tanzania,15-Aug-13,15-Aug-13,200mg,Tablet,Yes,2376,From RDC,"Efavirenz 200mg, scored tablets, 90 Tabs",61.61,6823,49807.9,PMO - US,"Strides, Bangalore, India.",Efavirenz,7.3,N/A - From RDC,SO-44385,FPQ-11393,12/30/12,ARV,109-TZ-T30,30-Jul-13,Truck,Pediatric,90,0.08,SCMS from RDC,N/A - From RDC,428
73918,ASN-12247,Determine,Zimbabwe,19-Oct-11,19-Oct-11,MIssing,Test kit,Yes,23808.37,Direct Drop,"HIV 1/2, Determine Complete HIV Kit, 100 Tests",329.87,2499,199920.0,PMO - US,Inverness Japan,"HIV 1/2, Determine Complete HIV Kit",80.0,05-05-11,SCMS-108000,FPQ-7521,04-07-11,HRDT,113-ZW-T30,19-Oct-11,Air,HIV test,100,0.8,"Orgenics, Ltd",EXW,1191
17900,ASN-29097,Generic,Namibia,19-Nov-14,19-Nov-14,150/300mg,Tablet - FDC,Yes,26663.64,Direct Drop,"Lamivudine/Zidovudine 150/300mg, tablets, 60 Tabs",181.18,26663,176242.43,PMO - US,"Hetero, Jadcherla, unit 5, IN",Lamivudine/Zidovudine,6.61,8/29/14,SCMS-253440,FPQ-14689,7/30/14,ARV,901-NA-T30,19-Nov-14,Air,Adult,60,0.11,HETERO LABS LIMITED,EXW,4233
83254,DN-3877,Generic,Zambia,23-Sep-14,17-Oct-14,150/300mg,Tablet - FDC,Yes,4562.72,From RDC,"Lamivudine/Zidovudine 150/300mg, tablets, 60 Tabs",90.72,13535,88248.2,PMO - US,"Aurobindo Unit III, India",Lamivudine/Zidovudine,6.52,N/A - From RDC,SO-48652,FPQ-14105,4/16/14,ARV,110-ZM-T30,04-Sep-14,Truck,Adult,60,0.11,SCMS from RDC,N/A - From RDC,3704
4458,ASN-2276,Generic,Vietnam,19-Sep-08,19-Sep-08,150/300mg,Tablet - FDC,Yes,5551.97,Direct Drop,"Lamivudine/Zidovudine 150/300mg, tablets, 60 Tabs",29.84,2016,18648.0,PMO - US,"Aurobindo Unit III, India",Lamivudine/Zidovudine,9.25,5/13/08,SCMS-23330,Pre-PQ Process,Pre-PQ Process,ARV,108-VN-T01,19-Sep-08,Air,Adult,60,0.15,Aurobindo Pharma Limited,EXW,185
84925,DN-3682,Generic,Haiti,12-May-14,24-Jun-14,30/50/60mg,Chewable/dispersible tablet - FDC,Yes,1955.22,From RDC,"Lamivudine/Nevirapine/Zidovudine 30/50/60mg, dispersible tablets, 60 Tabs",9.95,2581,9678.75,PMO - US,"Strides, Bangalore, India.",Lamivudine/Nevirapine/Zidovudine,3.75,N/A - From RDC,SO-47820,FPQ-13648,02-03-14,ARV,106-HT-T30,30-Apr-14,Air,Pediatric,60,0.06,SCMS from RDC,N/A - From RDC,110
83915,DN-4293,Aluvia,Senegal,25-Jun-15,25-Jun-15,200/50mg,Tablet,Yes,632.63,From RDC,"Lopinavir/Ritonavir 200/50mg [Aluvia], tablets, 120 Tabs",2.19,100,1864.0,PMO - US,ABBVIE Ludwigshafen Germany,Lopinavir/Ritonavir,18.64,N/A - From RDC,SO-51380,FPQ-15899,2/19/15,ARV,A01-SN-T50,22-Jun-15,Air,Adult,120,0.16,SCMS from RDC,N/A - From RDC,21
85274,DN-2711,Generic,Libya,02-Jul-12,02-Jul-12,300mg,Tablet,Yes,1474.9,From RDC,"Tenofovir Disoproxil Fumarate 300mg, tablets, 30 Tabs",21.71,2816,15488.0,PMO - US,"Aurobindo Unit III, India",Tenofovir Disoproxil Fumarate,5.5,N/A - From RDC,SO-41891,FPQ-9665,04-04-12,ARV,102-LY-T30,29-Jun-12,Air,Adult,30,0.18,SCMS from RDC,N/A - From RDC,231
11175,DN-327,Generic,CÃte dIvoire,10-Sep-07,10-Sep-07,10mg/ml,Oral solution,No,See DN-327 (ID#:10883),From RDC,"Zidovudine 10mg/ml, oral solution, Bottle, 240 ml",14.74,4286,9214.9,PMO - US,"Aurobindo Unit III, India",Zidovudine,2.15,N/A - From RDC,SO-972,Pre-PQ Process,Pre-PQ Process,ARV,104-CI-T01,10-Sep-07,MIssing,Pediatric,240,0.01,SCMS from RDC,N/A - From RDC,See DN-327 (ID#:10883)
8440,ASN-2400,Uni-Gold,Botswana,18-Nov-08,18-Nov-08,MIssing,Test kit,Yes,1225.17,Direct Drop,"HIV 1/2, Uni-Gold HIV Kit, 20 Tests",25.6,500,16000.0,PMO - US,"Trinity Biotech, Plc","HIV 1/2, Uni-Gold HIV Kit",32.0,4/28/08,SCMS-22740,Pre-PQ Process,Pre-PQ Process,HRDT,102-BW-T01,18-Nov-08,Air,HIV test,20,1.6,"Trinity Biotech, Plc",EXW,166
55376,ASN-9710,Norvir,Vietnam,25-Feb-11,25-Feb-11,100mg,Capsule,Yes,3785.84,Direct Drop,"Ritonavir 100mg [Norvir], capsules, cool, 4 x 84 Caps",8.01,18,3717.18,PMO - US,ABBVIE (Abbott) Logis. UK,Ritonavir,206.51,10/14/10,SCMS-87710,FPQ-6384,9/30/10,ARV,108-VN-T30,25-Feb-11,Air,Adult,336,0.61,ABBVIE LOGISTICS (FORMERLY ABBOTT LOGISTICS BV),FCA,55
18121,ASN-28037,Generic,South Africa,29-Aug-14,29-Aug-14,300mg,Tablet,Yes,Freight Included in Commodity Cost,Direct Drop,"Tenofovir Disoproxil Fumarate 300mg, tablets, 30 Tabs",5.4,206,4365.52,PMO - US,"Aurobindo Unit III, India",Tenofovir Disoproxil Fumarate,21.19,8/29/14,SCMS-199289,FPQ-12522,07-11-13,ARV,116-ZA-T30,29-Aug-14,Truck,Adult,30,0.71,S. BUYS WHOLESALER,DDP,Weight Captured Separately
10697,DN-687,Generic,Zimbabwe,30-Mar-08,30-Mar-08,150/30mg,Tablet - FDC,Yes,15696.7,From RDC,"Lamivudine/Stavudine 150/30mg, tablets, 30 Tabs",5.12,1600,3200.0,PMO - US,"Cipla, Goa, India",Lamivudine/Stavudine,2.0,N/A - From RDC,SO-713,Pre-PQ Process,Pre-PQ Process,ARV,100-ZW-T01,30-Mar-08,Air,Adult,30,0.07,SCMS from RDC,N/A - From RDC,4252
83844,DN-3908,Generic,Uganda,17-Sep-14,18-Sep-14,30/50/60mg,Chewable/dispersible tablet - FDC,Yes,2042.9,From RDC,"Lamivudine/Nevirapine/Zidovudine 30/50/60mg, dispersible tablets, 60 Tabs",44.3,11553,43092.69,PMO - US,"Strides, Bangalore, India.",Lamivudine/Nevirapine/Zidovudine,3.73,N/A - From RDC,SO-49000,FPQ-14396,06-04-14,ARV,114-UG-T30,30-Sep-14,Truck,Pediatric,60,0.06,SCMS from RDC,N/A - From RDC,516
83333,DN-4226,Generic,Nigeria,15-Apr-15,20-Apr-15,150/300/200mg,Tablet - FDC,Yes,51677,From RDC,"Lamivudine/Nevirapine/Zidovudine 150/200/300mg, tablets, 60 Tabs",1503.05,189393,1462113.96,PMO - US,Mylan (formerly Matrix) Nashik,Lamivudine/Nevirapine/Zidovudine,7.72,N/A - From RDC,SO-49686,FPQ-14766,8/13/14,ARV,151-NG-T30,30-Apr-15,Air Charter,Adult,60,0.13,SCMS from RDC,N/A - From RDC,24904
6439,ASN-4332,Generic,South Africa,23-Apr-09,23-Apr-09,10mg/ml,Oral suspension,No,See ASN-4332 (ID#:1115),Direct Drop,"Nevirapine 10mg/ml, oral suspension, Bottle, 240 ml",1.47,80,750.4,PMO - US,"Aurobindo Unit III, India",Nevirapine,9.38,04-02-09,SCMS-47500,Pre-PQ Process,Pre-PQ Process,ARV,116-ZA-T01,15-May-09,Truck,Pediatric,240,0.04,S. BUYS WHOLESALER,DDP,See ASN-4332 (ID#:1115)
12400,DN-319,Generic,Zambia,29-Aug-07,29-Aug-07,150mg,Tablet,No,See DN-319 (ID#:11765),From RDC,"Lamivudine 150mg, tablets, 60 Tabs",145.92,30000,91200.0,PMO - US,"Aurobindo Unit III, India",Lamivudine,3.04,N/A - From RDC,SO-908,Pre-PQ Process,Pre-PQ Process,ARV,110-ZM-T01,29-Aug-07,Air,Adult,60,0.05,SCMS from RDC,N/A - From RDC,See DN-319 (ID#:11765)
84222,DN-3014,Generic,Haiti,03-Jan-13,03-Jan-13,150/200/30mg,Tablet - FDC,No,See DN-3014 (ID#:83655),From RDC,"Lamivudine/Nevirapine/Stavudine 150/200/30mg, tablets, 60 Tabs",1.57,270,1269.0,PMO - US,"Strides, Bangalore, India.",Lamivudine/Nevirapine/Stavudine,4.7,N/A - From RDC,SO-44410,FPQ-11281,1/16/13,ARV,106-HT-T30,09-Apr-13,Air,Adult,60,0.08,SCMS from RDC,N/A - From RDC,See DN-3014 (ID#:83655)
27186,ASN-5057,Viread,South Africa,31-Aug-09,31-Aug-09,300mg,Tablet,Yes,Freight Included in Commodity Cost,Direct Drop,"Tenofovir Disoproxil Fumarate 300mg [Viread], tablets, 30 Tabs",5.36,100,2733.35,PMO - US,"Aspen-OSD, Port Elizabeth, SA",Tenofovir Disoproxil Fumarate,27.33,08-07-09,SCMS-51250,FPQ-4054,7/29/09,ARV,116-ZA-T30,31-Aug-09,Truck,Adult,30,0.91,S. BUYS WHOLESALER,DDP,Weight Captured Separately
3769,ASN-4339,Aluvia,South Africa,09-Apr-09,09-Apr-09,200/50mg,Tablet,Yes,Freight Included in Commodity Cost,Direct Drop,"Lopinavir/Ritonavir 200/50mg [Aluvia], tablets, 120 Tabs",97.08,1400,49532.0,PMO - US,ABBVIE Ludwigshafen Germany,Lopinavir/Ritonavir,35.38,3/27/09,SCMS-41583,Pre-PQ Process,Pre-PQ Process,ARV,116-ZA-T01,25-Jun-09,Air,Adult,120,0.29,S. BUYS WHOLESALER,DDP,Weight Captured Separately
25323,ASN-33269,Generic,Vietnam,03-Sep-15,03-Sep-15,200mg,Tablet,Yes,Invoiced Separately,Direct Drop,"Nevirapine 200mg, tablets, 60 Tabs",6.36,2500,5400.0,PMO - US,Hetero Unit III Hyderabad IN,Nevirapine,2.16,5/13/15,SCMS-285500,FPQ-16194,4/14/15,ARV,108-VN-T30,03-Sep-15,Air,Adult,60,0.04,HETERO LABS LIMITED,EXW,Weight Captured Separately
11379,DN-136,Bioline,Zambia,21-May-07,21-May-07,MIssing,Test kit,Yes,1250.72,From RDC,"HIV 1/2, Bioline 3.0 Kit, Lancets, Capillary pipets, Alcohol swabs included, 25 Tests",MIssing,452,9040.0,PMO - US,"Standard Diagnostics, Korea","HIV 1/2, Bioline 3.0 Kit, Lancets, Capillary pipets, Alcohol swabs included",20.0,N/A - From RDC,SO-536,Pre-PQ Process,Pre-PQ Process,HRDT,110-ZM-T01,21-May-07,Air,HIV test,25,0.8,SCMS from RDC,N/A - From RDC,Weight Captured Separately
85176,DN-2102,Generic,Tanzania,28-Feb-11,28-Feb-11,100mg,Chewable/dispersible tablet,Yes,1647,From RDC,"Didanosine 100mg, chewable/dispersible tablets, 60 Tabs",38.15,2292,17694.24,PMO - US,"Aurobindo Unit III, India",Didanosine,7.72,N/A - From RDC,SO-36610,FPQ-5436,04-01-10,ARV,109-TZ-T30,28-Feb-11,Air,Pediatric,60,0.13,SCMS from RDC,N/A - From RDC,617
78550,ASN-29257,Generic,South Africa,05-Nov-14,05-Nov-14,600mg,Tablet,No,Freight Included in Commodity Cost,Direct Drop,"Efavirenz 600mg, tablets, 30 Tabs",2,125,1949.5,PMO - US,"Aurobindo Unit III, India",Efavirenz,15.6,11-04-14,SCMS-238555,FPQ-13973,4/30/14,ARV,116-ZA-T30,05-Nov-14,Truck,Adult,30,0.52,PHARMACY DIRECT,DDP,Weight Captured Separately
63697,ASN-7217,Generic,South Africa,15-Jul-10,15-Jul-10,150mg,Tablet,Yes,25285.11,Direct Drop,"Lamivudine 150mg, tablets, 60 Tabs",1846.98,333334,856668.38,PMO - US,"Strides, Bangalore, India.",Lamivudine,2.57,3/19/10,SCMS-68810,FPQ-5303,3/18/10,ARV,161-ZA-T30,15-Jul-10,Air,Adult,60,0.04,STRIDES ARCOLAB LIMITED,DDP,16496
86529,DN-2922,Generic,Uganda,20-Nov-12,20-Nov-12,300mg,Tablet,Yes,5220.79,From RDC,"Zidovudine 300mg, tablets, 60 Tabs",0.24,25,169.0,PMO - US,Hetero Unit III Hyderabad IN,Zidovudine,6.76,N/A - From RDC,SO-43200,FPQ-10556,8/30/12,ARV,114-UG-T30,06-Dec-12,Truck,Adult,60,0.11,SCMS from RDC,N/A - From RDC,1
54465,ASN-18531,Determine,Mozambique,20-Mar-13,20-Mar-13,MIssing,Test kit,Yes,13303.36,Direct Drop,"HIV 1/2, Determine Complete HIV Kit, 100 Tests",289.75,2928,234240.0,PMO - US,"Alere Medical Co., Ltd.","HIV 1/2, Determine Complete HIV Kit",80.0,11-06-12,SCMS-164000,FPQ-10880,10/18/12,HRDT,111-MZ-T30,20-Mar-13,Air,HIV test,100,0.8,"Orgenics, Ltd",EXW,1325
12827,DN-920,Aluvia,Nigeria,26-Sep-08,26-Sep-08,200/50mg,Tablet,Yes,1058,From RDC,"Lopinavir/Ritonavir 200/50mg [Aluvia], tablets, 120 Tabs",6.18,94,3863.4,PMO - US,ABBVIE Ludwigshafen Germany,Lopinavir/Ritonavir,41.1,N/A - From RDC,SO-11032,Pre-PQ Process,Pre-PQ Process,ARV,112-NG-T01,26-Sep-08,Air,Adult,120,0.34,SCMS from RDC,N/A - From RDC,27
85444,DN-3569,Generic,CÃte dIvoire,26-Mar-14,28-Apr-14,600mg,Tablet,Yes,18607.76,From RDC,"Efavirenz 600mg, tablets, 30 Tabs",337.54,72300,240759.0,PMO - US,"Strides, Bangalore, India.",Efavirenz,3.33,N/A - From RDC,SO-43341,FPQ-10633,09-11-12,ARV,104-CI-T30,31-Mar-14,Truck,Adult,30,0.11,SCMS from RDC,N/A - From RDC,4392
13004,ASN-31553,Norvir,Mozambique,15-Apr-15,15-Apr-15,100mg,Tablet,Yes,642.99,Direct Drop,"Ritonavir 100mg [Norvir], film coated tablets, 60 Tabs",3.22,400,2740.0,PMO - US,ABBVIE Ludwigshafen Germany,Ritonavir,6.85,11-07-14,SCMS-263040,FPQ-15276,10/28/14,ARV,111-MZ-T30,15-Apr-15,Air,Adult,60,0.11,ABBVIE LOGISTICS (FORMERLY ABBOTT LOGISTICS BV),FCA,62
33097,ASN-19166,Viramune,South Africa,16-Apr-13,16-Apr-13,10mg/ml,Oral suspension,No,Freight Included in Commodity Cost,Direct Drop,"Nevirapine 10mg/ml [Viramune], oral suspension, Bottle, 240 ml",3.37,212,2720.61,South Africa Field Office,Boehringer Ingelheim Roxane US,Nevirapine,12.83,Date Not Captured,SCMS-183950,FPQ-11828,3/18/13,ARV,116-ZA-T30,16-Apr-13,Truck,Pediatric,240,0.05,S. BUYS WHOLESALER,DDP,Weight Captured Separately
74674,ASN-5003,Viread,South Africa,11-Aug-09,11-Aug-09,300mg,Tablet,Yes,Freight Included in Commodity Cost,Direct Drop,"Tenofovir Disoproxil Fumarate 300mg [Viread], tablets, 30 Tabs",8.22,163,4195.98,PMO - US,"Aspen-OSD, Port Elizabeth, SA",Tenofovir Disoproxil Fumarate,25.74,7/21/09,SCMS-49610,FPQ-3560,05-07-09,ARV,116-ZA-T30,11-Aug-09,Truck,Adult,30,0.86,S. BUYS WHOLESALER,DDP,Weight Captured Separately
84341,DN-3566,Generic,CÃte dIvoire,11-Apr-14,28-Apr-14,150/300mg,Tablet - FDC,Yes,23776.42,From RDC,"Lamivudine/Zidovudine 150/300mg, tablets, 60 Tabs",585.25,70300,473119.0,PMO - US,Mylan (formerly Matrix) Nashik,Lamivudine/Zidovudine,6.73,N/A - From RDC,SO-44221,FPQ-11253,12/14/12,ARV,104-CI-T30,11-Apr-14,Truck,Adult,60,0.11,SCMS from RDC,N/A - From RDC,5565
82920,DN-2024,Generic,Tanzania,29-Oct-10,29-Oct-10,600mg,Tablet,Yes,28022.17,From RDC,"Efavirenz 600mg, tablets, 30 Tabs",863.48,90000,400500.0,PMO - US,Mylan (formerly Matrix) Nashik,Efavirenz,4.45,N/A - From RDC,SO-37310,FPQ-6226,8/16/10,ARV,109-TZ-T30,29-Oct-10,Truck,Adult,30,0.15,SCMS from RDC,N/A - From RDC,7397
12050,DN-209,Generic,Nigeria,03-Jul-07,03-Jul-07,150mg,Tablet,No,See DN-209 (ID#:11136),From RDC,"Lamivudine 150mg, tablets, 60 Tabs",2.92,552,1827.12,PMO - US,"Ranbaxy, Paonta Shahib, India",Lamivudine,3.31,N/A - From RDC,SO-563,Pre-PQ Process,Pre-PQ Process,ARV,112-NG-T01,03-Jul-07,MIssing,Adult,60,0.06,SCMS from RDC,N/A - From RDC,See DN-209 (ID#:11136)
86043,DN-3536,Generic,Rwanda,25-Feb-14,13-Mar-14,200/50mg,Tablet,Yes,8456.96,From RDC,"Lopinavir/Ritonavir 200/50mg, tablets, 120 Tabs",132.93,5247,107458.56,PMO - US,Mylan (formerly Matrix) Nashik,Lopinavir/Ritonavir,20.48,N/A - From RDC,SO-46484,FPQ-12766,08-02-13,ARV,107-RW-T30,31-Jan-14,Truck,Adult,120,0.17,SCMS from RDC,N/A - From RDC,1382
24192,ASN-9549,Determine,Kenya,10-Feb-11,10-Feb-11,MIssing,Test kit,Yes,8826,Direct Drop,"HIV 1/2, Determine Complete HIV Kit, 100 Tests",0.19,1,89.0,PMO - US,Inverness Japan,"HIV 1/2, Determine Complete HIV Kit",89.0,11/22/10,SCMS-88211,FPQ-6406,9/27/10,HRDT,102-KE-T30,10-Feb-11,Air,HIV test,100,0.89,"Orgenics, Ltd",EXW,800
3752,ASN-3732,Retrovir,South Africa,21-Jan-09,21-Jan-09,10mg/ml,Injection,No,Freight Included in Commodity Cost,Direct Drop,"Zidovudine 10mg/ml [Retrovir], solution for IV infusion injection, Vial 5 x 20 ml",0.25,10,125.1,PMO - US,GSK Ware (UK),Zidovudine,12.51,Date Not Captured,SCMS-41190,Pre-PQ Process,Pre-PQ Process,ARV,116-ZA-T01,30-Mar-09,Air,Pediatric,5,2.5,S. BUYS WHOLESALER,DDP,Weight Captured Separately
38418,ASN-32122,Generic,South Africa,12-May-15,12-May-15,150mg,Tablet,No,Freight Included in Commodity Cost,Direct Drop,"Lamivudine 150mg, tablets, 60 Tabs",0.38,56,369.98,PMO - US,"Aurobindo Unit III, India",Lamivudine,6.61,05-11-15,SCMS-259075,FPQ-14942,09-11-14,ARV,116-ZA-T30,12-May-15,Truck,Adult,60,0.11,PHARMACY DIRECT,DDP,Weight Captured Separately
12511,DN-690,Aluvia,Haiti,14-Apr-08,14-Apr-08,200/50mg,Tablet,No,See DN-690 (ID#:10706),From RDC,"Lopinavir/Ritonavir 200/50mg [Aluvia], tablets, 120 Tabs",15.78,240,9864.0,PMO - US,ABBVIE Ludwigshafen Germany,Lopinavir/Ritonavir,41.1,N/A - From RDC,SO-2055,Pre-PQ Process,Pre-PQ Process,ARV,106-HT-T01,14-Apr-08,Air,Adult,120,0.34,SCMS from RDC,N/A - From RDC,See DN-690 (ID#:10706)
11315,DN-1210,Generic,Nigeria,14-May-09,14-May-09,150/300/200mg,Tablet - FDC,Yes,18638.84,From RDC,"Lamivudine/Nevirapine/Zidovudine 150/200/300mg, tablets, 60 Tabs",373.1,16698,190357.2,PMO - US,"Aurobindo Unit III, India",Lamivudine/Nevirapine/Zidovudine,11.4,N/A - From RDC,SO-22528,Pre-PQ Process,Pre-PQ Process,ARV,151-NG-T01,14-May-09,Air,Adult,60,0.19,SCMS from RDC,N/A - From RDC,1901
48623,ASN-16318,Generic,Uganda,21-Sep-12,21-Sep-12,300/100mg,Tablet,Yes,3387.72,Direct Drop,"Atazanavir/Ritonavir 300/100mg, tablets, 30 Tabs",49.15,1558,35055.0,PMO - US,Mylan (formerly Matrix) Nashik,Atazanavir/Ritonavir,22.5,6/26/12,SCMS-149970,FPQ-9923,5/28/12,ARV,114-UG-T30,21-Sep-12,Air,Adult,30,0.75,MYLAN LABORATORIES LTD (FORMERLY MATRIX LABORATORIES),EXW,195
11741,DN-275,Generic,Tanzania,22-Aug-07,22-Aug-07,200mg,Tablet,Yes,3267,From RDC,"Nevirapine 200mg, tablets, 60 Tabs",67.44,11807,42150.99,PMO - US,"Aurobindo Unit III, India",Nevirapine,3.57,N/A - From RDC,SO-769,Pre-PQ Process,Pre-PQ Process,ARV,109-TZ-T01,22-Aug-07,Air,Adult,60,0.06,SCMS from RDC,N/A - From RDC,1802
86277,DN-1683,Generic,Nigeria,31-Mar-10,31-Mar-10,150mg,Tablet,Yes,124350.82,From RDC,"Lamivudine 150mg, tablets, 60 Tabs",0.34,64,156.16,PMO - US,"Aurobindo Unit III, India",Lamivudine,2.44,N/A - From RDC,SO-35031,FPQ-4537,11-06-09,ARV,151-NG-T30,19-Apr-10,Air Charter,Adult,60,0.04,SCMS from RDC,N/A - From RDC,4
84594,DN-2017,Generic,Guyana,19-Sep-10,19-Sep-10,10mg/ml,Oral solution,No,See DN-2017 (ID#:82918),From RDC,"Lamivudine 10mg/ml, oral solution, Bottle, 240 ml",1.31,316,609.88,PMO - US,"Aurobindo Unit III, India",Lamivudine,1.93,N/A - From RDC,SO-37400,FPQ-6307,8/30/10,ARV,105-GY-T30,23-Nov-10,Air,Pediatric,240,0.01,SCMS from RDC,N/A - From RDC,See DN-2017 (ID#:82918)
82305,DN-1716,Generic,Nigeria,31-Mar-10,31-Mar-10,150/300mg,Tablet - FDC,Yes,Freight Included in Commodity Cost,From RDC,"Lamivudine/Zidovudine 150/300mg, tablets, 60 Tabs",2.93,155,1357.8,PMO - US,"Aurobindo Unit III, India",Lamivudine/Zidovudine,8.76,N/A - From RDC,SO-35054,FPQ-4537,11-06-09,ARV,151-NG-T30,19-Apr-10,Air Charter,Adult,60,0.15,SCMS from RDC,N/A - From RDC,14
12283,DN-1234,Generic,CÃte dIvoire,11-Jun-09,11-Jun-09,300mg,Tablet,No,See DN-1234 (ID#:11970),From RDC,"Zidovudine 300mg, tablets, 60 Tabs",151.12,10000,77100.0,PMO - US,"Aurobindo Unit III, India",Zidovudine,7.71,N/A - From RDC,SO-27520,Pre-PQ Process,Pre-PQ Process,ARV,104-CI-T01,11-Jun-09,Air,Adult,60,0.13,SCMS from RDC,N/A - From RDC,See DN-1234 (ID#:11970)
27697,ASN-32761,Generic,Haiti,23-Jul-15,28-Jul-15,300/100mg,Tablet,Yes,1719.78,Direct Drop,"Atazanavir/Ritonavir 300/100mg, tablets, 30 Tabs",19.47,1052,18936.0,PMO - US,"Emcure Plot No.P-2, I.T-B.T. Park, Phase II, MIDC, Hinjwadi, Pune, India",Atazanavir/Ritonavir,18.0,11/14/14,SCMS-261011,FPQ-14895,9/24/14,ARV,106-HT-T30,23-Jul-15,Air,Adult,30,0.6,EMCURE PHARMACEUTICALS LTD,EXW,138
82289,DN-1618,Generic,CÃte dIvoire,23-Jan-10,23-Jan-10,150/300/200mg,Tablet - FDC,Yes,5254.1,From RDC,"Lamivudine/Nevirapine/Zidovudine 150/200/300mg, tablets, 60 Tabs",661.06,30060,337273.2,PMO - US,"Aurobindo Unit III, India",Lamivudine/Nevirapine/Zidovudine,11.22,N/A - From RDC,SO-33472,FPQ-4187,09-09-09,ARV,104-CI-T30,05-Feb-10,Air,Adult,60,0.19,SCMS from RDC,N/A - From RDC,3508
12772,DN-581,Generic,CÃte dIvoire,05-Feb-08,05-Feb-08,300mg,Tablet,No,See DN-581 (ID#:10667),From RDC,"Abacavir 300mg, tablets, 60 Tabs",257.06,5836,160665.08,PMO - US,"Aurobindo Unit III, India",Abacavir,27.53,N/A - From RDC,SO-1679,Pre-PQ Process,Pre-PQ Process,ARV,104-CI-T01,05-Feb-08,Air,Adult,60,0.46,SCMS from RDC,N/A - From RDC,See DN-581 (ID#:10667)
83704,DN-3256,Generic,Uganda,20-Aug-13,20-Aug-13,600mg,Tablet,No,See DN-3256 (ID#:83149),From RDC,"Efavirenz 600mg, tablets, 30 Tabs",397.42,96480,321278.4,PMO - US,"Aurobindo Unit III, India",Efavirenz,3.33,N/A - From RDC,SO-45470,FPQ-12253,05-08-13,ARV,114-UG-T30,06-Aug-13,Air,Adult,30,0.11,SCMS from RDC,N/A - From RDC,See DN-3256 (ID#:83149)
86120,DN-3843,Generic,"Congo, DRC",24-Sep-14,06-Nov-14,600/300/300mg,Tablet - FDC,No,See DN-3843 (ID#:82707),From RDC,"Efavirenz/Lamivudine/Tenofovir Disoproxil Fumarate 600/300/300mg, tablets, 30 Tabs",36.57,3300,35574.0,PMO - US,Hetero Unit III Hyderabad IN,Efavirenz/Lamivudine/Tenofovir Disoproxil Fumarate,10.78,N/A - From RDC,SO-48850,FPQ-14252,05-07-14,ARV,101-CD-T30,13-Aug-14,Air,Adult,30,0.36,SCMS from RDC,N/A - From RDC,See DN-3843 (ID#:82707)
84619,DN-2114,Generic,Haiti,14-Feb-11,14-Feb-11,1mg/ml,Powder for oral solution,No,See DN-2114 (ID#:83486),From RDC,"Stavudine 1mg/ml, powder for oral solution w/syringe, 200 ml",1.33,600,804.0,PMO - US,"Aurobindo Unit III, India",Stavudine,1.34,N/A - From RDC,SO-38620,FPQ-6801,12/14/10,ARV,106-HT-T30,28-Feb-11,Air,Pediatric,200,0.01,SCMS from RDC,N/A - From RDC,See DN-2114 (ID#:83486)
84161,DN-2626,Generic,Rwanda,26-Apr-12,26-Apr-12,200mg,Capsule,Yes,1675,From RDC,"Efavirenz 200mg, capsule, 90 Caps",12.03,993,8579.52,PMO - US,"Aurobindo Unit III, India",Efavirenz,8.64,N/A - From RDC,SO-41431,FPQ-9190,1/27/12,ARV,107-RW-T30,29-Jun-12,Air,Pediatric,90,0.1,SCMS from RDC,N/A - From RDC,126
27200,ASN-11563,Generic,South Africa,02-Sep-11,02-Sep-11,600mg,Tablet,Yes,9706.85,Direct Drop,"Efavirenz 600mg, tablets, 30 Tabs",718.86,92500,435675.0,PMO - US,Hetero Unit III Hyderabad IN,Efavirenz,4.71,3/23/11,SCMS-103720,FPQ-7175,03-10-11,ARV,161-ZA-T30,02-Sep-11,Air,Adult,30,0.16,HETERO LABS LIMITED,DDP,8025
23105,ASN-10619,Norvir,Vietnam,09-May-11,09-May-11,100mg,Capsule,Yes,7339.84,Direct Drop,"Ritonavir 100mg [Norvir], capsules, cool, 4 x 84 Caps",4.77,14,2891.14,PMO - US,ABBVIE (Abbott) Logis. UK,Ritonavir,206.51,02-09-11,SCMS-98180,FPQ-6818,1/17/11,ARV,108-VN-T30,09-May-11,Air,Adult,336,0.61,ABBVIE LOGISTICS (FORMERLY ABBOTT LOGISTICS BV),FCA,52
8605,ASN-2792,Generic,Vietnam,21-Nov-08,21-Nov-08,150/300/200mg,Tablet - FDC,No,See ASN-2792 (ID#:5936),Direct Drop,"Lamivudine/Nevirapine/Zidovudine 150/200/300mg, tablets, 60 Tabs",49.16,2200,25080.0,PMO - US,"Aurobindo Unit III, India",Lamivudine/Nevirapine/Zidovudine,11.4,7/24/08,SCMS-27320,Pre-PQ Process,Pre-PQ Process,ARV,108-VN-T01,21-Nov-08,Air,Adult,60,0.19,Aurobindo Pharma Limited,EXW,See ASN-2792 (ID#:5936)
12780,DN-737,Generic,Nigeria,14-May-08,14-May-08,150/300/200mg,Tablet - FDC,No,See DN-737 (ID#:11533),From RDC,"Lamivudine/Nevirapine/Zidovudine 150/200/300mg, tablets, 60 Tabs",352.93,16610,220580.8,PMO - US,"Cipla, Goa, India",Lamivudine/Nevirapine/Zidovudine,13.28,N/A - From RDC,SO-2575,Pre-PQ Process,Pre-PQ Process,ARV,131-NG-T01,14-May-08,Air,Adult,60,0.22,SCMS from RDC,N/A - From RDC,See DN-737 (ID#:11533)
63502,ASN-5746,Generic,Haiti,03-Mar-10,03-Mar-10,100/25mg,Tablet,Yes,971.8,Direct Drop,"Lopinavir/Ritonavir 100/25mg [Aluvia], tablets, 60 Tabs",5.85,300,2712.0,PMO - US,ABBVIE Ludwigshafen Germany,Lopinavir/Ritonavir,9.04,11/13/09,SCMS-58020,FPQ-4389,11-03-09,ARV,106-HT-T30,03-Mar-10,Air,Pediatric,60,0.15,ABBVIE LOGISTICS (FORMERLY ABBOTT LOGISTICS BV),FCA,37
63289,ASN-22171,Determine,Cameroon,09-Nov-13,20-Nov-13,MIssing,Test kit,Yes,46044.38,Direct Drop,"HIV 1/2, Determine Complete HIV Kit, 100 Tests",494.8,5000,400000.0,PMO - US,"Alere Medical Co., Ltd.","HIV 1/2, Determine Complete HIV Kit",80.0,08-06-13,SCMS-200900,FPQ-12570,07-10-13,HRDT,800-CM-T30,09-Nov-13,Air,HIV test,100,0.8,"Orgenics, Ltd",EXW,1238
1307,ASN-259,Genie,Nigeria,30-Mar-07,30-Mar-07,MIssing,Test kit,Yes,4445.75,Direct Drop,"#108853** HIV, Genie II HIV-1/HIV-2 Kit, 40 Tests",MIssing,375,28500.0,PMO - US,Bio-Rad Laboratories,"HIV, Genie II HIV-1/HIV-2 Kit",76.0,Date Not Captured,SCMS-343,Pre-PQ Process,Pre-PQ Process,HRDT,102-NG-T01,15-Mar-07,Air,HIV test,40,1.9,BIO-RAD LABORATORIES (FRANCE),EXW,402
82495,DN-2768,Generic,Uganda,14-Aug-12,14-Aug-12,150/300/200mg,Tablet - FDC,Yes,81100.77,From RDC,"Lamivudine/Nevirapine/Zidovudine 150/200/300mg, tablets, 60 Tabs",991.73,72107,707369.67,PMO - US,Mylan (formerly Matrix) Nashik,Lamivudine/Nevirapine/Zidovudine,9.81,N/A - From RDC,SO-42060,FPQ-9875,05-09-12,ARV,114-UG-T30,17-Sep-12,Air,Adult,60,0.16,SCMS from RDC,N/A - From RDC,9348
74858,ASN-16439,Zerit,Haiti,04-Oct-12,04-Oct-12,1mg/ml,Powder for oral solution,Yes,Invoiced Separately,Direct Drop,"Stavudine 1mg/ml [Zerit], powder for oral solution, Bottle, 200 ml",0.19,90,135.0,PMO - US,Bristol-Myers Squibb Anagni IT,Stavudine,1.5,6/28/12,SCMS-148870,FPQ-9635,5/14/12,ARV,106-HT-T30,04-Oct-12,Air,Pediatric,200,0.01,LAWRENCE LABORATORIES (SUBSIDIARY OF BRISTOL MYERS SQUIBB),FCA,Weight Captured Separately
3899,ASN-4940,Viread,South Africa,31-Aug-09,31-Aug-09,300mg,Tablet,Yes,Freight Included in Commodity Cost,Direct Drop,"Tenofovir Disoproxil Fumarate 300mg [Viread], tablets, 30 Tabs",14.58,300,7440.0,PMO - US,"Aspen-OSD, Port Elizabeth, SA",Tenofovir Disoproxil Fumarate,24.8,06-05-09,SCMS-47070,Pre-PQ Process,Pre-PQ Process,ARV,116-ZA-T01,08-Sep-09,Truck,Adult,30,0.83,S. BUYS WHOLESALER,DDP,Weight Captured Separately
10779,DN-1296,Generic,Nigeria,16-Jun-09,16-Jun-09,600mg,Tablet,Yes,7329.83,From RDC,"Efavirenz 600mg, tablets, 30 Tabs",571.54,30000,291600.0,PMO - US,"Aurobindo Unit III, India",Efavirenz,9.72,N/A - From RDC,SO-24481,Pre-PQ Process,Pre-PQ Process,ARV,123-NG-T01,16-Jun-09,Air Charter,Adult,30,0.32,SCMS from RDC,N/A - From RDC,3364
8475,ASN-2146,OraQuick,Haiti,20-Aug-08,20-Aug-08,MIssing,Test kit,Yes,Freight Included in Commodity Cost,Direct Drop,"HIV 1/2, OraQuick Advance HIV Rapid Antibody Kit, 100 Tests",30.24,54,18900.0,PMO - US,"Pacific Biotech, Thailand","HIV 1/2, OraQuick Advance HIV Rapid Antibody Kit",350.0,5/20/08,SCMS-23790,Pre-PQ Process,Pre-PQ Process,HRDT,106-HT-T01,20-Aug-08,Air,HIV test,100,3.5,Orasure Technologies Inc.,CIP,Weight Captured Separately
84344,DN-3579,Generic,Rwanda,02-Apr-14,14-Apr-14,150/300/200mg,Tablet - FDC,No,See DN-3579 (ID#:83217),From RDC,"Lamivudine/Nevirapine/Zidovudine 150/200/300mg, tablets, 60 Tabs",510.86,49998,412983.48,PMO - US,"Aurobindo Unit III, India",Lamivudine/Nevirapine/Zidovudine,8.26,N/A - From RDC,SO-46480,FPQ-12766,08-02-13,ARV,107-RW-T30,28-Mar-14,Truck,Adult,60,0.14,SCMS from RDC,N/A - From RDC,See DN-3579 (ID#:83217)
86171,DN-4154,Generic,Zambia,25-Mar-15,26-Mar-15,200mg,Tablet,No,See DN-4154 (ID#:84454),From RDC,"Nevirapine 200mg, tablets, 60 Tabs",443.82,198040,431727.2,PMO - US,Hetero Unit III Hyderabad IN,Nevirapine,2.18,N/A - From RDC,SO-49280,FPQ-14575,07-11-14,ARV,110-ZM-T30,27-Feb-15,Truck,Adult,60,0.04,SCMS from RDC,N/A - From RDC,See DN-4154 (ID#:84454)
11341,DN-1345,Generic,Nigeria,04-Aug-09,04-Aug-09,150/300/200mg,Tablet - FDC,Yes,7445.8,From RDC,"Lamivudine/Nevirapine/Zidovudine 150/200/300mg, tablets, 60 Tabs",937.29,41948,478207.2,PMO - US,"Aurobindo Unit III, India",Lamivudine/Nevirapine/Zidovudine,11.4,N/A - From RDC,SO-32643,Pre-PQ Process,Date Not Captured,ARV,151-NG-T01,04-Aug-09,Air Charter,Adult,60,0.19,SCMS from RDC,N/A - From RDC,4724
55522,ASN-9847,Generic,South Africa,04-Apr-11,04-Apr-11,10mg/ml,Oral suspension,Yes,3961.7,Direct Drop,"Nevirapine 10mg/ml, oral suspension w/syringe, Bottle, 240 ml",97.63,27910,59169.2,PMO - US,"Aurobindo Unit III, India",Nevirapine,2.12,12/14/10,SCMS-93500,FPQ-6708,11/26/10,ARV,161-ZA-T30,04-Apr-11,Ocean,Pediatric,240,0.01,Aurobindo Pharma Limited,DDP,10346
85739,DN-2113,Generic,Haiti,14-Feb-11,14-Feb-11,300/300mg,Tablet - FDC,No,See DN-2113 (ID#:82937),From RDC,"Lamivudine/Tenofovir Disoproxil Fumarate 300/300mg, tablets, 30 Tabs",19.78,1040,9172.8,PMO - US,Mylan (formerly Matrix) Nashik,Lamivudine/Tenofovir Disoproxil Fumarate,8.82,N/A - From RDC,SO-38120,FPQ-6484,10/13/10,ARV,106-HT-T30,28-Feb-11,Air,Adult,30,0.29,SCMS from RDC,N/A - From RDC,See DN-2113 (ID#:82937)
85929,DN-2996,Generic,Nigeria,11-Feb-13,11-Feb-13,200mg,Tablet,No,See DN-2996 (ID#:84784),From RDC,"Nevirapine 200mg, tablets, 60 Tabs",348.15,107500,248325.0,PMO - US,"Strides, Bangalore, India.",Nevirapine,2.31,N/A - From RDC,SO-43044,FPQ-10477,08-09-12,ARV,151-NG-T30,11-Feb-13,Air Charter,Adult,60,0.04,SCMS from RDC,N/A - From RDC,See DN-2996 (ID#:84784)
69922,ASN-31750,Uni-Gold,"Congo, DRC",02-Jul-15,30-Jul-15,MIssing,Test kit,No,See ASN-31750 (ID#:19272),Direct Drop,"HIV 1/2, Uni-Gold HIV Kit, 20 Tests",2.9,77,2464.0,PMO - US,"Trinity Biotech, Plc","HIV 1/2, Uni-Gold HIV Kit",32.0,3/16/15,SCMS-280210,FPQ-16001,03-10-15,HRDT,101-CD-T30,02-Jul-15,Air,HIV test,20,1.6,"Trinity Biotech, Plc",EXW,See ASN-31750 (ID#:19272)
28493,ASN-6271,Norvir,Nigeria,15-Mar-10,15-Mar-10,100mg,Capsule,Yes,2818.79,Direct Drop,"Ritonavir 100mg [Norvir], capsules, cool, 4 x 84 Caps",16.04,194,7441.84,PMO - US,ABBVIE (Abbott) Logis. UK,Ritonavir,38.36,02-10-10,SCMS-65000,FPQ-4949,1/25/10,ARV,151-NG-T30,15-Mar-10,Air,Adult,336,0.11,ABBVIE LOGISTICS (FORMERLY ABBOTT LOGISTICS BV),FCA,390
39025,ASN-9384,Crixivan,CÃte dIvoire,28-Jan-11,28-Jan-11,400mg,Capsule,Yes,1167.97,Direct Drop,"Indinavir 400mg [Crixivan], capsules, 180 Caps",109.42,1015,50750.0,PMO - US,"MSD, Haarlem, NL",Indinavir,50.0,02-12-10,SCMS-64941,FPQ-4698,12/28/09,ARV,104-CI-T30,28-Jan-11,Air,Adult,180,0.28,MERCK SHARP & DOHME IDEA GMBH (FORMALLY MERCK SHARP & DOHME B.V.),CIP,257
64545,ASN-11267,Determine,Nigeria,12-Jul-11,12-Jul-11,MIssing,Test kit,Yes,23826.25,Direct Drop,"HIV 1/2, Determine Complete HIV Kit, 100 Tests",312.5,2128,189392.0,PMO - US,Inverness Japan,"HIV 1/2, Determine Complete HIV Kit",89.0,3/30/11,SCMS-103110,FPQ-7193,2/16/11,HRDT,133-NG-T30,07-Jul-11,Air,HIV test,100,0.89,"Orgenics, Ltd",EXW,1022
84216,DN-2989,Generic,Zimbabwe,11-Feb-13,11-Feb-13,300/300mg,Tablet - FDC,Yes,47389.63,From RDC,"Lamivudine/Tenofovir Disoproxil Fumarate 300/300mg, tablets, 30 Tabs",1495.73,221799,1066853.19,PMO - US,Hetero Unit III Hyderabad IN,Lamivudine/Tenofovir Disoproxil Fumarate,4.81,N/A - From RDC,SO-43220,FPQ-10632,09-11-12,ARV,113-ZW-T30,11-Feb-13,Truck,Adult,30,0.16,SCMS from RDC,N/A - From RDC,58270
84151,DN-2581,Generic,South Sudan,08-Mar-12,08-Mar-12,200mg,Tablet,No,See DN-2581 (ID#:82457),From RDC,"Nevirapine 200mg, tablets, 60 Tabs",0.72,200,516.0,PMO - US,"Strides, Bangalore, India.",Nevirapine,2.58,N/A - From RDC,SO-41080,FPQ-8624,11-04-11,ARV,900-SS-T30,21-Mar-12,Air,Adult,60,0.04,SCMS from RDC,N/A - From RDC,See DN-2581 (ID#:82457)
85828,DN-2536,Generic,Tanzania,12-Mar-12,12-Mar-12,10mg/ml,Oral suspension,Yes,Invoiced Separately,From RDC,"Nevirapine 10mg/ml, oral suspension w/syringe, Bottle, 240 ml",104.74,32554,63480.3,PMO - US,"Aurobindo Unit III, India",Nevirapine,1.95,N/A - From RDC,SO-40520,FPQ-8303,8/22/11,ARV,109-TZ-T30,30-Mar-12,Truck,Pediatric,240,0.01,SCMS from RDC,N/A - From RDC,Weight Captured Separately
83501,DN-2198,Generic,Zambia,20-May-11,20-May-11,200mg,Tablet,Yes,3402.23,From RDC,"Nevirapine 200mg, tablets, 60 Tabs",97.41,18000,45180.0,PMO - US,"Strides, Bangalore, India.",Nevirapine,2.51,N/A - From RDC,SO-39420,FPQ-6482,10/15/10,ARV,110-ZM-T30,30-Apr-11,Truck,Adult,60,0.04,SCMS from RDC,N/A - From RDC,1032
84624,DN-2128,Generic,Zimbabwe,18-Mar-11,18-Mar-11,200mg,Tablet,Yes,7765.17,From RDC,"Nevirapine 200mg, tablets, 60 Tabs",49.1,9073,22773.23,PMO - US,Hetero Unit III Hyderabad IN,Nevirapine,2.51,N/A - From RDC,SO-38830,FPQ-6470,10/13/10,ARV,113-ZW-T30,31-Mar-11,Truck,Adult,60,0.04,SCMS from RDC,N/A - From RDC,2102
8186,ASN-1251,Epivir,South Africa,29-Jan-08,29-Jan-08,150mg,Tablet,No,Freight Included in Commodity Cost,Direct Drop,"Lamivudine 150mg [Epivir], tablets, 60 Tabs",15.36,1500,9600.0,PMO - US,GSK Cape Town Factory (South Africa),Lamivudine,6.4,11-12-07,SCMS-14050,Pre-PQ Process,Pre-PQ Process,ARV,116-ZA-T01,29-Jan-08,MIssing,Adult,60,0.11,"JSI R&T INSTITUTE, INC.",DDP,Weight Captured Separately
54461,ASN-14125,Generic,Rwanda,30-Mar-12,30-Mar-12,250mg,Delayed-release capsules,No,See ASN-14125 (ID#:22658),Direct Drop,"Didanosine 250mg, delayed-release capsules, 30 Caps",16.17,754,9802.0,PMO - US,"Aurobindo Unit III, India",Didanosine,13.0,11-09-11,SCMS-126490,FPQ-8365,10/26/11,ARV,107-RW-T30,30-Mar-12,Air,Adult,30,0.43,Aurobindo Pharma Limited,EXW,See ASN-14125 (ID#:22658)
85962,DN-3132,Generic,Zimbabwe,29-Apr-13,29-Apr-13,200mg,Tablet,No,See DN-3132 (ID#:83681),From RDC,"Nevirapine 200mg, tablets, 60 Tabs",367.68,131520,297235.2,PMO - US,"Cipla, Goa, India",Nevirapine,2.26,N/A - From RDC,SO-43720,FPQ-11002,11/16/12,ARV,113-ZW-T30,30-May-13,Truck,Adult,60,0.04,SCMS from RDC,N/A - From RDC,See DN-3132 (ID#:83681)
84299,DN-3371,Generic,CÃte dIvoire,22-Oct-13,19-Nov-13,150/300/200mg,Tablet - FDC,No,See DN-3371 (ID#:83174),From RDC,"Lamivudine/Nevirapine/Zidovudine 150/200/300mg, tablets, 60 Tabs",146.11,14300,118118.0,PMO - US,"Cipla, Goa, India",Lamivudine/Nevirapine/Zidovudine,8.26,N/A - From RDC,SO-44210,FPQ-11253,12/14/12,ARV,104-CI-T30,31-Oct-13,Truck,Adult,60,0.14,SCMS from RDC,N/A - From RDC,See DN-3371 (ID#:83174)
11538,DN-663,Generic,Tanzania,23-Apr-08,23-Apr-08,300mg,Tablet,No,See DN-663 (ID#:10960),From RDC,"Abacavir 300mg, tablets, 60 Tabs",252.4,5730,157746.9,PMO - US,"Aurobindo Unit III, India",Abacavir,27.53,N/A - From RDC,SO-1695,Pre-PQ Process,Pre-PQ Process,ARV,109-TZ-T01,22-Apr-08,MIssing,Adult,60,0.46,SCMS from RDC,N/A - From RDC,See DN-663 (ID#:10960)
86676,DN-3644,Generic,Mozambique,03-Jun-14,11-Jun-14,300mg,Tablet,Yes,3590,From RDC,"Abacavir 300mg, tablets, 60 Tabs",5.63,405,4548.15,PMO - US,Mylan (formerly Matrix) Nashik,Abacavir,11.23,N/A - From RDC,SO-48180,FPQ-12416,6/28/13,ARV,111-MZ-T30,02-Jun-14,Truck,Adult,60,0.19,SCMS from RDC,N/A - From RDC,39
86730,DN-3944,Generic,Mozambique,28-Oct-14,13-Nov-14,300mg,Tablet,No,See DN-3944 (ID#:82733),From RDC,"Tenofovir Disoproxil Fumarate 300mg, tablets, 30 Tabs",0.85,220,831.6,PMO - US,Hetero Unit III Hyderabad IN,Tenofovir Disoproxil Fumarate,3.78,N/A - From RDC,SO-48884,FPQ-14226,05-02-14,ARV,111-MZ-T30,31-Dec-14,Truck,Adult,30,0.13,SCMS from RDC,N/A - From RDC,See DN-3944 (ID#:82733)
12355,DN-177,Generic,Zambia,15-Jun-07,15-Jun-07,20mg/ml,Oral solution,Yes,650.12,From RDC,"Abacavir 20mg/ml, oral solution, Bottle, 240 ml",MIssing,192,4128.0,PMO - US,"Aurobindo Unit III, India",Abacavir,21.5,N/A - From RDC,SO-637,Pre-PQ Process,Pre-PQ Process,ARV,110-ZM-T01,15-Jun-07,Air,Pediatric,240,0.09,SCMS from RDC,N/A - From RDC,70
85409,DN-3362,Generic,Zambia,29-Nov-13,12-Dec-13,200mg,Tablet,Yes,13300.01,From RDC,"Nevirapine 200mg, tablets, 60 Tabs",223.65,80000,180800.0,PMO - US,"Micro labs, Verna, Goa, India",Nevirapine,2.26,N/A - From RDC,SO-45092,FPQ-12066,4/19/13,ARV,110-ZM-T30,29-Nov-13,Truck,Adult,60,0.04,SCMS from RDC,N/A - From RDC,6502
2685,ASN-123,Generic,Zambia,20-Dec-06,20-Dec-06,600mg,Tablet,Yes,49824.57,Direct Drop,"Efavirenz 600mg, tablets, 30 Tabs",MIssing,60784,1018132.0,PMO - US,"Aurobindo Unit III, India",Efavirenz,16.75,Date Not Captured,SCMS-163,Pre-PQ Process,Pre-PQ Process,ARV,110-ZM-T01,20-Dec-06,Air,Adult,30,0.56,Aurobindo Pharma Limited,EXW,11179
32729,ASN-23138,Norvir,Vietnam,06-Jan-14,06-Jan-14,100mg,Tablet,Yes,3549.7,Direct Drop,"Ritonavir 100mg [Norvir], film coated tablets, 30 Tabs",2.33,81,1884.06,PMO - US,ABBVIE Ludwigshafen Germany,Ritonavir,23.26,7/30/13,SCMS-199700,FPQ-12539,07-11-13,ARV,108-VN-T30,06-Jan-14,Air,Adult,30,0.78,ABBVIE LOGISTICS (FORMERLY ABBOTT LOGISTICS BV),FCA,6
11908,DN-859,Generic,Haiti,07-Aug-08,07-Aug-08,10mg/ml,Oral solution,No,See DN-859 (ID#:11907),From RDC,"Zidovudine 10mg/ml, oral solution, Bottle, 240 ml",5.91,1760,3696.0,PMO - US,"Aurobindo Unit III, India",Zidovudine,2.1,N/A - From RDC,SO-12150,Pre-PQ Process,Pre-PQ Process,ARV,106-HT-T01,07-Aug-08,Air,Pediatric,240,0.01,SCMS from RDC,N/A - From RDC,See DN-859 (ID#:11907)
83877,DN-4096,Generic,Mozambique,13-Mar-15,17-Mar-15,600/300/300mg,Tablet - FDC,No,See DN-4096 (ID#:83304),From RDC,"Efavirenz/Lamivudine/Tenofovir Disoproxil Fumarate 600/300/300mg, tablets, 30 Tabs",3812.65,380000,3708800.0,PMO - US,Cipla Ltd A-42 MIDC Mahar. IN,Efavirenz/Lamivudine/Tenofovir Disoproxil Fumarate,9.76,N/A - From RDC,SO-49710,FPQ-14843,8/21/14,ARV,111-MZ-T30,28-Feb-15,Truck,Adult,30,0.33,SCMS from RDC,N/A - From RDC,See DN-4096 (ID#:83304)
71439,ASN-9007,Generic,South Africa,15-Dec-10,15-Dec-10,150mg,Tablet,Yes,12225.76,Direct Drop,"Lamivudine 150mg, tablets, 60 Tabs",878.19,164908,407322.76,PMO - US,"Strides, Bangalore, India.",Lamivudine,2.47,9/21/10,SCMS-84250,FPQ-6262,8/31/10,ARV,161-ZA-T30,15-Dec-10,Ocean,Adult,60,0.04,STRIDES ARCOLAB LIMITED,DDP,8048
83774,DN-3585,Generic,Guyana,03-Apr-14,06-Jun-14,150mg,Tablet,No,See DN-3585 (ID#:83223),From RDC,"Lamivudine 150mg, tablets, 60 Tabs",0.38,188,374.12,PMO - US,"Aurobindo Unit III, India",Lamivudine,1.99,N/A - From RDC,SO-46800,FPQ-13071,10-09-13,ARV,105-GY-T30,31-Mar-14,Air,Adult,60,0.03,SCMS from RDC,N/A - From RDC,See DN-3585 (ID#:83223)
35900,ASN-15643,Determine,Swaziland,09-Aug-12,09-Aug-12,MIssing,Test kit,Yes,1626.1,Direct Drop,"HIV 1/2, Determine Complete HIV Kit, 100 Tests",15.14,135,10800.0,PMO - US,"Alere Medical Co., Ltd.","HIV 1/2, Determine Complete HIV Kit",80.0,6/21/12,SCMS-147790,FPQ-9926,5/18/12,HRDT,102-SZ-T30,09-Aug-12,Air,HIV test,100,0.8,"Orgenics, Ltd",EXW,69
81121,ASN-29261,Generic,CÃte dIvoire,01-Dec-14,01-Dec-14,300/100mg,Tablet,Yes,2782.77,Direct Drop,"Atazanavir/Ritonavir 300/100mg, tablets, 30 Tabs",20.56,1000,20000.0,PMO - US,Mylan (formerly Matrix) Nashik,Atazanavir/Ritonavir,20.0,7/31/14,SCMS-250210,FPQ-14372,06-03-14,ARV,104-CI-T30,01-Dec-14,Air,Adult,30,0.67,MYLAN LABORATORIES LTD (FORMERLY MATRIX LABORATORIES),EXW,140
2562,ASN-4046,Genie,CÃte dIvoire,09-Jun-09,09-Jun-09,MIssing,Test kit,Yes,4318.21,Direct Drop,"#108853** HIV, Genie II HIV-1/HIV-2 Kit, 40 Tests",30.18,140,15400.0,PMO - US,Bio-Rad Laboratories,"HIV, Genie II HIV-1/HIV-2 Kit",110.0,4/29/09,SCMS-45110,Pre-PQ Process,Pre-PQ Process,HRDT,104-CI-T01,09-Jun-09,Air,HIV test,40,2.75,BIO-RAD LABORATORIES (FRANCE),EXW,158
10613,DN-332,Generic,Ethiopia,04-Sep-07,04-Sep-07,10mg/ml,Oral solution,Yes,88801,From RDC,"Zidovudine 10mg/ml, oral solution, Bottle, 240 ml",47.64,13850,29777.5,PMO - US,"Aurobindo Unit III, India",Zidovudine,2.15,N/A - From RDC,SO-914,Pre-PQ Process,Pre-PQ Process,ARV,117-ET-T01,04-Sep-07,MIssing,Pediatric,240,0.01,SCMS from RDC,N/A - From RDC,35216
10884,DN-350,Aluvia,CÃte dIvoire,17-Sep-07,17-Sep-07,200/50mg,Tablet,Yes,2717,From RDC,"Lopinavir/Ritonavir 200/50mg [Aluvia], tablets, 120 Tabs",210.43,3200,131520.0,PMO - US,ABBVIE Ludwigshafen Germany,Lopinavir/Ritonavir,41.1,N/A - From RDC,SO-956,Pre-PQ Process,Pre-PQ Process,ARV,104-CI-T01,17-Sep-07,MIssing,Adult,120,0.34,SCMS from RDC,N/A - From RDC,749
83713,DN-3304,Generic,Tanzania,09-Sep-13,09-Sep-13,300mg,Tablet,Yes,1883,From RDC,"Abacavir 300mg, tablets, 60 Tabs",39.52,2788,31950.48,PMO - US,"Aurobindo Unit III, India",Abacavir,11.46,N/A - From RDC,SO-45991,FPQ-12587,07-04-13,ARV,109-TZ-T30,20-Nov-13,Truck,Adult,60,0.19,SCMS from RDC,N/A - From RDC,285
10904,DN-426,Generic,Mozambique,29-Nov-07,29-Nov-07,1mg/ml,Oral solution,No,See DN-426 (ID#:10633),From RDC,"Stavudine 1mg/ml, powder for oral solution, 200 ml",1.12,500,700.0,PMO - US,"Aurobindo Unit III, India",Stavudine,1.4,N/A - From RDC,SO-1038,Pre-PQ Process,Pre-PQ Process,ARV,111-MZ-T01,29-Nov-07,Air,Pediatric,200,0.01,SCMS from RDC,N/A - From RDC,See DN-426 (ID#:10633)
85656,DN-1657,Generic,Zimbabwe,12-Mar-10,12-Mar-10,600mg,Tablet,No,See DN-1657 (ID#:83980),From RDC,"Efavirenz 600mg, tablets, 30 Tabs",40.22,4000,20520.0,PMO - US,"Aurobindo Unit III, India",Efavirenz,5.13,N/A - From RDC,SO-27210,FPQ-4472,3/17/09,ARV,113-ZW-T30,31-Mar-10,Truck,Adult,30,0.17,SCMS from RDC,N/A - From RDC,See DN-1657 (ID#:83980)
83563,DN-2511,Generic,"Congo, DRC",14-Mar-12,14-Mar-12,10mg/ml,Oral suspension,Yes,3438.2,From RDC,"Nevirapine 10mg/ml, oral suspension w/syringe, Bottle, 240 ml",2.98,1090,2125.5,PMO - US,"Aurobindo Unit III, India",Nevirapine,1.95,N/A - From RDC,SO-41147,FPQ-8840,11/21/11,ARV,101-CD-T30,16-Mar-12,Air,Pediatric,240,0.01,SCMS from RDC,N/A - From RDC,512
56029,ASN-25924,Colloidal Gold,Rwanda,16-Jun-14,17-Jun-14,MIssing,Test kit,Yes,37130.88,Direct Drop,"HIV 1/2, SKB Colloidal Gold, Diagnostic Kit, Antibody, 50 Tests",106.54,4230,103635.0,PMO - US,"KHB Test Kit Facility, Shanghai China","HIV 1/2, Colloidal Gold, Diagnostic Kit, Antibody",24.5,04-03-14,SCMS-232310,FPQ-13874,03-12-14,HRDT,107-RW-T30,28-Apr-14,Air,HIV test,1,24.5,"SHANGHAI KEHUA BIOENGINEERING CO.,LTD.  (KHB)",EXW,2820
11073,DN-1487,Generic,Lebanon,18-Nov-09,18-Nov-09,300mg,Tablet,Yes,Invoiced Separately,From RDC,"Abacavir 300mg, tablets, 60 Tabs",0,100,1.0,PMO - US,Mylan (formerly Matrix) Nashik,Abacavir,0.01,N/A - From RDC,SO-33900,Pre-PQ Process,Date Not Captured,ARV,100-LB-T01,18-Nov-09,Air,Adult,60,0.0,SCMS from RDC,N/A - From RDC,Weight Captured Separately
82291,DN-1628,Generic,Mozambique,14-Apr-10,14-Apr-10,600mg,Tablet,Yes,3423.25,From RDC,"Efavirenz 600mg, tablets, 30 Tabs",113.29,10000,57800.0,PMO - US,"Aurobindo Unit III, India",Efavirenz,5.78,N/A - From RDC,SO-33590,FPQ-4471,9/14/09,ARV,111-MZ-T30,14-Apr-10,Air,Adult,30,0.19,SCMS from RDC,N/A - From RDC,2156
84511,DN-1545,Generic,CÃte dIvoire,02-Dec-09,02-Dec-09,100mg,Capsule,Yes,1211.49,From RDC,"Zidovudine 100mg, capsules, 100 Caps",2.78,284,1420.0,PMO - US,"Aurobindo Unit III, India",Zidovudine,5.0,N/A - From RDC,SO-34411,FPQ-4378,10/15/09,ARV,104-CI-T30,04-Dec-09,Air,Pediatric,100,0.05,SCMS from RDC,N/A - From RDC,22
11656,DN-1289,Generic,Zimbabwe,22-Jun-09,22-Jun-09,150/30mg,Tablet - FDC,No,See DN-1289 (ID#:11332),From RDC,"Lamivudine/Stavudine 150/30mg, tablets, 60 Tabs",31.36,4000,16000.0,PMO - US,"Cipla, Goa, India",Lamivudine/Stavudine,4.0,N/A - From RDC,SO-21010,Pre-PQ Process,Pre-PQ Process,ARV,113-ZW-T01,22-Jun-09,Truck,Adult,60,0.07,SCMS from RDC,N/A - From RDC,See DN-1289 (ID#:11332)
3490,ASN-3553,Zerit,South Africa,09-Oct-08,09-Oct-08,30mg,Capsule,No,Freight Included in Commodity Cost,Direct Drop,"Stavudine 30mg [Zerit], capsules, 60 Caps",11.31,1200,5772.0,PMO - US,"BMS Meymac, France",Stavudine,4.81,Date Not Captured,SCMS-33320,Pre-PQ Process,Pre-PQ Process,ARV,116-ZA-T01,17-May-09,Truck,Adult,60,0.08,S. BUYS WHOLESALER,DDP,Weight Captured Separately
9836,ASN-2390,Generic,Rwanda,23-Sep-08,23-Sep-08,600mg,Tablet,Yes,87692.85,Direct Drop,"Efavirenz 600mg, tablets, 30 Tabs",1490.52,83400,931578.0,PMO - US,Hetero Unit III Hyderabad IN,Efavirenz,11.17,08-06-08,SCMS-25910,Pre-PQ Process,Pre-PQ Process,ARV,107-RW-T01,23-Sep-08,Air,Adult,30,0.37,HETERO LABS LIMITED,CIP,6701
4647,ASN-2839,Colloidal Gold,Ethiopia,17-Nov-08,17-Nov-08,MIssing,Test kit,Yes,46117.09,Direct Drop,"HIV 1/2, SKB Colloidal Gold, Diagnostic Kit, Antibody, 50 Tests",315.65,7002,161046.0,PMO - US,"KHB Test Kit Facility, Shanghai China","HIV 1/2, Colloidal Gold, Diagnostic Kit, Antibody",23.0,8/22/08,SCMS-28690,Pre-PQ Process,Pre-PQ Process,HRDT,117-ET-T01,17-Nov-08,Air,HIV test,1,23.0,"SHANGHAI KEHUA BIOENGINEERING CO.,LTD.  (KHB)",EXW,4922
11602,DN-992,Generic,Uganda,09-Jan-09,09-Jan-09,150/200/30mg,Tablet - FDC,Yes,2202.02,From RDC,"Lamivudine/Nevirapine/Stavudine 150/200/30mg, tablets, 60 Tabs",21.32,1511,10879.2,PMO - US,"Strides, Bangalore, India.",Lamivudine/Nevirapine/Stavudine,7.2,N/A - From RDC,SO-17700,Pre-PQ Process,Pre-PQ Process,ARV,114-UG-T01,09-Jan-09,Air,Adult,60,0.12,SCMS from RDC,N/A - From RDC,205
83474,DN-2073,Generic,Haiti,05-Jan-11,05-Jan-11,15mg,Capsule,No,See DN-2073 (ID#:82362),From RDC,"Stavudine 15mg, capsules, 60 Caps",0.54,168,252.0,PMO - US,"Aurobindo Unit III, India",Stavudine,1.5,N/A - From RDC,SO-37760,FPQ-6484,10/13/10,ARV,106-HT-T30,20-Dec-10,Air,Adult,60,0.02,SCMS from RDC,N/A - From RDC,See DN-2073 (ID#:82362)
74439,ASN-11757,Determine,Nigeria,25-Aug-11,25-Aug-11,MIssing,Test kit,Yes,32499.11,Direct Drop,"HIV 1/2, Determine Complete HIV Kit, 100 Tests",418.96,2853,253917.0,PMO - US,Inverness Japan,"HIV 1/2, Determine Complete HIV Kit",89.0,5/23/11,SCMS-108740,FPQ-7634,4/28/11,HRDT,133-NG-T30,31-Aug-11,Air,HIV test,100,0.89,"Orgenics, Ltd",EXW,1360
11950,DN-1020,Generic,CÃte dIvoire,05-Jan-09,05-Jan-09,150/200/30mg,Tablet - FDC,Yes,19495.73,From RDC,"Lamivudine/Nevirapine/Stavudine 150/200/30mg, tablets, 60 Tabs",272.22,19290,138888.0,PMO - US,"Cipla, Goa, India",Lamivudine/Nevirapine/Stavudine,7.2,N/A - From RDC,SO-16190,Pre-PQ Process,Pre-PQ Process,ARV,104-CI-T01,05-Jan-09,Air,Adult,60,0.12,SCMS from RDC,N/A - From RDC,2096
82392,DN-2297,Generic,Uganda,05-Aug-11,05-Aug-11,200mg,Tablet,Yes,3865.63,From RDC,"Nevirapine 200mg, tablets, 60 Tabs",1.87,451,1132.01,PMO - US,"Strides, Bangalore, India.",Nevirapine,2.51,N/A - From RDC,SO-38801,FPQ-7162,2/14/11,ARV,114-UG-T30,05-Aug-11,Truck,Adult,60,0.04,SCMS from RDC,N/A - From RDC,698
24875,ASN-27132,Generic,Vietnam,16-Aug-14,25-Aug-14,150/300/200mg,Tablet - FDC,Yes,7238.46,Direct Drop,"Lamivudine/Nevirapine/Zidovudine 150/200/300mg, tablets, 60 Tabs",232.32,27900,225990.0,PMO - US,Mylan (formerly Matrix) Nashik,Lamivudine/Nevirapine/Zidovudine,8.1,03-10-14,SCMS-226250,FPQ-13524,02-06-14,ARV,108-VN-T30,16-Aug-14,Air,Adult,60,0.13,MYLAN LABORATORIES LTD (FORMERLY MATRIX LABORATORIES),EXW,3868
11964,DN-1175,Generic,Mozambique,08-Jun-09,08-Jun-09,150/300/200mg,Tablet - FDC,Yes,6759.55,From RDC,"Lamivudine/Nevirapine/Zidovudine 150/200/300mg, tablets, 60 Tabs",249.97,10808,127534.4,PMO - US,Mylan (formerly Matrix) Nashik,Lamivudine/Nevirapine/Zidovudine,11.8,N/A - From RDC,SO-25020,Pre-PQ Process,Pre-PQ Process,ARV,111-MZ-T01,08-Jun-09,Air,Adult,60,0.2,SCMS from RDC,N/A - From RDC,1320
83184,DN-3421,Generic,Rwanda,23-Dec-13,17-Jan-14,200mg,Tablet,No,See DN-3421 (ID#:82617),From RDC,"Nevirapine 200mg, tablets, 60 Tabs",56.26,20124,45480.24,PMO - US,"Aurobindo Unit III, India",Nevirapine,2.26,N/A - From RDC,SO-45390,FPQ-12190,05-06-13,ARV,107-RW-T30,31-Jan-14,Truck,Adult,60,0.04,SCMS from RDC,N/A - From RDC,See DN-3421 (ID#:82617)
58508,ASN-14319,Generic,Vietnam,24-Apr-12,24-Apr-12,300mg,Tablet,No,See ASN-14319 (ID#:19512),Direct Drop,"Tenofovir Disoproxil Fumarate 300mg, tablets, 30 Tabs",148.41,16354,89947.0,PMO - US,Mylan (formerly Matrix) Nashik,Tenofovir Disoproxil Fumarate,5.5,10-03-11,SCMS-123530,FPQ-8428,9/21/11,ARV,108-VN-T30,24-Apr-12,Air,Adult,30,0.18,MYLAN LABORATORIES LTD (FORMERLY MATRIX LABORATORIES),EXW,See ASN-14319 (ID#:19512)
2721,ASN-465,Videx,Zambia,06-Jun-07,06-Jun-07,100mg,Chewable/dispersible tablet,Yes,Freight Included in Commodity Cost,Direct Drop,"Didanosine 100mg [Videx],chewable tablets, 60 Tabs",MIssing,5408,68952.0,PMO - US,"BMS Meymac, France",Didanosine,12.75,03-08-07,SCMS-416,Pre-PQ Process,Pre-PQ Process,ARV,110-ZM-T01,06-Jun-07,Air,Pediatric,60,0.21,BRISTOL-MYERS SQUIBB,CIP,1072
11231,DN-589,Generic,Uganda,28-Feb-08,28-Feb-08,150/300mg,Tablet - FDC,No,See DN-589 (ID#:10670),From RDC,"Lamivudine/Zidovudine 150/300mg, tablets, 60 Tabs",43.82,2883,27388.5,PMO - US,"Aurobindo Unit III, India",Lamivudine/Zidovudine,9.5,N/A - From RDC,SO-1082,Pre-PQ Process,Pre-PQ Process,ARV,114-UG-T01,28-Feb-08,MIssing,Adult,60,0.16,SCMS from RDC,N/A - From RDC,See DN-589 (ID#:10670)
11553,DN-690,Generic,Haiti,14-Apr-08,14-Apr-08,150/300mg,Tablet - FDC,No,See DN-690 (ID#:10706),From RDC,"Lamivudine/Zidovudine 150/300mg, tablets, 60 Tabs",368.1,24345,230060.25,PMO - US,"Aurobindo Unit III, India",Lamivudine/Zidovudine,9.45,N/A - From RDC,SO-2055,Pre-PQ Process,Pre-PQ Process,ARV,106-HT-T01,14-Apr-08,Air,Adult,60,0.16,SCMS from RDC,N/A - From RDC,See DN-690 (ID#:10706)
11535,DN-654,Generic,Tanzania,28-Mar-08,28-Mar-08,600mg,Tablet,Yes,14637,From RDC,"Efavirenz 600mg, tablets, 30 Tabs",993.54,49997,620962.74,PMO - US,"Aurobindo Unit III, India",Efavirenz,12.42,N/A - From RDC,SO-1942,Pre-PQ Process,Pre-PQ Process,ARV,109-TZ-T01,28-Mar-08,MIssing,Adult,30,0.41,SCMS from RDC,N/A - From RDC,4345
12635,DN-120,Viread,Zambia,16-May-07,16-May-07,300mg,Tablet,Yes,1483.3,From RDC,"Tenofovir Disoproxil Fumarate 300mg [Viread], tablets, 30 Tabs",MIssing,4165,70805.0,PMO - US,Gilead(Nycomed) Oranienburg DE,Tenofovir Disoproxil Fumarate,17.0,N/A - From RDC,SO-205,Pre-PQ Process,Pre-PQ Process,ARV,110-ZM-T01,16-May-07,MIssing,Adult,30,0.57,SCMS from RDC,N/A - From RDC,265
29140,ASN-22935,Generic,Vietnam,24-Dec-13,23-Dec-13,300mg,Tablet,Yes,459.72,Direct Drop,"Abacavir 300mg, tablets, 60 Tabs",11.41,809,9222.6,PMO - US,"Aurobindo Unit III, India",Abacavir,11.4,7/25/13,SCMS-199730,FPQ-12539,07-11-13,ARV,108-VN-T30,24-Dec-13,Air,Adult,60,0.19,Aurobindo Pharma Limited,EXW,81
13275,ASN-32259,Generic,Vietnam,13-Jul-15,14-Jul-15,600/300/300mg,Tablet - FDC,Yes,3816.3,Direct Drop,"Efavirenz/Lamivudine/Tenofovir Disoproxil Fumarate 600/300/300mg, tablets, 30 Tabs",209.04,17760,177600.0,PMO - US,Hetero Unit III Hyderabad IN,Efavirenz/Lamivudine/Tenofovir Disoproxil Fumarate,10.0,2/17/15,SCMS-274370,FPQ-15692,1/28/15,ARV,108-VN-T30,13-Jul-15,Air,Adult,30,0.33,HETERO LABS LIMITED,EXW,2516
10696,DN-799,Generic,Tanzania,09-Jul-08,09-Jul-08,300mg,Tablet,Yes,886.35,From RDC,"Abacavir 300mg, tablets, 60 Tabs",252.4,5730,157746.9,PMO - US,"Aurobindo Unit III, India",Abacavir,27.53,N/A - From RDC,SO-2704,Pre-PQ Process,Pre-PQ Process,ARV,109-TZ-T01,09-Jul-08,Air,Adult,60,0.46,SCMS from RDC,N/A - From RDC,569
78244,ASN-19166,Generic,South Africa,16-Apr-13,16-Apr-13,30mg,Capsule,No,Freight Included in Commodity Cost,Direct Drop,"Stavudine 30mg, capsules, 60 Caps",1.68,337,1357.12,South Africa Field Office,"Aurobindo Unit III, India",Stavudine,4.03,Date Not Captured,SCMS-183950,FPQ-11828,3/18/13,ARV,116-ZA-T30,16-Apr-13,Truck,Adult,60,0.07,S. BUYS WHOLESALER,DDP,Weight Captured Separately
12434,DN-389,Generic,Ethiopia,31-Oct-07,31-Oct-07,150mg,Tablet,Yes,810.86,From RDC,"Lamivudine 150mg, tablets, 60 Tabs",15.3,3145,9560.8,PMO - US,"Aurobindo Unit III, India",Lamivudine,3.04,N/A - From RDC,SO-919,Pre-PQ Process,Pre-PQ Process,ARV,117-ET-T01,31-Oct-07,MIssing,Adult,60,0.05,SCMS from RDC,N/A - From RDC,162
83122,DN-3062,Generic,Tanzania,02-Apr-13,02-Apr-13,200/300mg,Tablet - FDC,Yes,4529.5,From RDC,"Emtricitabine/Tenofovir Disoproxil Fumarate 200/300mg, tablets, 30 Tabs",127.88,15027,91213.89,PMO - US,Mylan (formerly Matrix) Nashik,Emtricitabine/Tenofovir Disoproxil Fumarate,6.07,N/A - From RDC,SO-43131,FPQ-10545,8/24/12,ARV,109-TZ-T30,31-Mar-13,Truck,Adult,30,0.2,SCMS from RDC,N/A - From RDC,1248
4283,ASN-1519,Generic,Haiti,11-Apr-08,11-Apr-08,100/25mg,Tablet,Yes,910.86,Direct Drop,"Lopinavir/Ritonavir 100/25mg [Aluvia], tablets, 60 Tabs",2.96,180,1850.4,PMO - US,ABBVIE Ludwigshafen Germany,Lopinavir/Ritonavir,10.28,2/15/08,SCMS-17670,Pre-PQ Process,Pre-PQ Process,ARV,106-HT-T01,11-Apr-08,Air,Pediatric,60,0.17,ABBVIE LOGISTICS (FORMERLY ABBOTT LOGISTICS BV),FCA,31
6440,ASN-4772,Zerit,South Africa,17-Jul-09,17-Jul-09,20mg,Capsule,Yes,Freight Included in Commodity Cost,Direct Drop,"Stavudine 20mg [Zerit], capsules, 60 Caps",0.19,24,94.8,PMO - US,"BMS Meymac, France",Stavudine,3.95,04-02-09,SCMS-42450,Pre-PQ Process,Pre-PQ Process,ARV,116-ZA-T01,15-May-09,Truck,Adult,60,0.07,S. BUYS WHOLESALER,DDP,Weight Captured Separately
62830,ASN-32540,Generic,Cameroon,16-Jun-15,18-Jun-15,300mg,Tablet,Yes,Invoiced Separately,Direct Drop,"Lamivudine 300mg, tablets, 30 Tabs",2.54,1080,2160.0,PMO - US,Hetero Unit III Hyderabad IN,Lamivudine,2.0,4/17/15,SCMS-285090,FPQ-15905,2/19/15,ARV,A01-CM-T50,16-Jun-15,Air,Adult,30,0.07,HETERO LABS LIMITED,EXW,Weight Captured Separately
85944,DN-3015,Generic,Haiti,14-Mar-13,14-Mar-13,10mg/ml,Oral solution,No,See DN-3015 (ID#:82554),From RDC,"Zidovudine 10mg/ml, oral solution w/syringe, Bottle, 240 ml",5.07,1951,4097.1,PMO - US,"Aurobindo Unit III, India",Zidovudine,2.1,N/A - From RDC,SO-44400,FPQ-11281,1/16/13,ARV,106-HT-T30,09-Apr-13,Air,Pediatric,240,0.01,SCMS from RDC,N/A - From RDC,See DN-3015 (ID#:82554)
83736,DN-3413,Generic,Zimbabwe,25-Nov-13,09-Dec-13,200mg,Tablet,No,See DN-3413 (ID#:83181),From RDC,"Nevirapine 200mg, tablets, 60 Tabs",228.6,80000,184800.0,PMO - US,"Strides, Bangalore, India.",Nevirapine,2.31,N/A - From RDC,SO-44360,FPQ-11545,1/24/13,ARV,113-ZW-T30,30-Nov-13,Truck,Adult,60,0.04,SCMS from RDC,N/A - From RDC,See DN-3413 (ID#:83181)
83413,DN-1756,Generic,Uganda,25-Mar-10,25-Mar-10,150/300/200mg,Tablet - FDC,Yes,2961,From RDC,"Lamivudine/Nevirapine/Zidovudine 150/200/300mg, tablets, 60 Tabs",217.71,9000,100980.0,PMO - US,"Aurobindo Unit III, India",Lamivudine/Nevirapine/Zidovudine,11.22,N/A - From RDC,SO-35960,FPQ-5014,1/29/10,ARV,114-UG-T30,01-Apr-10,Truck,Adult,60,0.19,SCMS from RDC,N/A - From RDC,1055
43136,ASN-5662,Determine,Kenya,18-Jan-10,18-Jan-10,MIssing,Test kit,Yes,9014.8,Direct Drop,"HIV 1/2, Determine Complete HIV Kit, 100 Tests",470.4,3000,240000.0,PMO - US,Inverness Japan,"HIV 1/2, Determine Complete HIV Kit",80.0,10/23/09,SCMS-55902,FPQ-4250,9/16/09,HRDT,102-KE-T30,18-Jan-10,Air,HIV test,100,0.8,"Orgenics, Ltd",EXW,907
31750,ASN-28019,Prezista,Uganda,12-Sep-14,12-Sep-14,300mg,Tablet,Yes,321.94,Direct Drop,"Darunavir 300mg [Prezista], tablets, 120 Tabs",55.25,807,53746.2,PMO - US,"Aspen-OSD, Port Elizabeth, SA",Darunavir,66.6,07-09-14,SCMS-244380,FPQ-14325,5/26/14,ARV,114-UG-T30,12-Sep-14,Air,Adult,120,0.55,ASPEN PHARMACARE,CIP,119
3989,ASN-362,Capillus,Haiti,08-May-07,08-May-07,MIssing,Test kit,Yes,4702.79,Direct Drop,"HIV 1/2, Capillus HIV Kit, 100 Tests",MIssing,125,17375.0,PMO - US,"Trinity Biotech, Plc","HIV 1/2, Capillus HIV Kit",139.0,04-04-07,SCMS-540,Pre-PQ Process,Pre-PQ Process,HRDT,100-HT-T01,08-May-07,Air,HIV test,100,1.39,"Trinity Biotech, Plc",EXW,78
76813,ASN-5572,Generic,Haiti,21-Dec-09,21-Dec-09,100/25mg,Tablet,Yes,928.11,Direct Drop,"Lopinavir/Ritonavir 100/25mg [Aluvia], tablets, 60 Tabs",0.8,45,406.8,PMO - US,ABBVIE Ludwigshafen Germany,Lopinavir/Ritonavir,9.04,11-06-09,SCMS-56140,FPQ-4337,10/13/09,ARV,106-HT-T30,21-Dec-09,Air,Pediatric,60,0.15,ABBVIE LOGISTICS (FORMERLY ABBOTT LOGISTICS BV),FCA,13
83010,DN-2518,Generic,Mozambique,08-Mar-12,08-Mar-12,150/300/200mg,Tablet - FDC,No,See DN-2518 (ID#:83009),From RDC,"Lamivudine/Nevirapine/Zidovudine 150/200/300mg, tablets, 60 Tabs",1851.3,100000,1122000.0,PMO - US,"Cipla, Goa, India",Lamivudine/Nevirapine/Zidovudine,11.22,N/A - From RDC,SO-40360,FPQ-8157,08-04-11,ARV,111-MZ-T30,30-Mar-12,Truck,Adult,60,0.19,SCMS from RDC,N/A - From RDC,See DN-2518 (ID#:83009)
41032,ASN-28627,Generic,South Africa,03-Oct-14,03-Oct-14,600mg,Tablet,No,Freight Included in Commodity Cost,Direct Drop,"Efavirenz 600mg, tablets, 30 Tabs",0.82,51,795.4,PMO - US,"Aurobindo Unit III, India",Efavirenz,15.6,10-03-14,SCMS-238554,FPQ-13973,4/30/14,ARV,116-ZA-T30,03-Oct-14,Truck,Adult,30,0.52,PHARMACY DIRECT,DDP,Weight Captured Separately
3763,ASN-4360,Retrovir,South Africa,20-Apr-09,20-Apr-09,10mg/ml,Injection,Yes,Freight Included in Commodity Cost,Direct Drop,"Zidovudine 10mg/ml [Retrovir], solution for IV infusion injection, Vial 5 x 20 ml",8.94,334,4559.1,PMO - US,GSK Ware (UK),Zidovudine,13.65,3/18/09,SCMS-41461,Pre-PQ Process,Pre-PQ Process,ARV,116-ZA-T01,25-Jun-09,Air,Pediatric,5,2.73,S. BUYS WHOLESALER,DDP,Weight Captured Separately
41723,ASN-25625,Generic,Uganda,25-Apr-14,28-Apr-14,100/25mg,Tablet,Yes,1105.6,Direct Drop,"Lopinavir/Ritonavir 100/25mg [Aluvia], tablets, 60 Tabs",6.11,1000,5940.0,PMO - US,ABBVIE Ludwigshafen Germany,Lopinavir/Ritonavir,5.94,3/21/14,SCMS-231520,FPQ-13696,2/19/14,ARV,114-UG-T30,25-Apr-14,Air,Pediatric,60,0.1,ABBVIE LOGISTICS (FORMERLY ABBOTT LOGISTICS BV),FCA,116
23787,ASN-5951,Uni-Gold,Botswana,03-Mar-10,03-Mar-10,MIssing,Test kit,Yes,603.53,Direct Drop,"HIV 1/2, Uni-Gold HIV Kit, 20 Tests",0.31,5,160.0,PMO - US,"Trinity Biotech, Plc","HIV 1/2, Uni-Gold HIV Kit",32.0,9/30/09,SCMS-54110,FPQ-4167,09-09-09,HRDT,144-BW-T30,03-Mar-10,Air,HIV test,20,1.6,"Trinity Biotech, Plc",EXW,3
11203,DN-445,Generic,Haiti,22-Jan-08,22-Jan-08,50mg,Capsule,No,See DN-445 (ID#:10640),From RDC,"Efavirenz 50mg, capsule, 30 Caps",0.36,100,224.0,PMO - US,"Aurobindo Unit III, India",Efavirenz,2.24,N/A - From RDC,SO-1288,Pre-PQ Process,Pre-PQ Process,ARV,106-HT-T01,22-Jan-08,Air,Pediatric,30,0.07,SCMS from RDC,N/A - From RDC,See DN-445 (ID#:10640)
1802,ASN-2296,Epivir,South Africa,21-May-08,21-May-08,150mg,Tablet,Yes,Freight Included in Commodity Cost,Direct Drop,"Lamivudine 150mg [Epivir], tablets, 60 Tabs",17.7,2000,11060.0,PMO - US,GSK Cape Town Factory (South Africa),Lamivudine,5.53,Date Not Captured,SCMS-23500,Pre-PQ Process,Pre-PQ Process,ARV,116-ZA-T01,20-Aug-08,Truck,Adult,60,0.09,S. BUYS WHOLESALER,DDP,Weight Captured Separately
39182,ASN-11439,Generic,South Africa,04-Oct-11,04-Oct-11,600mg,Tablet,Yes,14439.17,Direct Drop,"Efavirenz 600mg, tablets, 30 Tabs",1421.41,191011,861459.61,PMO - US,"Aurobindo Unit III, India",Efavirenz,4.51,3/24/11,SCMS-103440,FPQ-7175,03-10-11,ARV,161-ZA-T30,04-Oct-11,Ocean,Adult,30,0.15,Aurobindo Pharma Limited,DDP,16234
44567,ASN-15894,Generic,Rwanda,09-Sep-12,09-Sep-12,200mg,Tablet,Yes,43237.33,Direct Drop,"Nevirapine 200mg, tablets, 60 Tabs",182.84,57961,130412.25,PMO - US,"Aurobindo Unit III, India",Nevirapine,2.25,7/16/12,SCMS-152910,FPQ-10223,07-05-12,ARV,107-RW-T30,09-Sep-12,Air,Adult,60,0.04,Aurobindo Pharma Limited,EXW,5525
10658,DN-535,Generic,Nigeria,09-Jan-08,09-Jan-08,150/300mg,Tablet - FDC,Yes,2230,From RDC,"Lamivudine/Zidovudine 150/300mg, tablets, 60 Tabs",5.58,367,3486.5,PMO - US,"Aurobindo Unit III, India",Lamivudine/Zidovudine,9.5,N/A - From RDC,SO-1570,Pre-PQ Process,Pre-PQ Process,ARV,112-NG-T01,09-Jan-08,Air,Adult,60,0.16,SCMS from RDC,N/A - From RDC,447
11579,DN-911,Truvada,Nigeria,12-Sep-08,12-Sep-08,300/200mg,Tablet - FDC,Yes,747.5,From RDC,"Emtricitabine/Tenofovir Disoproxil Fumarate 200/300mg [Truvada], tablets, 30 Tabs",3.19,76,1995.0,PMO - US,"Aspen-OSD, Port Elizabeth, SA",Emtricitabine/Tenofovir Disoproxil Fumarate,26.25,N/A - From RDC,SO-12780,Pre-PQ Process,Pre-PQ Process,ARV,112-NG-T01,12-Sep-08,Air,Adult,30,0.88,SCMS from RDC,N/A - From RDC,7
64615,ASN-27379,Norvir,Uganda,26-Aug-14,26-Aug-14,100mg,Tablet,Yes,1393.29,Direct Drop,"Ritonavir 100mg [Norvir], film coated tablets, 60 Tabs",4.08,579,3966.15,PMO - US,ABBVIE Ludwigshafen Germany,Ritonavir,6.85,02-04-14,SCMS-225720,FPQ-13600,1/28/14,ARV,114-UG-T30,26-Aug-14,Air,Adult,60,0.11,ABBVIE LOGISTICS (FORMERLY ABBOTT LOGISTICS BV),FCA,103
10788,DN-1382,Generic,Zambia,17-Aug-09,17-Aug-09,150/300mg,Tablet - FDC,Yes,13518.56,From RDC,"Lamivudine/Zidovudine 150/300mg, tablets, 60 Tabs",1854.32,108000,946080.0,PMO - US,"Aurobindo Unit III, India",Lamivudine/Zidovudine,8.76,N/A - From RDC,SO-32550,Pre-PQ Process,Date Not Captured,ARV,110-ZM-T01,17-Aug-09,Truck,Adult,60,0.15,SCMS from RDC,N/A - From RDC,10865
10688,DN-733,Generic,Haiti,26-May-08,26-May-08,200mg,Tablet,Yes,35933.8,From RDC,"Nevirapine 200mg, tablets, 60 Tabs",63.97,11760,39984.0,PMO - US,"Aurobindo Unit III, India",Nevirapine,3.4,N/A - From RDC,SO-2059,Pre-PQ Process,Pre-PQ Process,ARV,106-HT-T01,26-May-08,Air,Adult,60,0.06,SCMS from RDC,N/A - From RDC,3820
84291,DN-3345,Generic,Rwanda,15-Oct-13,29-Oct-13,10mg/ml,Oral solution,Yes,4390.98,From RDC,"Lamivudine 10mg/ml, oral solution w/syringe, Bottle, 240 ml",9.86,5495,7967.75,PMO - US,"Aurobindo Unit III, India",Lamivudine,1.45,N/A - From RDC,SO-45360,FPQ-12190,05-06-13,ARV,107-RW-T30,15-Oct-13,Truck,Pediatric,240,0.01,SCMS from RDC,N/A - From RDC,1960
1140,ASN-4437,Determine,Nigeria,18-Aug-09,18-Aug-09,MIssing,Test kit,Yes,24514.33,Direct Drop,"HIV 1/2, Determine Complete HIV Kit, 100 Tests",1002.74,6395,511600.0,PMO - US,Inverness Japan,"HIV 1/2, Determine Complete HIV Kit",80.0,04-09-09,SCMS-43330,Pre-PQ Process,Pre-PQ Process,HRDT,133-NG-T01,18-Aug-09,Air,HIV test,100,0.8,"Orgenics, Ltd",EXW,1915
47759,ASN-5131,Generic,Vietnam,26-Oct-09,26-Oct-09,150/300mg,Tablet - FDC,No,See ASN-5131 (ID#:25886),Direct Drop,"Lamivudine/Zidovudine 150/300mg, tablets, 60 Tabs",100.65,5964,51350.04,PMO - US,"Aurobindo Unit III, India",Lamivudine/Zidovudine,8.61,6/26/09,SCMS-48270,FPQ-3896,6/25/09,ARV,108-VN-T30,26-Oct-09,Air,Adult,60,0.14,Aurobindo Pharma Limited,EXW,See ASN-5131 (ID#:25886)
10734,DN-890,Generic,Tanzania,15-Sep-08,15-Sep-08,600mg,Tablet,Yes,1188.97,From RDC,"Efavirenz 600mg, tablets, 30 Tabs",96.08,5000,60050.0,PMO - US,Mylan (formerly Matrix) Nashik,Efavirenz,12.01,N/A - From RDC,SO-11821,Pre-PQ Process,Pre-PQ Process,ARV,109-TZ-T01,15-Sep-08,Air,Adult,30,0.4,SCMS from RDC,N/A - From RDC,379
84721,DN-2640,Generic,Libya,08-May-12,08-May-12,300mg,Tablet,No,See DN-2640 (ID#:83589),From RDC,"Tenofovir Disoproxil Fumarate 300mg, tablets, 30 Tabs",1.16,150,825.0,PMO - US,Mylan (formerly Matrix) Nashik,Tenofovir Disoproxil Fumarate,5.5,N/A - From RDC,SO-41890,FPQ-9665,04-04-12,ARV,102-LY-T30,06-Jun-12,Air,Adult,30,0.18,SCMS from RDC,N/A - From RDC,See DN-2640 (ID#:83589)
85875,DN-2738,Generic,Mozambique,22-Aug-12,22-Aug-12,300mg,Tablet,Yes,6483.81,From RDC,"Zidovudine 300mg, tablets, 60 Tabs",423.4,43020,302000.4,PMO - US,Mylan (formerly Matrix) Nashik,Zidovudine,7.02,N/A - From RDC,SO-41770,FPQ-9506,3/16/12,ARV,111-MZ-T30,04-Sep-12,Truck,Adult,60,0.12,SCMS from RDC,N/A - From RDC,22479
39065,ASN-28021,Generic,South Africa,28-Aug-14,28-Aug-14,200mg,Tablet,No,Freight Included in Commodity Cost,Direct Drop,"Nevirapine 200mg, tablets, 60 Tabs",0.49,27,479.17,PMO - US,"Aurobindo Unit III, India",Nevirapine,17.75,8/28/14,SCMS-238553,FPQ-13973,4/30/14,ARV,116-ZA-T30,28-Aug-14,Truck,Adult,60,0.3,PHARMACY DIRECT,DDP,Weight Captured Separately
82497,DN-2775,Generic,Nigeria,24-Jul-12,24-Jul-12,150mg,Tablet,Yes,16532.5,From RDC,"Lamivudine 150mg, tablets, 60 Tabs",32.73,10020,23346.6,PMO - US,Hetero Unit III Hyderabad IN,Lamivudine,2.33,N/A - From RDC,SO-42807,FPQ-9432,03-01-12,ARV,151-NG-T30,02-Aug-12,Air Charter,Adult,60,0.04,SCMS from RDC,N/A - From RDC,645
80086,ASN-21529,Generic,Cameroon,26-Sep-13,26-Sep-13,150/300mg,Tablet - FDC,Yes,7032.5,Direct Drop,"Lamivudine/Zidovudine 150/300mg, tablets, 60 Tabs",64.02,7854,51757.86,PMO - US,"Cipla, Goa, India",Lamivudine/Zidovudine,6.59,8/23/13,SCMS-204360,FPQ-12837,8/19/13,ARV,901-CM-T30,26-Sep-13,Air,Adult,60,0.11,CIPLA LIMITED,EXW,803
35717,ASN-31739,Reyataz,Rwanda,08-May-15,11-May-15,200mg,Capsule,Yes,802.85,Direct Drop,"Atazanavir 200mg [Reyataz], capsules, 60 Caps",22.28,466,18928.92,PMO - US,Bristol-Myers Squibb Anagni IT,Atazanavir,40.62,2/23/15,SCMS-276390,FPQ-15650,1/15/15,ARV,107-RW-T30,08-May-15,Air,Pediatric,60,0.68,SWORDS LABORATORIES,FCA,69
78368,ASN-5052,Kaletra,South Africa,11-Aug-09,11-Aug-09,80/20mg/ml,Oral solution,Yes,Freight Included in Commodity Cost,Direct Drop,"Lopinavir/Ritonavir 80/20mg/ml [Kaletra], oral solution, cool, Bottle 5 x 60 ml",115.11,1250,58731.4,PMO - US,ABBVIE (Abbott) Logis. UK,Lopinavir/Ritonavir,46.99,7/21/09,SCMS-49671,FPQ-3560,05-07-09,ARV,116-ZA-T30,11-Aug-09,Truck,Pediatric,300,0.16,S. BUYS WHOLESALER,DDP,Weight Captured Separately
25967,ASN-17166,Determine,Nigeria,27-Nov-12,27-Nov-12,MIssing,Test kit,Yes,28734.43,Direct Drop,"HIV 1/2, Determine Complete HIV Kit, 100 Tests",342.39,2744,244216.0,PMO - US,"Alere Medical Co., Ltd.","HIV 1/2, Determine Complete HIV Kit",89.0,8/13/12,SCMS-155321,FPQ-10349,7/17/12,HRDT,133-NG-T30,28-Nov-12,Air,HIV test,100,0.89,"Orgenics, Ltd",EXW,1303
82409,DN-2370,Generic,Haiti,10-Oct-11,10-Oct-11,10mg/ml,Oral suspension,Yes,5324.69,From RDC,"Nevirapine 10mg/ml, oral suspension w/syringe, Bottle, 240 ml",4.16,1292,2519.4,PMO - US,"Aurobindo Unit III, India",Nevirapine,1.95,N/A - From RDC,SO-38215,FPQ-6801,12/14/10,ARV,106-HT-T30,31-Oct-11,Air,Pediatric,240,0.01,SCMS from RDC,N/A - From RDC,483
12577,DN-1221,Generic,Haiti,22-May-09,22-May-09,100mg,Capsule,No,See DN-1221 (ID#:11636),From RDC,"Zidovudine 100mg, capsules, 100 Caps",5.42,504,2766.96,PMO - US,"Aurobindo Unit III, India",Zidovudine,5.49,N/A - From RDC,SO-24840,Pre-PQ Process,Pre-PQ Process,ARV,106-HT-T01,22-May-09,Air,Pediatric,100,0.05,SCMS from RDC,N/A - From RDC,See DN-1221 (ID#:11636)
59994,ASN-23875,Generic,South Africa,13-Jan-14,13-Jan-14,300mg,Tablet,No,Freight Included in Commodity Cost,Direct Drop,"Abacavir 300mg, tablets, 60 Tabs",18.82,268,18310.96,PMO - US,"Aurobindo Unit III, India",Abacavir,68.32,12-02-13,SCMS-215410,FPQ-13214,11/14/13,ARV,116-ZA-T30,13-Jan-14,Truck,Adult,60,1.14,S. BUYS WHOLESALER,DDP,Weight Captured Separately
21997,ASN-30989,Generic,Haiti,25-May-15,26-May-15,600/300/300mg,Tablet - FDC,Yes,9481.92,Direct Drop,"Efavirenz/Lamivudine/Tenofovir Disoproxil Fumarate 600/300/300mg, tablets, 30 Tabs",405.99,38530,394932.5,PMO - US,Cipla Ltd A-42 MIDC Mahar. IN,Efavirenz/Lamivudine/Tenofovir Disoproxil Fumarate,10.25,11/14/14,SCMS-258610,FPQ-14895,9/24/14,ARV,106-HT-T30,25-May-15,Ocean,Adult,30,0.34,CIPLA LIMITED,EXW,5640
84092,DN-2227,Generic,Rwanda,25-May-11,25-May-11,10mg/ml,Oral solution,Yes,4370.8,From RDC,"Lamivudine 10mg/ml, oral solution w/syringe, Bottle, 240 ml",5.49,1800,3330.0,PMO - US,"Aurobindo Unit III, India",Lamivudine,1.85,N/A - From RDC,SO-39560,FPQ-7692,05-04-11,ARV,107-RW-T30,14-Aug-11,Air Charter,Pediatric,240,0.01,SCMS from RDC,N/A - From RDC,718
11852,DN-581,Generic,CÃte dIvoire,05-Feb-08,05-Feb-08,10mg/ml,Oral suspension,No,See DN-581 (ID#:10667),From RDC,"Nevirapine 10mg/ml, oral suspension, Bottle, 240 ml",8.33,2712,5207.04,PMO - US,"Aurobindo Unit III, India",Nevirapine,1.92,N/A - From RDC,SO-1679,Pre-PQ Process,Pre-PQ Process,ARV,104-CI-T01,05-Feb-08,Air,Pediatric,240,0.01,SCMS from RDC,N/A - From RDC,See DN-581 (ID#:10667)
81769,ASN-28036,Generic,South Africa,29-Aug-14,29-Aug-14,200/300mg,Tablet - FDC,No,Freight Included in Commodity Cost,Direct Drop,"Emtricitabine/Tenofovir Disoproxil Fumarate 200/300mg, tablets, 30 Tabs",12.45,302,10065.28,PMO - US,"Aurobindo Unit III, India",Emtricitabine/Tenofovir Disoproxil Fumarate,33.33,8/29/14,SCMS-199289,FPQ-12522,07-11-13,ARV,116-ZA-T30,29-Aug-14,Truck,Adult,30,1.11,S. BUYS WHOLESALER,DDP,Weight Captured Separately
26961,ASN-27824,Aluvia,Haiti,26-Sep-14,06-Oct-14,200/50mg,Tablet,Yes,2562.6,Direct Drop,"Lopinavir/Ritonavir 200/50mg [Aluvia], tablets, 120 Tabs",19.34,1008,18809.28,PMO - US,ABBVIE Ludwigshafen Germany,Lopinavir/Ritonavir,18.66,5/28/14,SCMS-240110,FPQ-14083,05-11-14,ARV,106-HT-T30,26-Sep-14,Air,Adult,120,0.16,ABBVIE LOGISTICS (FORMERLY ABBOTT LOGISTICS BV),FCA,406
85124,DN-1893,Generic,Nigeria,28-Jun-10,28-Jun-10,200mg,Tablet,Yes,Freight Included in Commodity Cost,From RDC,"Nevirapine 200mg, tablets, 60 Tabs",207.18,35199,96093.27,PMO - US,"Strides, Bangalore, India.",Nevirapine,2.73,N/A - From RDC,SO-36460,FPQ-5023,02-10-10,ARV,151-NG-T30,15-Jul-10,Air,Adult,60,0.05,SCMS from RDC,N/A - From RDC,2411
58264,ASN-4872,Generic,Vietnam,30-Sep-09,30-Sep-09,300mg,Tablet,No,See ASN-4872 (ID#:13652),Direct Drop,"Tenofovir Disoproxil Fumarate 300mg, tablets, 30 Tabs",40.75,2520,20790.0,PMO - US,Mylan (formerly Matrix) Nashik,Tenofovir Disoproxil Fumarate,8.25,6/29/09,SCMS-48290,FPQ-3896,6/25/09,ARV,108-VN-T30,30-Sep-09,Air,Adult,30,0.28,MYLAN LABORATORIES LTD (FORMERLY MATRIX LABORATORIES),EXW,See ASN-4872 (ID#:13652)
85919,DN-2964,Generic,Uganda,05-Feb-13,05-Feb-13,300/300mg,Tablet - FDC,Yes,673.25,From RDC,"Lamivudine/Tenofovir Disoproxil Fumarate 300/300mg, tablets, 30 Tabs",0.36,48,257.28,PMO - US,Hetero Unit III Hyderabad IN,Lamivudine/Tenofovir Disoproxil Fumarate,5.36,N/A - From RDC,SO-42901,FPQ-10357,7/18/12,ARV,114-UG-T30,05-Feb-13,Truck,Adult,30,0.18,SCMS from RDC,N/A - From RDC,5
85460,DN-3633,Generic,CÃte dIvoire,22-Apr-14,11-Jun-14,600/300/300mg,Tablet - FDC,No,See DN-3633 (ID#:82666),From RDC,"Efavirenz/Lamivudine/Tenofovir Disoproxil Fumarate 600/300/300mg, tablets, 30 Tabs",332.46,30000,323400.0,PMO - US,Hetero Unit III Hyderabad IN,Efavirenz/Lamivudine/Tenofovir Disoproxil Fumarate,10.78,N/A - From RDC,SO-47151,FPQ-13142,10/22/13,ARV,104-CI-T30,30-Apr-14,Truck,Adult,30,0.36,SCMS from RDC,N/A - From RDC,See DN-3633 (ID#:82666)
51175,ASN-6619,Determine,Nigeria,05-May-10,05-May-10,MIssing,Test kit,Yes,21821.97,Direct Drop,"HIV 1/2, Determine Complete HIV Kit, 100 Tests",463.11,2685,214800.0,PMO - US,Inverness Japan,"HIV 1/2, Determine Complete HIV Kit",80.0,02-05-10,SCMS-64780,FPQ-4891,1/15/10,HRDT,133-NG-T30,05-May-10,Air,HIV test,100,0.8,"Orgenics, Ltd",EXW,1284
3772,ASN-4603,Generic,South Africa,05-Jun-09,05-Jun-09,150mg,Tablet,Yes,Freight Included in Commodity Cost,Direct Drop,"Lamivudine 150mg, tablets, 60 Tabs",0.5,36,254.88,PMO - US,"Aurobindo Unit III, India",Lamivudine,7.08,3/27/09,SCMS-41580,Pre-PQ Process,Pre-PQ Process,ARV,116-ZA-T01,25-Jun-09,Truck,Adult,60,0.12,S. BUYS WHOLESALER,DDP,Weight Captured Separately
3736,ASN-3607,Generic,South Africa,28-Nov-08,28-Nov-08,30mg,Capsule,No,Freight Included in Commodity Cost,Direct Drop,"Stavudine 30mg, capsules, 60 Caps",18.37,3675,9371.25,PMO - US,"Aurobindo Unit III, India",Stavudine,2.55,Date Not Captured,SCMS-40780,Pre-PQ Process,Pre-PQ Process,ARV,116-ZA-T01,17-Mar-09,Air,Adult,60,0.04,S. BUYS WHOLESALER,DDP,Weight Captured Separately
85005,DN-4052,Generic,Nigeria,29-Dec-14,06-Jan-15,150/300/200mg,Tablet - FDC,Yes,194623.44,From RDC,"Lamivudine/Nevirapine/Zidovudine 150/200/300mg, tablets, 60 Tabs",2541.95,320300,2472716.0,PMO - US,Mylan (formerly Matrix) Nashik,Lamivudine/Nevirapine/Zidovudine,7.72,N/A - From RDC,SO-48892,FPQ-14156,4/25/14,ARV,151-NG-T30,30-Jan-15,Air Charter,Adult,60,0.13,SCMS from RDC,N/A - From RDC,87076
11128,DN-205,Generic,Zambia,20-Jun-07,20-Jun-07,150/300mg,Tablet - FDC,Yes,25729.7,From RDC,"Lamivudine/Zidovudine 150/300mg, tablets, 60 Tabs",1088.47,66370,680292.5,PMO - US,"Aurobindo Unit III, India",Lamivudine/Zidovudine,10.25,N/A - From RDC,SO-209,Pre-PQ Process,Pre-PQ Process,ARV,110-ZM-T01,20-Jun-07,MIssing,Adult,60,0.17,SCMS from RDC,N/A - From RDC,6243
84736,DN-2748,Generic,Zambia,30-Jul-12,30-Jul-12,200mg,Tablet,Yes,8709,From RDC,"Nevirapine 200mg, tablets, 60 Tabs",57.5,16947,41011.74,PMO - US,Mylan (formerly Matrix) Nashik,Nevirapine,2.42,N/A - From RDC,SO-41282,FPQ-9081,12/22/11,ARV,110-ZM-T30,31-Jul-12,Truck,Adult,60,0.04,SCMS from RDC,N/A - From RDC,1956
83991,DN-1746,Generic,Nigeria,31-Mar-10,31-Mar-10,300mg,Tablet,Yes,Freight Included in Commodity Cost,From RDC,"Zidovudine 300mg, tablets, 60 Tabs",14.63,905,6787.5,PMO - US,Mylan (formerly Matrix) Nashik,Zidovudine,7.5,N/A - From RDC,SO-35096,FPQ-4537,11-06-09,ARV,151-NG-T30,19-Apr-10,Air Charter,Adult,60,0.12,SCMS from RDC,N/A - From RDC,47
19788,ASN-11433,Generic,South Africa,14-Sep-11,14-Sep-11,50mg,Capsule,Yes,Freight Included in Commodity Cost,Direct Drop,"Efavirenz 50mg, capsule, 30 Caps",9.05,2247,5482.68,PMO - US,"Aurobindo Unit III, India",Efavirenz,2.44,3/24/11,SCMS-103360,FPQ-7175,03-10-11,ARV,161-ZA-T30,02-Sep-11,Ocean,Pediatric,30,0.08,Aurobindo Pharma Limited,DDP,Weight Captured Separately
85391,DN-3269,Generic,"Congo, DRC",08-Feb-14,11-Mar-14,30/50/60mg,Chewable/dispersible tablet - FDC,No,See DN-3269 (ID#:83711),From RDC,"Lamivudine/Nevirapine/Zidovudine 30/50/60mg, dispersible tablets, 60 Tabs",26.06,5076,21065.4,PMO - US,Mylan (formerly Matrix) Nashik,Lamivudine/Nevirapine/Zidovudine,4.15,N/A - From RDC,SO-45030,FPQ-12088,04-12-13,ARV,101-CD-T30,28-Aug-13,Air,Pediatric,60,0.07,SCMS from RDC,N/A - From RDC,See DN-3269 (ID#:83711)
19142,ASN-18730,Norvir,Vietnam,09-Apr-13,09-Apr-13,100mg,Tablet,Yes,17.72,Direct Drop,"Ritonavir 100mg [Norvir], film coated tablets, 30 Tabs",10.73,373,8675.98,PMO - US,ABBVIE Ludwigshafen Germany,Ritonavir,23.26,11-07-12,SCMS-164530,FPQ-10811,10/15/12,ARV,108-VN-T30,09-Apr-13,Air,Adult,30,0.78,ABBVIE LOGISTICS (FORMERLY ABBOTT LOGISTICS BV),FCA,55
43643,ASN-7373,Epivir,South Africa,31-May-10,31-May-10,10mg/ml,Oral solution,No,Freight Included in Commodity Cost,Direct Drop,"Lamivudine 10mg/ml [Epivir], oral solution, Bottle, 240 ml",6.67,500,3093.93,PMO - US,GSK Mississauga (Canada),Lamivudine,6.19,4/21/10,SCMS-71370,FPQ-5535,4/19/10,ARV,116-ZA-T30,31-May-10,Truck,Pediatric,240,0.03,S. BUYS WHOLESALER,DDP,Weight Captured Separately
82655,DN-3568,Generic,CÃte dIvoire,11-Apr-14,28-Apr-14,150/300/200mg,Tablet - FDC,Yes,23776.41,From RDC,"Lamivudine/Nevirapine/Zidovudine 150/200/300mg, tablets, 60 Tabs",409.06,40035,330689.1,PMO - US,Mylan (formerly Matrix) Nashik,Lamivudine/Nevirapine/Zidovudine,8.26,N/A - From RDC,SO-46400,FPQ-12800,08-09-13,ARV,104-CI-T30,28-Mar-14,Truck,Adult,60,0.14,SCMS from RDC,N/A - From RDC,16851
42752,ASN-26209,Generic,Haiti,19-Jul-14,31-Jul-14,600/300/300mg,Tablet - FDC,Yes,8217.8,Direct Drop,"Efavirenz/Lamivudine/Tenofovir Disoproxil Fumarate 600/300/300mg, tablets, 30 Tabs",647.64,60000,630000.0,PMO - US,Cipla Ltd A-42 MIDC Mahar. IN,Efavirenz/Lamivudine/Tenofovir Disoproxil Fumarate,10.5,4/30/14,SCMS-233910,FPQ-13797,3/20/14,ARV,106-HT-T30,19-Jul-14,Ocean,Adult,30,0.35,CIPLA LIMITED,EXW,8113
12439,DN-454,Aluvia,Zambia,06-Dec-07,06-Dec-07,200/50mg,Tablet,Yes,9736.5,From RDC,"Lopinavir/Ritonavir 200/50mg [Aluvia], tablets, 120 Tabs",804.9,12240,503064.0,PMO - US,ABBVIE (Abbott) Logis. UK,Lopinavir/Ritonavir,41.1,N/A - From RDC,SO-1031,Pre-PQ Process,Pre-PQ Process,ARV,110-ZM-T01,06-Dec-07,Air,Adult,120,0.34,SCMS from RDC,N/A - From RDC,2662
1359,ASN-782,Generic,Vietnam,15-Oct-07,15-Oct-07,150/300/200mg,Tablet - FDC,Yes,4454.62,Direct Drop,"Lamivudine/Nevirapine/Zidovudine 150/200/300mg, tablets, 60 Tabs",64.8,3000,40500.0,PMO - US,"Aurobindo Unit III, India",Lamivudine/Nevirapine/Zidovudine,13.5,07-04-07,SCMS-753,Pre-PQ Process,Pre-PQ Process,ARV,108-VN-T01,15-Oct-07,Air,Adult,60,0.22,Aurobindo Pharma Limited,EXW,332
39053,ASN-14092,Determine,South Sudan,18-Apr-12,18-Apr-12,MIssing,Test kit - Ancillary,Yes,4803.06,Direct Drop,"Capillary Tubes, for Determine, EDTA, 50uL,100 Pcs",3.8,339,2712.0,PMO - US,"Alere Medical Co., Ltd.","HIV, Capillary Tubes, for Determine, EDTA, 50uL,100 Pcs",8.0,2/15/12,SCMS-137190,FPQ-9038,1/17/12,HRDT,102-SS-T30,18-Apr-12,Air,HIV test - Ancillary,100,0.08,"Orgenics, Ltd",EXW,175
86047,DN-3547,Generic,CÃte dIvoire,18-Jan-14,04-Mar-14,300/300mg,Tablet - FDC,No,See DN-3547 (ID#:83763),From RDC,"Lamivudine/Tenofovir Disoproxil Fumarate 300/300mg, tablets, 30 Tabs",30.08,5173,24313.1,PMO - US,"Cipla, Kurkumbh, India",Lamivudine/Tenofovir Disoproxil Fumarate,4.7,N/A - From RDC,SO-45631,FPQ-12144,4/22/13,ARV,104-CI-T30,28-Feb-14,Truck,Adult,30,0.16,SCMS from RDC,N/A - From RDC,See DN-3547 (ID#:83763)
85681,DN-1897,Generic,Nigeria,28-Jun-10,28-Jun-10,200mg,Tablet,Yes,Freight Included in Commodity Cost,From RDC,"Nevirapine 200mg, tablets, 60 Tabs",5.89,1000,2730.0,PMO - US,"Strides, Bangalore, India.",Nevirapine,2.73,N/A - From RDC,SO-36466,FPQ-5023,02-10-10,ARV,151-NG-T30,15-Jul-10,Air,Adult,60,0.05,SCMS from RDC,N/A - From RDC,69
81920,ASN-16286,Generic,Haiti,04-Oct-12,04-Oct-12,10mg/ml,Oral solution,Yes,9230.19,Direct Drop,"Lamivudine 10mg/ml, oral solution w/syringe, Bottle, 240 ml",9.15,3528,6526.8,PMO - US,"Aurobindo Unit III, India",Lamivudine,1.85,8/29/12,SCMS-158630,FPQ-10555,8/24/12,ARV,106-HT-T30,04-Oct-12,Air,Pediatric,240,0.01,Aurobindo Pharma Limited,EXW,1296
12460,DN-569,Generic,CÃte dIvoire,29-Jan-08,29-Jan-08,10mg/ml,Oral solution,No,See DN-569 (ID#:11224),From RDC,"Lamivudine 10mg/ml, oral solution, Bottle, 240 ml",47.28,15000,29550.0,PMO - US,"Aurobindo Unit III, India",Lamivudine,1.97,N/A - From RDC,SO-1104,Pre-PQ Process,Pre-PQ Process,ARV,104-CI-T01,29-Jan-08,Air,Pediatric,240,0.01,SCMS from RDC,N/A - From RDC,See DN-569 (ID#:11224)
10907,DN-461,Generic,Zambia,25-Jan-08,25-Jan-08,600mg,Tablet,Yes,13715.55,From RDC,"Efavirenz 600mg, tablets, 30 Tabs",877.05,44135,548156.7,PMO - US,"Aurobindo Unit III, India",Efavirenz,12.42,N/A - From RDC,SO-1028,Pre-PQ Process,Pre-PQ Process,ARV,110-ZM-T01,25-Jan-08,MIssing,Adult,30,0.41,SCMS from RDC,N/A - From RDC,3801
4290,ASN-1530,Videx EC,South Africa,04-Feb-08,04-Feb-08,400mg,Delayed-release capsules - blister,Yes,Freight Included in Commodity Cost,Direct Drop,"Didanosine EC 400mg [Videx EC], delayed-release capsules, Blister 3 x 10 Caps",34.75,800,21720.0,PMO - US,"BMS Meymac, France",Didanosine EC,27.15,1/21/08,SCMS-17720,Pre-PQ Process,Pre-PQ Process,ARV,116-ZA-T01,05-Feb-08,Truck,Adult,30,0.9,"JSI R&T INSTITUTE, INC.",DDP,Weight Captured Separately
85600,DN-4290,Generic,Nigeria,02-Jun-15,17-Jun-15,150/300/200mg,Tablet - FDC,No,See DN-4290 (ID#:83340),From RDC,"Lamivudine/Nevirapine/Zidovudine 150/200/300mg, tablets, 60 Tabs",706.28,88995,687041.4,PMO - US,"Cipla, Goa, India",Lamivudine/Nevirapine/Zidovudine,7.72,N/A - From RDC,SO-51427,FPQ-14989,9/19/14,ARV,151-NG-T30,30-Jun-15,Air Charter,Adult,60,0.13,SCMS from RDC,N/A - From RDC,See DN-4290 (ID#:83340)
70979,ASN-15893,Generic,Rwanda,09-Sep-12,09-Sep-12,200mg,Tablet,Yes,49069.74,Direct Drop,"Nevirapine 200mg, tablets, 60 Tabs",183.7,58234,131026.5,PMO - US,"Aurobindo Unit III, India",Nevirapine,2.25,7/16/12,SCMS-152910,FPQ-10223,07-05-12,ARV,107-RW-T30,09-Sep-12,Air,Adult,60,0.04,Aurobindo Pharma Limited,EXW,5551
1222,ASN-4838,Generic,South Africa,05-Aug-09,05-Aug-09,150mg,Tablet,Yes,Freight Included in Commodity Cost,Direct Drop,"Lamivudine 150mg, tablets, 60 Tabs",80.95,5000,41300.0,PMO - US,"Aurobindo Unit III, India",Lamivudine,8.26,06-05-09,SCMS-47051,Pre-PQ Process,Pre-PQ Process,ARV,116-ZA-T01,12-Oct-09,Truck,Adult,60,0.14,S. BUYS WHOLESALER,DDP,Weight Captured Separately
46460,ASN-31157,Generic,Uganda,08-Apr-15,08-Apr-15,100/25mg,Tablet,Yes,1488.99,Direct Drop,"Lopinavir/Ritonavir 100/25mg, tablets, 60 Tabs",14.76,1560,12542.4,PMO - US,"Aurobindo Unit III, India",Lopinavir/Ritonavir,8.04,11/25/14,SCMS-264950,FPQ-15303,11-11-14,ARV,114-UG-T30,08-Apr-15,Air,Pediatric,60,0.13,Aurobindo Pharma Limited,EXW,166
11806,DN-426,Generic,Mozambique,29-Nov-07,29-Nov-07,150/200/30mg,Tablet - FDC,No,See DN-426 (ID#:10633),From RDC,"Lamivudine/Nevirapine/Stavudine 150/200/30mg, tablets, 60 Tabs",355.2,30000,222000.0,PMO - US,"Cipla, Goa, India",Lamivudine/Nevirapine/Stavudine,7.4,N/A - From RDC,SO-1038,Pre-PQ Process,Pre-PQ Process,ARV,111-MZ-T01,29-Nov-07,Air,Adult,60,0.12,SCMS from RDC,N/A - From RDC,See DN-426 (ID#:10633)
13038,ASN-12172,Generic,South Africa,27-Oct-11,27-Oct-11,50mg,Capsule,Yes,10923.46,Direct Drop,"Efavirenz 50mg, capsule, 30 Caps",220.5,54768,133633.92,PMO - US,"Aurobindo Unit III, India",Efavirenz,2.44,3/24/11,SCMS-103410,FPQ-7175,03-10-11,ARV,161-ZA-T30,14-Sep-11,Ocean,Pediatric,30,0.08,Aurobindo Pharma Limited,DDP,3237
12269,DN-933,Generic,Mozambique,14-Nov-08,14-Nov-08,200mg,Tablet,No,See DN-933 (ID#:10755),From RDC,"Nevirapine 200mg, tablets, 60 Tabs",59.14,11550,36960.0,PMO - US,Hetero Unit III Hyderabad IN,Nevirapine,3.2,N/A - From RDC,SO-15090,Pre-PQ Process,Pre-PQ Process,ARV,111-MZ-T01,14-Nov-08,Air,Adult,60,0.05,SCMS from RDC,N/A - From RDC,See DN-933 (ID#:10755)
52856,ASN-6264,Generic,Vietnam,17-Mar-10,17-Mar-10,30mg,Capsule,Yes,17541.06,Direct Drop,"Stavudine 30mg, capsules, 60 Caps",69.95,24612,35687.4,PMO - US,"Aurobindo Unit III, India",Stavudine,1.45,11/13/09,SCMS-57140,FPQ-4265,10/20/09,ARV,108-VN-T30,17-Mar-10,Air,Adult,60,0.02,Aurobindo Pharma Limited,EXW,4762
12563,DN-1163,Kaletra,CÃte dIvoire,23-Mar-09,23-Mar-09,80/20mg/ml,Oral solution,No,See DN-1163 (ID#:11030),From RDC,"Lopinavir/Ritonavir 80/20mg/ml [Kaletra], oral solution, cool, Bottle 5 x 60 ml",32.63,405,16645.5,PMO - US,ABBVIE (Abbott) Logis. UK,Lopinavir/Ritonavir,41.1,N/A - From RDC,SO-970,Pre-PQ Process,Pre-PQ Process,ARV,104-CI-T01,23-Mar-09,Air,Pediatric,300,0.14,SCMS from RDC,N/A - From RDC,See DN-1163 (ID#:11030)
82361,DN-2071,Generic,CÃte dIvoire,15-Dec-10,15-Dec-10,10mg/ml,Oral suspension,Yes,1794.58,From RDC,"Nevirapine 10mg/ml, oral suspension w/syringe, Bottle, 240 ml",2.64,628,1224.6,PMO - US,"Aurobindo Unit III, India",Nevirapine,1.95,N/A - From RDC,SO-37660,FPQ-5925,6/23/10,ARV,104-CI-T30,14-Dec-10,Air,Pediatric,240,0.01,SCMS from RDC,N/A - From RDC,232
10553,DN-143,Uni-Gold,Zambia,21-May-07,21-May-07,MIssing,Test kit,Yes,13736.03,From RDC,"HIV 1/2, Uni-Gold HIV Kit, 20 Tests",MIssing,5212,166784.0,PMO - US,"Trinity Biotech, Plc","HIV 1/2, Uni-Gold HIV Kit",32.0,N/A - From RDC,SO-537,Pre-PQ Process,Pre-PQ Process,HRDT,110-ZM-T01,21-May-07,MIssing,HIV test,20,1.6,SCMS from RDC,N/A - From RDC,1780
4635,ASN-2515,Generic,Vietnam,25-Sep-08,25-Sep-08,200mg,Tablet,Yes,3171.36,Direct Drop,"Nevirapine 200mg, tablets, 60 Tabs",8.57,1848,5359.2,PMO - US,"Aurobindo Unit III, India",Nevirapine,2.9,07-01-08,SCMS-26171,Pre-PQ Process,Pre-PQ Process,ARV,108-VN-T01,25-Sep-08,Air,Adult,60,0.05,Aurobindo Pharma Limited,EXW,327
11156,DN-297,Generic,Uganda,17-Oct-07,17-Oct-07,30mg,Capsule,Yes,632.6,From RDC,"Stavudine 30mg, capsules, 60 Caps",0.72,294,446.88,PMO - US,"Strides, Bangalore, India.",Stavudine,1.52,N/A - From RDC,SO-896,Pre-PQ Process,Pre-PQ Process,ARV,114-UG-T01,17-Oct-07,MIssing,Adult,60,0.03,SCMS from RDC,N/A - From RDC,14
56487,ASN-9001,Determine,Zambia,21-Dec-10,21-Dec-10,MIssing,Test kit,Yes,22746.62,Direct Drop,"HIV 1/2, Determine Complete HIV Kit, 100 Tests",485.36,2814,225120.0,PMO - US,Inverness Japan,"HIV 1/2, Determine Complete HIV Kit",80.0,10-07-10,SCMS-87290,FPQ-6263,09-08-10,HRDT,110-ZM-T30,17-Dec-10,Air,HIV test,100,0.8,"Orgenics, Ltd",EXW,1363
85082,DN-1624,Determine,Sudan,22-Nov-09,22-Nov-09,MIssing,Test kit,No,See DN-1624 (ID#:82856),From RDC,"HIV 1/2, Determine Complete HIV Kit, 100 Tests",54.88,350,28000.0,PMO - US,Inverness Japan,"HIV 1/2, Determine Complete HIV Kit",80.0,N/A - From RDC,SO-34550,FPQ-3812,06-03-09,HRDT,102-SD-T30,30-Nov-09,Air,HIV test,100,0.8,SCMS from RDC,N/A - From RDC,See DN-1624 (ID#:82856)
83428,DN-1835,Generic,Tanzania,21-May-10,21-May-10,200mg,Tablet,Yes,27922.62,From RDC,"Nevirapine 200mg, tablets, 60 Tabs",235.44,40000,109200.0,PMO - US,"Strides, Bangalore, India.",Nevirapine,2.73,N/A - From RDC,SO-36042,FPQ-5237,03-01-10,ARV,109-TZ-T30,21-Jul-10,Air,Adult,60,0.05,SCMS from RDC,N/A - From RDC,6240
82417,DN-2421,Generic,CÃte dIvoire,19-Nov-11,19-Nov-11,150mg,Tablet,Yes,3296.34,From RDC,"Lamivudine 150mg, tablets, 60 Tabs",31.14,8100,18873.0,PMO - US,"Aurobindo Unit III, India",Lamivudine,2.33,N/A - From RDC,SO-40780,FPQ-8295,8/25/11,ARV,104-CI-T30,15-Dec-11,Truck,Adult,60,0.04,SCMS from RDC,N/A - From RDC,387
47831,ASN-5539,Aluvia,Vietnam,11-Dec-09,11-Dec-09,200/50mg,Tablet,Yes,10296.99,Direct Drop,"Lopinavir/Ritonavir 200/50mg [Aluvia], tablets, 120 Tabs",277.11,1720,141384.0,PMO - US,ABBVIE Ludwigshafen Germany,Lopinavir/Ritonavir,82.2,11-05-09,SCMS-56210,FPQ-4265,10/20/09,ARV,108-VN-T30,11-Dec-09,Air,Adult,120,0.68,ABBVIE LOGISTICS (FORMERLY ABBOTT LOGISTICS BV),FCA,424
84799,DN-3063,Generic,Mozambique,16-Apr-13,16-Apr-13,600/300/300mg,Tablet - FDC,Yes,4120.7,From RDC,"Efavirenz/Lamivudine/Tenofovir Disoproxil Fumarate 600/300/300mg, tablets, 30 Tabs",1652.85,97351,1178920.61,PMO - US,Mylan (formerly Matrix) Nashik,Efavirenz/Lamivudine/Tenofovir Disoproxil Fumarate,12.11,N/A - From RDC,SO-42860,FPQ-10211,6/28/12,ARV,111-MZ-T30,08-Apr-13,Truck,Adult,30,0.4,SCMS from RDC,N/A - From RDC,11667
70461,ASN-9331,Generic,Rwanda,07-Jan-11,07-Jan-11,200/50mg,Tablet,Yes,Freight Included in Commodity Cost,Direct Drop,"Lopinavir/Ritonavir 200/50mg, tablets, 120 Tabs",133.26,1802,61808.6,PMO - US,Cipla Ltd A-42 MIDC Mahar. IN,Lopinavir/Ritonavir,34.3,9/27/10,SCMS-83320,FPQ-6186,8/13/10,ARV,107-RW-T30,07-Jan-11,Air,Adult,120,0.29,CIPLA LIMITED,CIP,Weight Captured Separately
32903,ASN-28033,Generic,South Africa,29-Aug-14,29-Aug-14,300mg,Tablet,No,Freight Included in Commodity Cost,Direct Drop,"Tenofovir Disoproxil Fumarate 300mg, tablets, 30 Tabs",12.51,486,10116.11,PMO - US,Hetero Unit III Hyderabad IN,Tenofovir Disoproxil Fumarate,20.82,8/29/14,SCMS-199289,FPQ-12522,07-11-13,ARV,116-ZA-T30,29-Aug-14,Truck,Adult,30,0.69,S. BUYS WHOLESALER,DDP,Weight Captured Separately
29725,ASN-31028,Generic,Haiti,09-May-15,11-May-15,600/300/300mg,Tablet - FDC,Yes,10101.17,Direct Drop,"Efavirenz/Lamivudine/Tenofovir Disoproxil Fumarate 600/300/300mg, tablets, 30 Tabs",280.75,26010,273105.0,PMO - US,"Aurobindo Unit VII, IN",Efavirenz/Lamivudine/Tenofovir Disoproxil Fumarate,10.5,12/31/14,SCMS-262911,FPQ-15038,10/22/14,ARV,106-HT-T30,09-May-15,Ocean,Adult,30,0.35,Aurobindo Pharma Limited,EXW,3619
27067,ASN-21226,Stat-Pak,Nigeria,27-Aug-13,27-Aug-13,MIssing,Test kit,Yes,624.92,Direct Drop,"HIV 1/2, Stat-Pak HIV, Kit, 20 Tests",8,202,6464.0,PMO - US,Chembio Diagnostics Sys. Inc.,"HIV 1/2, Stat-Pak HIV, Kit",32.0,07-10-13,SCMS-196570,FPQ-12458,06-10-13,HRDT,133-NG-T30,27-Aug-13,Air,HIV test,20,1.6,"CHEMBIO DIAGNOSTIC SYSTEMS, INC.",EXW,60
83008,DN-2506,Generic,"Congo, DRC",14-Mar-12,14-Mar-12,300/300mg,Tablet - FDC,No,See DN-2506 (ID#:82439),From RDC,"Lamivudine/Tenofovir Disoproxil Fumarate 300/300mg, tablets, 30 Tabs",0.12,14,85.12,PMO - US,Mylan (formerly Matrix) Nashik,Lamivudine/Tenofovir Disoproxil Fumarate,6.08,N/A - From RDC,SO-41142,FPQ-8840,11/21/11,ARV,101-CD-T30,16-Mar-12,Air,Adult,30,0.2,SCMS from RDC,N/A - From RDC,See DN-2506 (ID#:82439)
84243,DN-3075,Generic,CÃte dIvoire,30-Mar-13,30-Mar-13,150/300/200mg,Tablet - FDC,No,See DN-3075 (ID#:83129),From RDC,"Lamivudine/Nevirapine/Zidovudine 150/200/300mg, tablets, 60 Tabs",465.79,38722,332234.76,PMO - US,"Cipla, Goa, India",Lamivudine/Nevirapine/Zidovudine,8.58,N/A - From RDC,SO-43330,FPQ-10633,09-11-12,ARV,104-CI-T30,28-Mar-13,Truck,Adult,60,0.14,SCMS from RDC,N/A - From RDC,See DN-3075 (ID#:83129)
34505,ASN-26738,Uni-Gold,"Congo, DRC",05-Sep-14,16-Sep-14,MIssing,Test kit,No,See ASN-26738 (ID#:15115),Direct Drop,"HIV 1/2, Uni-Gold HIV Kit, 20 Tests",0.16,5,160.0,PMO - US,"Trinity Biotech, Plc","HIV 1/2, Uni-Gold HIV Kit",32.0,5/20/14,SCMS-239410,FPQ-14100,4/23/14,HRDT,101-CD-T30,05-Sep-14,Air,HIV test,20,1.6,"Trinity Biotech, Plc",EXW,See ASN-26738 (ID#:15115)
77552,ASN-22172,Determine,Nigeria,07-Nov-13,17-Nov-13,MIssing,Test kit,Yes,20602.3,Direct Drop,"HIV 1/2, Determine Complete HIV Kit, 100 Tests",334.24,3036,270204.0,PMO - US,"Alere Medical Co., Ltd.","HIV 1/2, Determine Complete HIV Kit",89.0,07-10-13,SCMS-196561,FPQ-12456,06-10-13,HRDT,133-NG-T30,07-Nov-13,Air,HIV test,100,0.89,"Orgenics, Ltd",EXW,1233
12326,DN-1486,Generic,Lebanon,18-Nov-09,18-Nov-09,10mg/ml,Oral suspension,No,See DN-1486 (ID#:11072),From RDC,"Nevirapine 10mg/ml, oral suspension, Bottle, 240 ml",0,50,0.5,PMO - US,"Aurobindo Unit III, India",Nevirapine,0.01,N/A - From RDC,SO-33890,Pre-PQ Process,Date Not Captured,ARV,100-LB-T01,18-Nov-09,Air,Pediatric,240,0.0,SCMS from RDC,N/A - From RDC,See DN-1486 (ID#:11072)
11691,DN-1484,Generic,Ethiopia,20-Oct-09,20-Oct-09,20mg/ml,Oral solution,Yes,523.45,From RDC,"Abacavir 20mg/ml, oral solution, Bottle, 240 ml",3.16,100,1464.0,PMO - US,"Aurobindo Unit III, India",Abacavir,14.64,N/A - From RDC,SO-33750,Pre-PQ Process,Date Not Captured,ARV,117-ET-T01,20-Oct-09,Air,Pediatric,240,0.06,SCMS from RDC,N/A - From RDC,18
6418,ASN-4602,Generic,South Africa,16-Apr-09,16-Apr-09,600mg,Tablet,Yes,Freight Included in Commodity Cost,Direct Drop,"Efavirenz 600mg, tablets, 30 Tabs",160.78,6500,82030.0,PMO - US,"Aurobindo Unit III, India",Efavirenz,12.62,3/27/09,SCMS-41587,Pre-PQ Process,Pre-PQ Process,ARV,116-ZA-T01,25-Jun-09,Air,Adult,30,0.42,S. BUYS WHOLESALER,DDP,Weight Captured Separately
84913,DN-3621,Aluvia,Nigeria,17-Apr-14,02-May-14,200/50mg,Tablet,Yes,29674.92,From RDC,"Lopinavir/Ritonavir 200/50mg [Aluvia], tablets, 120 Tabs",370,15826,299111.4,PMO - US,ABBVIE Ludwigshafen Germany,Lopinavir/Ritonavir,18.9,N/A - From RDC,SO-44754,FPQ-11771,2/28/13,ARV,151-NG-T30,15-Apr-14,Air Charter,Adult,120,0.16,SCMS from RDC,N/A - From RDC,3814
59991,ASN-13884,Generic,Zambia,14-Mar-12,14-Mar-12,200/300mg,Tablet - FDC,Yes,45118.64,Direct Drop,"Emtricitabine/Tenofovir Disoproxil Fumarate 200/300mg, tablets, 30 Tabs",1030.47,100000,735000.0,PMO - US,"Aurobindo Unit III, India",Emtricitabine/Tenofovir Disoproxil Fumarate,7.35,1/24/12,SCMS-134370,FPQ-9074,12/22/11,ARV,110-ZM-T30,14-Mar-12,Air,Adult,30,0.24,Aurobindo Pharma Limited,EXW,9390
8646,ASN-2503,Stocrin/Sustiva,South Africa,14-Aug-08,14-Aug-08,50mg,Capsule,No,Freight Included in Commodity Cost,Direct Drop,"Efavirenz 50mg [Stocrin/Sustiva], capsule, 30 Caps",0.92,200,572.0,PMO - US,"MSD Midrand, Jburg, SA",Efavirenz,2.86,Date Not Captured,SCMS-28830,Pre-PQ Process,Pre-PQ Process,ARV,116-ZA-T01,25-Aug-08,Truck,Pediatric,30,0.1,S. BUYS WHOLESALER,DDP,Weight Captured Separately
6642,ASN-283,Kaletra,Zambia,08-Mar-07,08-Mar-07,80/20mg/ml,Oral solution,Yes,Freight Included in Commodity Cost,Direct Drop,"Lopinavir/Ritonavir 80/20mg/ml [Kaletra], oral solution, cool, Bottle 5 x 60 ml",MIssing,70,2877.0,PMO - US,ABBVIE (Abbott) Logis. UK,Lopinavir/Ritonavir,41.1,12-05-06,SCMS-223,Pre-PQ Process,Pre-PQ Process,ARV,110-ZM-T01,08-Mar-07,Air,Pediatric,300,0.14,INTERNATIONAL HEALTHCARE DISTRIBUTORS,CIP,58
72263,ASN-7469,Generic,South Africa,24-Aug-10,24-Aug-10,600mg,Tablet,Yes,5886.9,Direct Drop,"Efavirenz 600mg, tablets, 30 Tabs",573.6,56970,266049.9,PMO - US,"Aurobindo Unit III, India",Efavirenz,4.67,3/19/10,SCMS-68910,FPQ-5303,3/18/10,ARV,161-ZA-T30,24-Aug-10,Air,Adult,30,0.16,Aurobindo Pharma Limited,DDP,4822
18405,ASN-19520,Generic,Haiti,10-Jun-13,10-Jun-13,10mg/ml,Oral suspension,Yes,6438.91,Direct Drop,"Nevirapine 10mg/ml, oral suspension w/syringe, Bottle, 240 ml",3.83,2052,3098.52,PMO - US,"Aurobindo Unit III, India",Nevirapine,1.51,03-11-13,SCMS-177182,FPQ-11442,1/30/13,ARV,106-HT-T30,10-Jun-13,Air,Pediatric,240,0.01,Aurobindo Pharma Limited,EXW,908
9639,ASN-1610,Determine,Haiti,09-May-08,09-May-08,MIssing,Test kit,Yes,1802.14,Direct Drop,"HIV 1/2, Determine HIV Kit, without Lancets, 100 Tests",102.38,955,63985.0,PMO - US,Inverness Japan,"HIV 1/2, Determine HIV Kit, without Lancets",67.0,03-11-08,SCMS-18720,Pre-PQ Process,Pre-PQ Process,HRDT,106-HT-T01,09-May-08,Air,HIV test,100,0.67,"Orgenics, Ltd",EXW,164
7922,ASN-15,Determine,CÃte dIvoire,16-Sep-06,16-Sep-06,MIssing,Test kit,Yes,1275.12,Direct Drop,"HIV 1/2, Determine Complete HIV Kit, 100 Tests",MIssing,500,40000.0,PMO - US,ABBVIE GmbH & Co.KG Wiesbaden,"HIV 1/2, Determine Complete HIV Kit",80.0,Date Not Captured,SCMS-21,Pre-PQ Process,Pre-PQ Process,HRDT,104-CI-T01,16-Sep-06,Air,HIV test,100,0.8,Abbott GmbH & Co. KG,FCA,171
83291,DN-4041,Generic,Uganda,24-Jan-15,03-Feb-15,600/300/300mg,Tablet - FDC,Yes,8248.28,From RDC,"Efavirenz/Lamivudine/Tenofovir Disoproxil Fumarate 600/300/300mg, tablets, 30 Tabs",324.11,29247,315282.66,PMO - US,"Aurobindo Unit VII, IN",Efavirenz/Lamivudine/Tenofovir Disoproxil Fumarate,10.78,N/A - From RDC,SO-48993,FPQ-14396,06-04-14,ARV,114-UG-T30,16-Feb-15,Truck,Adult,30,0.36,SCMS from RDC,N/A - From RDC,5324
85093,DN-1667,Generic,Haiti,03-Mar-10,03-Mar-10,20mg,Capsule,No,See DN-1667 (ID#:82861),From RDC,"Stavudine 20mg, capsules, 60 Caps",0.33,106,151.58,PMO - US,"Aurobindo Unit III, India",Stavudine,1.43,N/A - From RDC,SO-35920,FPQ-4384,10/23/09,ARV,106-HT-T30,10-Mar-10,Air,Adult,60,0.02,SCMS from RDC,N/A - From RDC,See DN-1667 (ID#:82861)
85363,DN-3170,Generic,Nigeria,10-May-13,10-May-13,150/300/200mg,Tablet - FDC,Yes,20666.08,From RDC,"Lamivudine/Nevirapine/Zidovudine 150/200/300mg, tablets, 60 Tabs",330.42,31132,267112.56,PMO - US,Hetero Unit III Hyderabad IN,Lamivudine/Nevirapine/Zidovudine,8.58,N/A - From RDC,SO-45190,FPQ-11022,11/15/12,ARV,151-NG-T30,21-May-13,Air Charter,Adult,60,0.14,SCMS from RDC,N/A - From RDC,5041
86613,DN-3360,Generic,Zambia,24-Jan-14,17-Mar-14,600/200/300mg,Tablet - FDC,No,See DN-3360 (ID#:84864),From RDC,"Efavirenz/Emtricitabine/Tenofovir Disoproxil Fumarate 600/200/300mg, tablets, 30 Tabs",2038.37,133970,1647831.0,PMO - US,"Aurobindo Unit VII, IN",Efavirenz/Emtricitabine/Tenofovir Disoproxil Fumarate,12.3,N/A - From RDC,SO-45081,FPQ-12066,4/19/13,ARV,110-ZM-T30,24-Jan-14,Truck,Adult,30,0.41,SCMS from RDC,N/A - From RDC,See DN-3360 (ID#:84864)
4531,ASN-2295,Viread,South Africa,09-Jun-08,09-Jun-08,300mg,Tablet,No,Freight Included in Commodity Cost,Direct Drop,"Tenofovir Disoproxil Fumarate 300mg [Viread], tablets, 30 Tabs",15.26,400,9536.0,PMO - US,"Aspen-OSD, Port Elizabeth, SA",Tenofovir Disoproxil Fumarate,23.84,Date Not Captured,SCMS-25540,Pre-PQ Process,Pre-PQ Process,ARV,116-ZA-T01,12-Jun-08,Truck,Adult,30,0.79,S. BUYS WHOLESALER,DDP,Weight Captured Separately
83277,DN-3931,Generic,Rwanda,24-Sep-14,25-Sep-14,30/50/60mg,Chewable/dispersible tablet - FDC,Yes,993.2,From RDC,"Lamivudine/Nevirapine/Zidovudine 30/50/60mg, dispersible tablets, 60 Tabs",8.47,2196,8235.0,PMO - US,"Strides, Bangalore, India.",Lamivudine/Nevirapine/Zidovudine,3.75,N/A - From RDC,SO-48780,FPQ-14111,4/22/14,ARV,107-RW-T30,31-Oct-14,Air,Pediatric,60,0.06,SCMS from RDC,N/A - From RDC,98
43634,ASN-18785,Uni-Gold,South Sudan,16-May-13,16-May-13,MIssing,Test kit,Yes,1170.36,Direct Drop,"HIV 1/2, Uni-Gold HIV Kit, 20 Tests",2.06,52,1664.0,PMO - US,"Trinity Biotech, Plc","HIV 1/2, Uni-Gold HIV Kit",32.0,2/27/13,SCMS-178020,FPQ-11623,02-08-13,HRDT,900-SS-T30,16-May-13,Air,HIV test,20,1.6,"Trinity Biotech, Plc",EXW,24
65619,ASN-5907,Kaletra,South Africa,29-Dec-09,29-Dec-09,80/20mg/ml,Oral solution,No,Freight Included in Commodity Cost,Direct Drop,"Lopinavir/Ritonavir 80/20mg/ml [Kaletra], oral solution, cool, Bottle 5 x 60 ml",5.25,60,2433.47,PMO - US,ABBVIE (Abbott) Logis. UK,Lopinavir/Ritonavir,40.56,12/23/09,SCMS-60190,FPQ-4770,12/17/09,ARV,116-ZA-T30,29-Dec-09,Truck,Pediatric,300,0.14,S. BUYS WHOLESALER,DDP,Weight Captured Separately
10992,DN-863,Generic,Zambia,27-Aug-08,27-Aug-08,150/30mg,Tablet - FDC,Yes,3210.18,From RDC,"Lamivudine/Stavudine 150/30mg, tablets, 60 Tabs",199.79,32017,124866.3,PMO - US,Mylan (formerly Matrix) Nashik,Lamivudine/Stavudine,3.9,N/A - From RDC,SO-12090,Pre-PQ Process,Pre-PQ Process,ARV,110-ZM-T01,27-Aug-08,Air,Adult,60,0.06,SCMS from RDC,N/A - From RDC,2353
25220,ASN-17647,Determine,Nigeria,28-Jan-13,28-Jan-13,MIssing,Test kit,Yes,21683.23,Direct Drop,"HIV 1/2, Determine Complete HIV Kit, 100 Tests",293.48,2352,209328.0,PMO - US,"Alere Medical Co., Ltd.","HIV 1/2, Determine Complete HIV Kit",89.0,10/16/12,SCMS-162440,FPQ-10765,10-05-12,HRDT,133-NG-T30,09-Jan-13,Air,HIV test,100,0.89,"Orgenics, Ltd",EXW,1058
81747,ASN-25455,Generic,Mozambique,02-May-14,07-May-14,150/300/200mg,Tablet - FDC,Yes,16835.52,Direct Drop,"Lamivudine/Nevirapine/Zidovudine 150/200/300mg, tablets, 60 Tabs",206.89,24816,201257.76,PMO - US,Hetero Unit III Hyderabad IN,Lamivudine/Nevirapine/Zidovudine,8.11,12/17/13,SCMS-219220,FPQ-13395,12-11-13,ARV,111-MZ-T30,02-May-14,Air,Adult,60,0.14,HETERO LABS LIMITED,EXW,3392
85499,DN-3797,Generic,Burundi,05-Sep-14,18-Sep-14,200/50mg,Tablet,Yes,1621.53,From RDC,"Lopinavir/Ritonavir 200/50mg, tablets, 120 Tabs",4.12,200,4008.0,PMO - US,Mylan (formerly Matrix) Nashik,Lopinavir/Ritonavir,20.04,N/A - From RDC,SO-48600,FPQ-14112,4/18/14,ARV,102-BI-T30,30-Aug-14,Air,Adult,120,0.17,SCMS from RDC,N/A - From RDC,53
32435,ASN-19497,Generic,Malawi,24-Jul-13,24-Jul-13,600/300/300mg,Tablet - FDC,Yes,36695.74,Direct Drop,"Efavirenz/Lamivudine/Tenofovir Disoproxil Fumarate 600/300/300mg, tablets, 30 Tabs",2700.49,190000,2183100.0,PMO - US,Mylan (formerly Matrix) Nashik,Efavirenz/Lamivudine/Tenofovir Disoproxil Fumarate,11.49,10/31/12,SCMS-163900,FPQ-10790,10/17/12,ARV,103-MW-T30,24-Jul-13,Ocean,Adult,30,0.38,MYLAN LABORATORIES LTD (FORMERLY MATRIX LABORATORIES),EXW,21463
82545,DN-3022,Generic,CÃte dIvoire,28-Feb-13,28-Feb-13,300/300mg,Tablet - FDC,Yes,3880.14,From RDC,"Lamivudine/Tenofovir Disoproxil Fumarate 300/300mg, tablets, 30 Tabs",42.83,6500,30550.0,PMO - US,Hetero Unit III Hyderabad IN,Lamivudine/Tenofovir Disoproxil Fumarate,4.7,N/A - From RDC,SO-43331,FPQ-10633,09-11-12,ARV,104-CI-T30,28-Mar-13,Truck,Adult,30,0.16,SCMS from RDC,N/A - From RDC,677
16784,ASN-18903,Generic,Vietnam,25-Apr-13,25-Apr-13,300mg,Tablet,Yes,9759.55,Direct Drop,"Tenofovir Disoproxil Fumarate 300mg, tablets, 30 Tabs",152.12,34640,122972.0,PMO - US,Hetero Unit III Hyderabad IN,Tenofovir Disoproxil Fumarate,3.55,1/22/13,SCMS-174390,FPQ-11417,01-10-13,ARV,108-VN-T30,25-Apr-13,Air,Adult,30,0.12,HETERO LABS LIMITED,EXW,2804
84217,DN-2989,Generic,Zimbabwe,11-Feb-13,11-Feb-13,200mg,Tablet,No,See DN-2989 (ID#:84216),From RDC,"Nevirapine 200mg, tablets, 60 Tabs",532.54,164433,379840.23,PMO - US,"Aurobindo Unit III, India",Nevirapine,2.31,N/A - From RDC,SO-43220,FPQ-10632,09-11-12,ARV,113-ZW-T30,11-Feb-13,Truck,Adult,60,0.04,SCMS from RDC,N/A - From RDC,See DN-2989 (ID#:84216)
72538,ASN-27174,Determine,Uganda,30-Jul-14,07-Aug-14,MIssing,Test kit,Yes,23482.06,Direct Drop,"HIV 1/2, Determine Complete HIV Kit, 100 Tests",493.44,6000,480000.0,PMO - US,"Alere Medical Co., Ltd.","HIV 1/2, Determine Complete HIV Kit",80.0,5/20/14,SCMS-239770,FPQ-14254,05-12-14,HRDT,114-UG-T30,30-Jul-14,Air,HIV test,100,0.8,"Orgenics, Ltd",EXW,2432
82774,DN-4108,Generic,Mozambique,30-Mar-15,30-Mar-15,150/300mg,Tablet - FDC,Yes,1932.67,From RDC,"Lamivudine/Zidovudine 150/300mg, tablets, 60 Tabs",119.32,17246,116065.58,PMO - US,Hetero Unit III Hyderabad IN,Lamivudine/Zidovudine,6.73,N/A - From RDC,SO-47706,FPQ-13575,1/17/14,ARV,111-MZ-T30,27-Feb-15,Truck,Adult,60,0.11,SCMS from RDC,N/A - From RDC,1519
9749,ASN-2490,Aluvia,Vietnam,16-Nov-08,16-Nov-08,200/50mg,Tablet,Yes,2652.33,Direct Drop,"Lopinavir/Ritonavir 200/50mg [Aluvia], tablets, 120 Tabs",194.65,1480,121656.0,PMO - US,ABBVIE Ludwigshafen Germany,Lopinavir/Ritonavir,82.2,5/15/08,SCMS-23360,Pre-PQ Process,Pre-PQ Process,ARV,108-VN-T01,16-Nov-08,Air,Adult,120,0.68,ABBVIE LOGISTICS (FORMERLY ABBOTT LOGISTICS BV),FCA,370
7708,ASN-3664,Capillus,Haiti,24-Mar-09,24-Mar-09,MIssing,Test kit,Yes,1953.6,Direct Drop,"HIV 1/2, Capillus HIV Kit, 100 Tests",29.97,110,15290.0,PMO - US,"Trinity Biotech, Plc","HIV 1/2, Capillus HIV Kit",139.0,03-09-09,SCMS-40310,Pre-PQ Process,Pre-PQ Process,HRDT,106-HT-T01,24-Mar-09,Air,HIV test,100,1.39,"Trinity Biotech, Plc",EXW,78
68389,ASN-30377,Generic,South Africa,26-Jan-15,26-Jan-15,50mg,Capsule,No,Freight Included in Commodity Cost,Direct Drop,"Efavirenz 50mg, capsule, 30 Caps",0.02,9,19.55,PMO - US,"Aurobindo Unit III, India",Efavirenz,2.17,1/26/15,SCMS-259072,FPQ-14942,09-11-14,ARV,116-ZA-T30,26-Jan-15,Truck,Pediatric,30,0.07,PHARMACY DIRECT,DDP,Weight Captured Separately
83449,DN-1971,Generic,Nigeria,17-Aug-10,17-Aug-10,200/300mg,Tablet - FDC,Yes,6147.18,From RDC,"Emtricitabine/Tenofovir Disoproxil Fumarate 200/300mg, tablets, 30 Tabs",76,3000,35250.0,PMO - US,Mylan (formerly Matrix) Nashik,Emtricitabine/Tenofovir Disoproxil Fumarate,11.75,N/A - From RDC,SO-36913,FPQ-5688,5/27/10,ARV,151-NG-T30,31-Aug-10,Air Charter,Adult,30,0.39,SCMS from RDC,N/A - From RDC,270
84508,DN-1517,Generic,Uganda,02-Dec-09,02-Dec-09,200mg,Tablet,Yes,3228.26,From RDC,"Nevirapine 200mg, tablets, 60 Tabs",59.41,10453,30313.7,PMO - US,"Aurobindo Unit III, India",Nevirapine,2.9,N/A - From RDC,SO-33980,FPQ-4275,9/17/09,ARV,114-UG-T30,27-Nov-09,Air,Adult,60,0.05,SCMS from RDC,N/A - From RDC,1001
10986,DN-922,Generic,Tanzania,21-Oct-08,21-Oct-08,150/200/30mg,Tablet - FDC,Yes,52979.7,From RDC,"Lamivudine/Nevirapine/Stavudine 150/200/30mg, tablets, 60 Tabs",1069.42,90323,668390.2,PMO - US,"Cipla, Goa, India",Lamivudine/Nevirapine/Stavudine,7.4,N/A - From RDC,SO-13190,Pre-PQ Process,Pre-PQ Process,ARV,109-TZ-T01,21-Oct-08,Air,Adult,60,0.12,SCMS from RDC,N/A - From RDC,9635
37452,ASN-32122,Generic,South Africa,12-May-15,12-May-15,20mg/ml,Oral solution,No,Freight Included in Commodity Cost,Direct Drop,"Abacavir 20mg/ml, oral solution, Bottle, 240 ml",0.25,14,247.96,PMO - US,"Aurobindo Unit III, India",Abacavir,17.71,05-11-15,SCMS-259075,FPQ-14942,09-11-14,ARV,116-ZA-T30,12-May-15,Truck,Pediatric,240,0.07,PHARMACY DIRECT,DDP,Weight Captured Separately
84543,DN-1750,Generic,Uganda,25-Mar-10,25-Mar-10,600mg,Tablet,Yes,2021.53,From RDC,"Efavirenz 600mg, tablets, 30 Tabs",46.45,4200,21546.0,PMO - US,Mylan (formerly Matrix) Nashik,Efavirenz,5.13,N/A - From RDC,SO-34950,FPQ-4495,10/28/09,ARV,114-UG-T30,30-Apr-10,Truck,Adult,30,0.17,SCMS from RDC,N/A - From RDC,238
11097,DN-72,Generic,Nigeria,17-Apr-07,17-Apr-07,30mg,Capsule,Yes,4251,From RDC,"Stavudine 30mg, capsules, 60 Caps",MIssing,1260,2016.0,PMO - US,"Aurobindo Unit III, India",Stavudine,1.6,N/A - From RDC,SO-340,Pre-PQ Process,Pre-PQ Process,ARV,112-NG-T01,17-Apr-07,MIssing,Adult,60,0.03,SCMS from RDC,N/A - From RDC,988
85979,DN-3232,Generic,Zimbabwe,06-Aug-13,06-Aug-13,30/50/60mg,Chewable/dispersible tablet - FDC,No,See DN-3232 (ID#:85378),From RDC,"Lamivudine/Nevirapine/Zidovudine 30/50/60mg, dispersible tablets, 60 Tabs",72.98,14217,59000.55,PMO - US,Mylan (formerly Matrix) Nashik,Lamivudine/Nevirapine/Zidovudine,4.15,N/A - From RDC,SO-44290,FPQ-11478,1/16/13,ARV,103-ZW-T30,30-Jul-13,Truck,Pediatric,60,0.07,SCMS from RDC,N/A - From RDC,See DN-3232 (ID#:85378)
11919,DN-993,Generic,Zambia,01-Dec-08,01-Dec-08,200mg,Tablet,Yes,3629.37,From RDC,"Nevirapine 200mg, tablets, 60 Tabs",139.87,20989,71362.6,PMO - US,Hetero Unit III Hyderabad IN,Nevirapine,3.4,N/A - From RDC,SO-16670,Pre-PQ Process,Pre-PQ Process,ARV,110-ZM-T01,01-Dec-08,Truck,Adult,60,0.06,SCMS from RDC,N/A - From RDC,1162
81757,ASN-14785,Uni-Gold,Mozambique,20-Jun-12,20-Jun-12,MIssing,Test kit,Yes,37115.71,Direct Drop,"HIV 1/2, Uni-Gold HIV Kit, 20 Tests",396,7500,240000.0,PMO - US,"Trinity Biotech, Plc","HIV 1/2, Uni-Gold HIV Kit",32.0,04-05-12,SCMS-118351,FPQ-8116,08-04-11,HRDT,111-MZ-T30,20-Jun-12,Air,HIV test,20,1.6,"Trinity Biotech, Plc",EXW,2440
38192,ASN-17526,Determine,Nigeria,08-Jan-13,08-Jan-13,MIssing,Test kit,Yes,24927.19,Direct Drop,"HIV 1/2, Determine Complete HIV Kit, 100 Tests",342.39,2744,244216.0,PMO - US,"Alere Medical Co., Ltd.","HIV 1/2, Determine Complete HIV Kit",89.0,10/16/12,SCMS-162440,FPQ-10765,10-05-12,HRDT,133-NG-T30,09-Jan-13,Air,HIV test,100,0.89,"Orgenics, Ltd",EXW,1186
86522,DN-2883,Generic,Tanzania,31-Oct-12,31-Oct-12,200/300mg,Tablet - FDC,No,See DN-2883 (ID#:83630),From RDC,"Emtricitabine/Tenofovir Disoproxil Fumarate 200/300mg, tablets, 30 Tabs",397.65,43040,283633.6,PMO - US,Mylan (formerly Matrix) Nashik,Emtricitabine/Tenofovir Disoproxil Fumarate,6.59,N/A - From RDC,SO-42650,FPQ-9774,05-02-12,ARV,109-TZ-T30,30-Nov-12,Truck,Adult,30,0.22,SCMS from RDC,N/A - From RDC,See DN-2883 (ID#:83630)
38796,ASN-18369,Determine,Mozambique,20-Mar-13,20-Mar-13,MIssing,Test kit,Yes,13394.09,Direct Drop,"HIV 1/2, Determine Complete HIV Kit, 100 Tests",290.74,2938,235040.0,PMO - US,"Alere Medical Co., Ltd.","HIV 1/2, Determine Complete HIV Kit",80.0,11-06-12,SCMS-164000,FPQ-10880,10/18/12,HRDT,111-MZ-T30,20-Mar-13,Air,HIV test,100,0.8,"Orgenics, Ltd",EXW,1329
78419,ASN-18001,Kaletra,Zimbabwe,14-Mar-13,14-Mar-13,80/20mg/ml,Oral solution,Yes,13257.79,Direct Drop,"Lopinavir/Ritonavir 80/20mg/ml [Kaletra], oral solution, cool, Bottle 5 x 60 ml",44.12,1021,31467.22,PMO - US,ABBVIE (Abbott) Logis. UK,Lopinavir/Ritonavir,30.82,7/18/12,SCMS-148310,FPQ-9905,5/29/12,ARV,103-ZW-T30,09-Feb-13,Air,Pediatric,300,0.1,ABBVIE LOGISTICS (FORMERLY ABBOTT LOGISTICS BV),FCA,1013
77936,ASN-19166,Generic,South Africa,16-Apr-13,16-Apr-13,300mg,Tablet,No,Freight Included in Commodity Cost,Direct Drop,"Zidovudine 300mg, tablets, 60 Tabs",0.41,13,328.17,South Africa Field Office,"Aurobindo Unit III, India",Zidovudine,25.24,Date Not Captured,SCMS-183950,FPQ-11828,3/18/13,ARV,116-ZA-T30,16-Apr-13,Truck,Adult,60,0.42,S. BUYS WHOLESALER,DDP,Weight Captured Separately
52793,ASN-30499,Generic,Ghana,10-Apr-15,13-Apr-15,30/60mg,Chewable/dispersible tablet - FDC,Yes,12580,Direct Drop,"Lamivudine/Zidovudine 30/60mg, dispersible tablets, 60 Tabs",22.55,11022,21933.78,PMO - US,"Mylan,  H-12 & H-13, India",Lamivudine/Zidovudine,1.99,9/25/14,SCMS-254770,FPQ-14667,08-11-14,ARV,105-GH-T30,10-Apr-15,Air,Pediatric,60,0.03,MYLAN LABORATORIES LTD (FORMERLY MATRIX LABORATORIES),EXW,1976
85722,DN-2050,Generic,Ethiopia,08-Nov-10,08-Nov-10,300mg,Tablet,No,See DN-2050 (ID#:82926),From RDC,"Zidovudine 300mg, tablets, 60 Tabs",7.77,500,3605.0,PMO - US,"Aurobindo Unit III, India",Zidovudine,7.21,N/A - From RDC,SO-37620,FPQ-6428,9/24/10,ARV,117-ET-T30,19-Nov-10,Air,Adult,60,0.12,SCMS from RDC,N/A - From RDC,See DN-2050 (ID#:82926)
85826,DN-2532,Generic,Zambia,17-Feb-12,17-Feb-12,600mg,Tablet,No,See DN-2532 (ID#:82448),From RDC,"Efavirenz 600mg, tablets, 30 Tabs",656.26,113614,468089.68,PMO - US,Mylan (formerly Matrix) Nashik,Efavirenz,4.12,N/A - From RDC,SO-41121,FPQ-8759,11-06-11,ARV,110-ZM-T30,27-Apr-12,Truck,Adult,30,0.14,SCMS from RDC,N/A - From RDC,See DN-2532 (ID#:82448)
10917,DN-522,Generic,Ethiopia,20-Feb-08,20-Feb-08,20mg,Capsule,Yes,472.5,From RDC,"Stavudine 20mg, capsules, 60 Caps",0.61,219,383.25,PMO - US,"Aurobindo Unit III, India",Stavudine,1.75,N/A - From RDC,SO-1527,Pre-PQ Process,Pre-PQ Process,ARV,117-ET-T01,20-Feb-08,Air,Adult,60,0.03,SCMS from RDC,N/A - From RDC,16
84726,DN-2674,Generic,Rwanda,01-Jun-12,01-Jun-12,150/300mg,Tablet - FDC,Yes,26845.35,From RDC,"Lamivudine/Zidovudine 150/300mg, tablets, 60 Tabs",332.46,30480,237134.4,PMO - US,Mylan (formerly Matrix) Nashik,Lamivudine/Zidovudine,7.78,N/A - From RDC,SO-42150,FPQ-9912,05-11-12,ARV,107-RW-T30,29-Jun-12,Air,Adult,60,0.13,SCMS from RDC,N/A - From RDC,698
82585,DN-3205,Generic,Nigeria,29-May-13,29-May-13,600mg,Tablet,Yes,20761,From RDC,"Efavirenz 600mg, tablets, 30 Tabs",55.53,13481,44891.73,PMO - US,"Aurobindo Unit III, India",Efavirenz,3.33,N/A - From RDC,SO-45205,FPQ-11022,11/15/12,ARV,151-NG-T30,04-Jun-13,Air Charter,Adult,30,0.11,SCMS from RDC,N/A - From RDC,1296
82554,DN-3015,Generic,Haiti,14-Mar-13,14-Mar-13,600mg,Tablet,Yes,161712.87,From RDC,"Efavirenz 600mg, tablets, 30 Tabs",164.5,39936,132986.88,PMO - US,"Strides, Bangalore, India.",Efavirenz,3.33,N/A - From RDC,SO-44400,FPQ-11281,1/16/13,ARV,106-HT-T30,09-Apr-13,Air,Adult,30,0.11,SCMS from RDC,N/A - From RDC,16035
55093,ASN-28033,Generic,South Africa,29-Aug-14,29-Aug-14,50mg,Capsule,No,Freight Included in Commodity Cost,Direct Drop,"Efavirenz 50mg, capsule, 30 Caps",0.41,99,328.31,PMO - US,"Aurobindo Unit III, India",Efavirenz,3.32,8/29/14,SCMS-199289,FPQ-12522,07-11-13,ARV,116-ZA-T30,29-Aug-14,Truck,Pediatric,30,0.11,S. BUYS WHOLESALER,DDP,Weight Captured Separately
85422,DN-3408,Generic,Guyana,30-Nov-13,23-Dec-13,10mg/ml,Oral solution,Yes,728.3,From RDC,"Lamivudine 10mg/ml, oral solution w/syringe, Bottle, 240 ml",0.15,81,117.45,PMO - US,"Aurobindo Unit III, India",Lamivudine,1.45,N/A - From RDC,SO-46070,FPQ-12619,7/16/13,ARV,105-GY-T30,31-Dec-13,Air,Pediatric,240,0.01,SCMS from RDC,N/A - From RDC,32
86654,DN-3542,Generic,Nigeria,10-Feb-14,19-Feb-14,60/30mg,Tablet - FDC,No,See DN-3542 (ID#:83208),From RDC,"Abacavir/Lamivudine 60/30mg, tablets, 60 Tabs",24.32,4915,19660.0,PMO - US,Mylan (formerly Matrix) Nashik,Abacavir/Lamivudine,4.0,N/A - From RDC,SO-46541,FPQ-12801,08-06-13,ARV,151-NG-T30,07-Mar-14,Air Charter,Pediatric,60,0.07,SCMS from RDC,N/A - From RDC,See DN-3542 (ID#:83208)
85167,DN-2073,Generic,Haiti,05-Jan-11,05-Jan-11,10mg/ml,Oral solution,No,See DN-2073 (ID#:82362),From RDC,"Lamivudine 10mg/ml, oral solution w/syringe, Bottle, 240 ml",19.19,4810,8898.5,PMO - US,"Aurobindo Unit III, India",Lamivudine,1.85,N/A - From RDC,SO-37760,FPQ-6484,10/13/10,ARV,106-HT-T30,20-Dec-10,Air,Pediatric,240,0.01,SCMS from RDC,N/A - From RDC,See DN-2073 (ID#:82362)
86709,DN-3823,Generic,Zimbabwe,29-Jun-14,04-Aug-14,30/50/60mg,Chewable/dispersible tablet - FDC,Yes,15789.2,From RDC,"Lamivudine/Nevirapine/Zidovudine 30/50/60mg, dispersible tablets, 60 Tabs",253.16,66023,246265.79,PMO - US,"Cipla, Goa, India",Lamivudine/Nevirapine/Zidovudine,3.73,N/A - From RDC,SO-48441,FPQ-13967,04-02-14,ARV,103-ZW-T30,30-Sep-14,Truck,Pediatric,60,0.06,SCMS from RDC,N/A - From RDC,5780
39920,ASN-9870,Bioline,Rwanda,14-Apr-11,14-Apr-11,MIssing,Test kit,Yes,5161.55,Direct Drop,"HIV 1/2, Bioline 3.0 Kit, (no accessories), 30 Tests",82.79,1600,38400.0,PMO - US,"Standard Diagnostics, Korea","HIV 1/2, Bioline 3.0 Kit (no accessories)",24.0,10-06-10,SCMS-87190,FPQ-6413,9/21/10,HRDT,107-RW-T30,14-Apr-11,Air,HIV test,30,0.8,"Standard Diagnostics, Inc.",EXW,571
83150,DN-3263,Generic,Uganda,27-Sep-13,27-Sep-13,300/300mg,Tablet - FDC,Yes,85414.3,From RDC,"Lamivudine/Tenofovir Disoproxil Fumarate 300/300mg, tablets, 30 Tabs",199.91,34385,161609.5,PMO - US,Hetero Unit III Hyderabad IN,Lamivudine/Tenofovir Disoproxil Fumarate,4.7,N/A - From RDC,SO-45880,FPQ-12473,06-11-13,ARV,114-UG-T30,27-Sep-13,Air,Adult,30,0.16,SCMS from RDC,N/A - From RDC,11594
7476,ASN-3553,Epivir,South Africa,09-Oct-08,09-Oct-08,150mg,Tablet,No,Freight Included in Commodity Cost,Direct Drop,"Lamivudine 150mg [Epivir], tablets, 60 Tabs",11.31,1200,5772.0,PMO - US,GSK Cape Town Factory (South Africa),Lamivudine,4.81,Date Not Captured,SCMS-33320,Pre-PQ Process,Pre-PQ Process,ARV,116-ZA-T01,17-May-09,Truck,Adult,60,0.08,S. BUYS WHOLESALER,DDP,Weight Captured Separately
23967,ASN-29257,Generic,South Africa,05-Nov-14,05-Nov-14,300mg,Tablet,No,Freight Included in Commodity Cost,Direct Drop,"Abacavir 300mg, tablets, 60 Tabs",5.96,84,5795.22,PMO - US,"Aurobindo Unit III, India",Abacavir,68.99,11-04-14,SCMS-238555,FPQ-13973,4/30/14,ARV,116-ZA-T30,05-Nov-14,Truck,Adult,60,1.15,PHARMACY DIRECT,DDP,Weight Captured Separately
68627,ASN-6113,Generic,South Africa,27-Jan-10,27-Jan-10,30mg,Capsule,Yes,Freight Included in Commodity Cost,Direct Drop,"Stavudine 30mg, capsules, 60 Caps",27.17,3000,13863.09,PMO - US,"Aurobindo Unit III, India",Stavudine,4.62,9/22/09,SCMS-50363,FPQ-3596,05-07-09,ARV,116-ZA-T30,27-Jan-10,Truck,Adult,60,0.08,S. BUYS WHOLESALER,DDP,Weight Captured Separately
12186,DN-682,Generic,Haiti,21-Mar-08,21-Mar-08,30mg,Capsule,No,See DN-682 (ID#:10963),From RDC,"Stavudine 30mg, capsules, 60 Caps",10.47,4305,6543.6,PMO - US,"Aurobindo Unit III, India",Stavudine,1.52,N/A - From RDC,SO-2042,Pre-PQ Process,Pre-PQ Process,ARV,106-HT-T01,21-Mar-08,Air,Adult,60,0.03,SCMS from RDC,N/A - From RDC,See DN-682 (ID#:10963)
20321,ASN-16124,Generic,Vietnam,02-Oct-12,02-Oct-12,300mg,Tablet,Yes,7211.04,Direct Drop,"Abacavir 300mg, tablets, 60 Tabs",5.92,331,4220.25,PMO - US,Mylan (formerly Matrix) Nashik,Abacavir,12.75,06-11-12,SCMS-145310,FPQ-9576,04-11-12,ARV,108-VN-T30,02-Oct-12,Air,Adult,60,0.21,MYLAN LABORATORIES LTD (FORMERLY MATRIX LABORATORIES),EXW,2951
83109,DN-3018,Generic,CÃte dIvoire,28-Feb-13,28-Feb-13,300/300mg,Tablet - FDC,Yes,3980.18,From RDC,"Lamivudine/Tenofovir Disoproxil Fumarate 300/300mg, tablets, 30 Tabs",59.52,9033,42455.1,PMO - US,Hetero Unit III Hyderabad IN,Lamivudine/Tenofovir Disoproxil Fumarate,4.7,N/A - From RDC,SO-43271,FPQ-10626,09-06-12,ARV,104-CI-T30,11-Mar-13,Truck,Adult,30,0.16,SCMS from RDC,N/A - From RDC,941
83135,DN-3129,Generic,Burundi,09-May-13,09-May-13,300mg,Tablet,Yes,1501.4,From RDC,"Abacavir 300mg, tablets, 60 Tabs",2.89,180,2332.8,PMO - US,Mylan (formerly Matrix) Nashik,Abacavir,12.96,N/A - From RDC,SO-44660,FPQ-11661,2/20/13,ARV,102-BI-T30,30-Jun-13,Air,Adult,60,0.22,SCMS from RDC,N/A - From RDC,123
5799,ASN-2300,Ziagen,South Africa,14-May-08,14-May-08,300mg,Tablet - blister,No,Freight Included in Commodity Cost,Direct Drop,"Abacavir 300mg [Ziagen], tablets, Blister 6 x 10 Tabs",0.64,8,397.92,PMO - US,GSK Ware (UK),Abacavir,49.74,Date Not Captured,SCMS-23500,Pre-PQ Process,Pre-PQ Process,ARV,116-ZA-T01,20-Aug-08,Truck,Adult,60,0.83,S. BUYS WHOLESALER,DDP,Weight Captured Separately
65005,ASN-13559,Generic,Rwanda,02-Feb-12,02-Feb-12,100/25mg,Tablet,Yes,2682.48,Direct Drop,"Lopinavir/Ritonavir 100/25mg [Aluvia], tablets, 60 Tabs",16.6,1305,10061.55,PMO - US,ABBVIE Ludwigshafen Germany,Lopinavir/Ritonavir,7.71,11-11-11,SCMS-126460,FPQ-8365,10/26/11,ARV,107-RW-T30,02-Feb-12,Air,Pediatric,60,0.13,ABBVIE LOGISTICS (FORMERLY ABBOTT LOGISTICS BV),FCA,150
11384,DN-100,Generic,Rwanda,14-May-07,14-May-07,30mg,Capsule,No,See DN-100 (ID#:10823),From RDC,"Stavudine 30mg, capsules, 60 Caps",MIssing,117,188.37,PMO - US,"Strides, Bangalore, India.",Stavudine,1.61,N/A - From RDC,SO-481,Pre-PQ Process,Pre-PQ Process,ARV,107-RW-T01,14-May-07,Air,Adult,60,0.03,SCMS from RDC,N/A - From RDC,See DN-100 (ID#:10823)
43827,ASN-26738,Uni-Gold,"Congo, DRC",05-Sep-14,16-Sep-14,MIssing,Test kit,No,See ASN-26738 (ID#:15115),Direct Drop,"HIV 1/2, Uni-Gold HIV Kit, 20 Tests",0.2,6,192.0,PMO - US,"Trinity Biotech, Plc","HIV 1/2, Uni-Gold HIV Kit",32.0,5/20/14,SCMS-239410,FPQ-14100,4/23/14,HRDT,101-CD-T30,05-Sep-14,Air,HIV test,20,1.6,"Trinity Biotech, Plc",EXW,See ASN-26738 (ID#:15115)
20432,ASN-12169,Generic,South Africa,03-Nov-11,03-Nov-11,600mg,Tablet,Yes,9323.3,Direct Drop,"Efavirenz 600mg, tablets, 30 Tabs",793.18,106589,480716.39,PMO - US,"Aurobindo Unit III, India",Efavirenz,4.51,3/24/11,SCMS-103390,FPQ-7175,03-10-11,ARV,161-ZA-T30,10-Oct-11,Ocean,Adult,30,0.15,Aurobindo Pharma Limited,DDP,9061
11424,DN-252,Generic,Zimbabwe,30-Jul-07,30-Jul-07,600mg,Tablet,Yes,1300.45,From RDC,"Efavirenz 600mg, tablets, 30 Tabs",83.25,3200,52032.0,PMO - US,"Aurobindo Unit III, India",Efavirenz,16.26,N/A - From RDC,SO-416,Pre-PQ Process,Pre-PQ Process,ARV,113-ZW-T01,30-Jul-07,MIssing,Adult,30,0.54,SCMS from RDC,N/A - From RDC,280
84442,DN-4096,Generic,Mozambique,13-Mar-15,17-Mar-15,600/300/300mg,Tablet - FDC,No,See DN-4096 (ID#:83304),From RDC,"Efavirenz/Lamivudine/Tenofovir Disoproxil Fumarate 600/300/300mg, tablets, 30 Tabs",4398.68,438409,4278871.84,PMO - US,"Aurobindo Unit VII, IN",Efavirenz/Lamivudine/Tenofovir Disoproxil Fumarate,9.76,N/A - From RDC,SO-49710,FPQ-14843,8/21/14,ARV,111-MZ-T30,28-Feb-15,Truck,Adult,30,0.33,SCMS from RDC,N/A - From RDC,See DN-4096 (ID#:83304)
26927,ASN-24415,Generic,South Africa,06-Feb-14,06-Feb-14,300mg,Tablet,No,Freight Included in Commodity Cost,Direct Drop,"Zidovudine 300mg, tablets, 60 Tabs",1.79,62,1448.18,PMO - US,"Aurobindo Unit III, India",Zidovudine,23.36,12-02-13,SCMS-215370,FPQ-13035,10-08-13,ARV,116-ZA-T30,06-Feb-14,Truck,Adult,60,0.39,S. BUYS WHOLESALER,DDP,Weight Captured Separately
9279,ASN-127,Generic,Uganda,21-Dec-06,21-Dec-06,600mg,Tablet,No,See ASN-127 (ID#:3955),Direct Drop,"Efavirenz 600mg, tablets, 30 Tabs",MIssing,5080,85090.0,PMO - US,"Aurobindo Unit III, India",Efavirenz,16.75,Date Not Captured,SCMS-157,Pre-PQ Process,Pre-PQ Process,ARV,114-UG-T01,21-Dec-06,Air,Adult,30,0.56,Aurobindo Pharma Limited,EXW,See ASN-127 (ID#:3955)
12498,DN-720,Generic,Ethiopia,21-Apr-08,21-Apr-08,1mg/ml,Oral solution,Yes,1850.7,From RDC,"Stavudine 1mg/ml, powder for oral solution, 200 ml",6.72,3000,4200.0,PMO - US,"Aurobindo Unit III, India",Stavudine,1.4,N/A - From RDC,SO-2358,Pre-PQ Process,Pre-PQ Process,ARV,117-ET-T01,21-Apr-08,Air,Pediatric,200,0.01,SCMS from RDC,N/A - From RDC,342
11265,DN-690,Generic,Haiti,14-Apr-08,14-Apr-08,10mg/ml,Oral solution,No,See DN-690 (ID#:10706),From RDC,"Lamivudine 10mg/ml, oral solution, Bottle, 240 ml",13.67,4338,8545.86,PMO - US,"Aurobindo Unit III, India",Lamivudine,1.97,N/A - From RDC,SO-2055,Pre-PQ Process,Pre-PQ Process,ARV,106-HT-T01,14-Apr-08,Air,Pediatric,240,0.01,SCMS from RDC,N/A - From RDC,See DN-690 (ID#:10706)
12225,DN-864,Generic,Zambia,27-Aug-08,27-Aug-08,200mg,Tablet,Yes,3540.35,From RDC,"Nevirapine 200mg, tablets, 60 Tabs",212.53,39068,132831.2,PMO - US,Hetero Unit III Hyderabad IN,Nevirapine,3.4,N/A - From RDC,SO-2476,Pre-PQ Process,Pre-PQ Process,ARV,110-ZM-T01,27-Aug-08,Air,Adult,60,0.06,SCMS from RDC,N/A - From RDC,4510
84322,DN-3493,Generic,South Sudan,11-Feb-14,13-Feb-14,200mg,Tablet,Yes,6333,From RDC,"Nevirapine 200mg, tablets, 60 Tabs",0.88,378,854.28,PMO - US,"Aurobindo Unit III, India",Nevirapine,2.26,N/A - From RDC,SO-47110,FPQ-13173,10/28/13,ARV,103-SS-T30,22-Jan-14,Air,Adult,60,0.04,SCMS from RDC,N/A - From RDC,613
84688,DN-2469,Generic,CÃte dIvoire,08-Feb-12,08-Feb-12,150/300mg,Tablet - FDC,No,See DN-2469 (ID#:82427),From RDC,"Lamivudine/Zidovudine 150/300mg, tablets, 60 Tabs",777.68,57061,471323.86,PMO - US,"Cipla, Goa, India",Lamivudine/Zidovudine,8.26,N/A - From RDC,SO-40831,FPQ-8363,8/29/11,ARV,104-CI-T30,27-Apr-12,Air Charter,Adult,60,0.14,SCMS from RDC,N/A - From RDC,See DN-2469 (ID#:82427)
64850,ASN-7110,Generic,South Africa,27-Jul-10,27-Jul-10,200mg,Tablet,Yes,9205.05,Direct Drop,"Nevirapine 200mg, tablets, 60 Tabs",532.15,85111,246821.9,PMO - US,"Strides, Bangalore, India.",Nevirapine,2.9,3/19/10,SCMS-68760,FPQ-5303,3/18/10,ARV,161-ZA-T30,27-Jul-10,Air,Adult,60,0.05,STRIDES ARCOLAB LIMITED,DDP,5437
12107,DN-343,Generic,Zambia,07-Sep-07,07-Sep-07,20mg/ml,Oral solution,Yes,1886.39,From RDC,"Abacavir 20mg/ml, oral solution, Bottle, 240 ml",26.4,1000,16500.0,PMO - US,"Aurobindo Unit III, India",Abacavir,16.5,N/A - From RDC,SO-822,Pre-PQ Process,Pre-PQ Process,ARV,110-ZM-T01,07-Sep-07,MIssing,Pediatric,240,0.07,SCMS from RDC,N/A - From RDC,355
44045,ASN-5101,Generic,Uganda,11-Nov-09,11-Nov-09,150mg,Capsule,Yes,986.79,Direct Drop,"Atazanavir 150mg, capsules, 60 Caps",2.35,46,1200.14,PMO - US,"Emcure Plot No.P-2, I.T-B.T. Park, Phase II, MIDC, Hinjwadi, Pune, India",Atazanavir,26.09,9/14/09,SCMS-52580,FPQ-3891,7/22/09,ARV,114-UG-T30,11-Nov-09,Air,Pediatric,60,0.43,EMCURE PHARMACEUTICALS LTD,EXW,3
7696,ASN-3629,Generic,Haiti,07-Apr-09,07-Apr-09,50mg,Capsule,Yes,1448.55,Direct Drop,"Efavirenz 50mg, capsule, 30 Caps",5.45,1242,2782.08,PMO - US,"Aurobindo Unit III, India",Efavirenz,2.24,03-06-09,SCMS-40010,Pre-PQ Process,Pre-PQ Process,ARV,106-HT-T01,07-Apr-09,Air,Pediatric,30,0.07,Aurobindo Pharma Limited,EXW,96
79111,ASN-6207,Generic,South Africa,15-Feb-10,15-Feb-10,300mg,Tablet,Yes,Freight Included in Commodity Cost,Direct Drop,"Zidovudine 300mg, tablets, 60 Tabs",62.51,1130,31894.32,PMO - US,"Aurobindo Unit III, India",Zidovudine,28.23,9/22/09,SCMS-50373,FPQ-3596,05-07-09,ARV,116-ZA-T30,15-Feb-10,Truck,Adult,60,0.47,"JSI R&T INSTITUTE, INC.",DDP,Weight Captured Separately
84590,DN-1998,Generic,Uganda,23-Aug-10,23-Aug-10,150/300mg,Tablet - FDC,No,See DN-1998 (ID#:84589),From RDC,"Lamivudine/Zidovudine 150/300mg, tablets, 60 Tabs",497.55,26991,230773.05,PMO - US,"Aurobindo Unit III, India",Lamivudine/Zidovudine,8.55,N/A - From RDC,SO-37260,FPQ-6202,08-06-10,ARV,102-UG-T30,30-Sep-10,Air,Adult,60,0.14,SCMS from RDC,N/A - From RDC,See DN-1998 (ID#:84589)
18992,ASN-33472,Reyataz,South Africa,24-Jul-15,24-Jul-15,150mg,Capsule,Yes,Freight Included in Commodity Cost,Direct Drop,"Atazanavir 150mg [Reyataz], capsules, 60 Caps",0.15,9,143.1,PMO - US,"BMS Evansville, US",Atazanavir,15.9,10-09-14,SCMS-259078,FPQ-14942,09-11-14,ARV,116-ZA-T30,24-Jul-15,Truck,Pediatric,60,0.26,PHARMACY DIRECT,DDP,Weight Captured Separately
2477,ASN-3987,Determine,Guyana,05-Jun-09,05-Jun-09,MIssing,Test kit,Yes,1859.79,Direct Drop,"HIV 1/2, Determine Complete HIV Kit, 100 Tests",74.97,425,38250.0,PMO - US,Inverness Japan,"HIV 1/2, Determine Complete HIV Kit",90.0,3/31/09,SCMS-42290,Pre-PQ Process,Pre-PQ Process,HRDT,102-GY-T01,05-Jun-09,Air,HIV test,100,0.9,"Orgenics, Ltd",EXW,130
50383,ASN-13952,Videx,Tanzania,29-Mar-12,29-Mar-12,25mg,Chewable/dispersible tablet,No,See ASN-13952 (ID#:16173),Direct Drop,"Didanosine 25mg [Videx], chewable tablets, 60 Tabs",34.65,3000,21000.0,PMO - US,Bristol-Myers Squibb Anagni IT,Didanosine,7.0,08-04-11,SCMS-117230,FPQ-7992,07-08-11,ARV,109-TZ-T30,29-Mar-12,Air,Pediatric,60,0.12,LAWRENCE LABORATORIES (SUBSIDIARY OF BRISTOL MYERS SQUIBB),FCA,See ASN-13952 (ID#:16173)
70614,ASN-18882,Determine,Uganda,29-Apr-13,29-Apr-13,MIssing,Test kit,Yes,32471.83,Direct Drop,"HIV 1/2, Determine Complete HIV Kit, 100 Tests",300.34,3035,242800.0,PMO - US,"Alere Medical Co., Ltd.","HIV 1/2, Determine Complete HIV Kit",80.0,01-02-13,SCMS-171680,FPQ-11098,12/13/12,HRDT,114-UG-T30,29-Apr-13,Air,HIV test,100,0.8,"Orgenics, Ltd",EXW,1346
12252,DN-987,Generic,Uganda,06-Jan-09,06-Jan-09,150/300/200mg,Tablet - FDC,Yes,8252.73,From RDC,"Lamivudine/Nevirapine/Zidovudine 150/200/300mg, tablets, 60 Tabs",118.67,5131,60545.8,PMO - US,"Aurobindo Unit III, India",Lamivudine/Nevirapine/Zidovudine,11.8,N/A - From RDC,SO-17900,Pre-PQ Process,Pre-PQ Process,ARV,114-UG-T01,06-Jan-09,Air,Adult,60,0.2,SCMS from RDC,N/A - From RDC,691
85030,DN-4253,Generic,CÃte dIvoire,08-Jun-15,19-Jun-15,150/300mg,Tablet - FDC,No,See DN-4253 (ID#:83334),From RDC,"Lamivudine/Zidovudine 150/300mg, tablets, 60 Tabs",247.8,36971,241050.92,PMO - US,Mylan (formerly Matrix) Nashik,Lamivudine/Zidovudine,6.52,N/A - From RDC,SO-49040,FPQ-14370,5/23/14,ARV,104-CI-T30,08-Jun-15,Truck,Adult,60,0.11,SCMS from RDC,N/A - From RDC,See DN-4253 (ID#:83334)
77113,ASN-30907,Stat-Pak,CÃte dIvoire,09-Apr-15,10-Apr-15,MIssing,Test kit,Yes,5640.23,Direct Drop,"HIV 1/2, Stat-Pak HIV, Kit, 20 Tests",44.88,1230,38130.0,PMO - US,Chembio Diagnostics Sys. Inc.,"HIV 1/2, Stat-Pak HIV, Kit",31.0,12-10-14,SCMS-263380,FPQ-15251,10/22/14,HRDT,104-CI-T30,09-Apr-15,Air,HIV test,20,1.55,"CHEMBIO DIAGNOSTIC SYSTEMS, INC.",EXW,357
86597,DN-3289,Generic,Mozambique,13-Nov-13,02-Dec-13,150/300mg,Tablet - FDC,No,See DN-3289 (ID#:84844),From RDC,"Lamivudine/Zidovudine 150/300mg, tablets, 60 Tabs",341.88,38016,276376.32,PMO - US,"Aurobindo Unit III, India",Lamivudine/Zidovudine,7.27,N/A - From RDC,SO-44863,FPQ-11884,3/19/13,ARV,111-MZ-T30,13-Nov-13,Truck,Adult,60,0.12,SCMS from RDC,N/A - From RDC,See DN-3289 (ID#:84844)
21199,ASN-27200,Kaletra,Haiti,29-Aug-14,03-Sep-14,80/20mg/ml,Oral solution,Yes,1257.16,Direct Drop,"Lopinavir/Ritonavir 80/20mg/ml [Kaletra], oral solution, cool, Bottle 5 x 60 ml",1.27,40,1232.8,PMO - US,ABBVIE (Abbott) Logis. UK,Lopinavir/Ritonavir,30.82,4/28/14,SCMS-233920,FPQ-13797,3/20/14,ARV,106-HT-T30,29-Aug-14,Air,Pediatric,300,0.1,ABBVIE LOGISTICS (FORMERLY ABBOTT LOGISTICS BV),FCA,61
84233,DN-3015,Generic,Haiti,14-Mar-13,14-Mar-13,15mg,Capsule,No,See DN-3015 (ID#:82554),From RDC,"Stavudine 15mg, capsules, 60 Caps",0.35,216,285.12,PMO - US,"Aurobindo Unit III, India",Stavudine,1.32,N/A - From RDC,SO-44400,FPQ-11281,1/16/13,ARV,106-HT-T30,09-Apr-13,Air,Adult,60,0.02,SCMS from RDC,N/A - From RDC,See DN-3015 (ID#:82554)
85692,DN-1940,Generic,Nigeria,28-Jun-10,28-Jun-10,150/300mg,Tablet - FDC,Yes,Freight Included in Commodity Cost,From RDC,"Lamivudine/Zidovudine 150/300mg, tablets, 60 Tabs",37.77,2000,17520.0,PMO - US,Mylan (formerly Matrix) Nashik,Lamivudine/Zidovudine,8.76,N/A - From RDC,SO-36544,FPQ-5023,02-10-10,ARV,151-NG-T30,15-Jul-10,Air,Adult,60,0.15,SCMS from RDC,N/A - From RDC,161
82471,DN-2643,Generic,Uganda,18-May-12,18-May-12,300/300mg,Tablet - FDC,Yes,3758.4,From RDC,"Lamivudine/Tenofovir Disoproxil Fumarate 300/300mg, tablets, 30 Tabs",11.65,1500,8310.0,PMO - US,Mylan (formerly Matrix) Nashik,Lamivudine/Tenofovir Disoproxil Fumarate,5.54,N/A - From RDC,SO-41510,FPQ-9321,02-10-12,ARV,114-UG-T30,03-Jul-12,Truck,Adult,30,0.18,SCMS from RDC,N/A - From RDC,729
71893,ASN-31106,Generic,Haiti,25-May-15,26-May-15,600mg,Tablet,Yes,4532.44,Direct Drop,"Efavirenz 600mg, tablets, 30 Tabs",70.62,21203,68697.72,PMO - US,"Cipla, Goa, India",Efavirenz,3.24,11/14/14,SCMS-260970,FPQ-14895,9/24/14,ARV,106-HT-T30,25-May-15,Ocean,Adult,30,0.11,CIPLA LIMITED,EXW,2471
11304,DN-931,Generic,Mozambique,14-Nov-08,14-Nov-08,150/200/30mg,Tablet - FDC,Yes,1012.43,From RDC,"Lamivudine/Nevirapine/Stavudine 150/200/30mg, tablets, 60 Tabs",1440.1,125009,900064.8,PMO - US,"Strides, Bangalore, India.",Lamivudine/Nevirapine/Stavudine,7.2,N/A - From RDC,SO-11070,Pre-PQ Process,Pre-PQ Process,ARV,111-MZ-T01,14-Nov-08,Truck,Adult,60,0.12,SCMS from RDC,N/A - From RDC,7910
84120,DN-2422,Generic,CÃte dIvoire,19-Nov-11,19-Nov-11,300mg,Tablet,Yes,3296.34,From RDC,"Tenofovir Disoproxil Fumarate 300mg, tablets, 30 Tabs",37.29,3520,22598.4,PMO - US,Mylan (formerly Matrix) Nashik,Tenofovir Disoproxil Fumarate,6.42,N/A - From RDC,SO-40800,FPQ-8295,8/25/11,ARV,104-CI-T30,23-Dec-11,Truck,Adult,30,0.21,SCMS from RDC,N/A - From RDC,197
84757,DN-2865,Generic,Zambia,05-Oct-12,05-Oct-12,200mg,Tablet,No,See DN-2865 (ID#:82514),From RDC,"Nevirapine 200mg, tablets, 60 Tabs",339.28,100000,242000.0,PMO - US,Hetero Unit III Hyderabad IN,Nevirapine,2.42,N/A - From RDC,SO-41992,FPQ-9773,4/27/12,ARV,110-ZM-T30,10-Oct-12,Truck,Adult,60,0.04,SCMS from RDC,N/A - From RDC,See DN-2865 (ID#:82514)
12462,DN-572,Generic,Rwanda,28-Jan-08,28-Jan-08,MIssing,Test kit - Ancillary,No,See DN-572 (ID#:11840),From RDC,"HIV, Lancet, Safety, for HIV Test kits, 100 Pcs",0.02,1250,12.5,PMO - US,Inverness Japan,"HIV, Lancet, Safety, for HIV Test kits, 100 Pcs",0.01,N/A - From RDC,SO-1223,Pre-PQ Process,Pre-PQ Process,HRDT,107-RW-T01,28-Jan-08,Air,HIV test - Ancillary,100,0.0,SCMS from RDC,N/A - From RDC,See DN-572 (ID#:11840)
22091,ASN-22113,Determine,Dominican Republic,29-Oct-13,01-Nov-13,MIssing,Test kit,Yes,9165.29,Direct Drop,"HIV 1/2, Determine Complete HIV Kit, 100 Tests",202,1775,163300.0,PMO - US,"Alere Medical Co., Ltd.","HIV 1/2, Determine Complete HIV Kit",92.0,1/15/13,SCMS-172501,FPQ-11295,12/17/12,HRDT,105-DO-T30,29-Oct-13,Air,HIV test,100,0.92,"Orgenics, Ltd",EXW,721
86430,DN-2465,Generic,Nigeria,18-Dec-11,18-Dec-11,150/300/200mg,Tablet - FDC,No,See DN-2465 (ID#:82426),From RDC,"Lamivudine/Nevirapine/Zidovudine 150/200/300mg, tablets, 60 Tabs",1850.82,99974,1121708.28,PMO - US,"Cipla, Goa, India",Lamivudine/Nevirapine/Zidovudine,11.22,N/A - From RDC,SO-40661,FPQ-8364,8/29/11,ARV,151-NG-T30,16-Mar-12,Air Charter,Adult,60,0.19,SCMS from RDC,N/A - From RDC,See DN-2465 (ID#:82426)
29752,ASN-16964,Generic,Vietnam,26-Nov-12,26-Nov-12,600/300/300mg,Tablet - FDC,Yes,6878.63,Direct Drop,"Efavirenz/Lamivudine/Tenofovir Disoproxil Fumarate 600/300/300mg, tablets, 30 Tabs",729.04,40000,520000.0,PMO - US,Mylan (formerly Matrix) Nashik,Efavirenz/Lamivudine/Tenofovir Disoproxil Fumarate,13.0,06-12-12,SCMS-145531,FPQ-9577,04-11-12,ARV,108-VN-T30,26-Nov-12,Air,Adult,30,0.43,MYLAN LABORATORIES LTD (FORMERLY MATRIX LABORATORIES),EXW,4233
83653,DN-3010,Generic,CÃte dIvoire,26-Feb-13,26-Feb-13,600/300/300mg,Tablet - FDC,Yes,7690.06,From RDC,"Efavirenz/Lamivudine/Tenofovir Disoproxil Fumarate 600/300/300mg, tablets, 30 Tabs",244.59,14406,174456.66,PMO - US,Mylan (formerly Matrix) Nashik,Efavirenz/Lamivudine/Tenofovir Disoproxil Fumarate,12.11,N/A - From RDC,SO-42374,FPQ-9749,4/19/12,ARV,104-CI-T30,28-Feb-13,Truck,Adult,30,0.4,SCMS from RDC,N/A - From RDC,1639
78789,ASN-11253,Generic,Ethiopia,01-Jul-11,01-Jul-11,300/300mg,Tablet - FDC,Yes,60713.12,Direct Drop,"Lamivudine/Tenofovir Disoproxil Fumarate 300/300mg, tablets, 30 Tabs",1029.6,100000,624000.0,PMO - US,Mylan (formerly Matrix) Nashik,Lamivudine/Tenofovir Disoproxil Fumarate,6.24,5/26/11,SCMS-110050,FPQ-7802,5/23/11,ARV,117-ET-T30,01-Jul-11,Air,Adult,30,0.21,MYLAN LABORATORIES LTD (FORMERLY MATRIX LABORATORIES),EXW,9565
51990,ASN-10317,Generic,Rwanda,31-May-11,31-May-11,300/300mg,Tablet - FDC,Yes,14760.6,Direct Drop,"Lamivudine/Tenofovir Disoproxil Fumarate 300/300mg, tablets, 30 Tabs",1674.57,82981,776702.16,PMO - US,Hetero Unit III Hyderabad IN,Lamivudine/Tenofovir Disoproxil Fumarate,9.36,9/28/10,SCMS-84970,FPQ-6341,09-03-10,ARV,107-RW-T30,31-May-11,Ocean,Adult,30,0.31,HETERO LABS LIMITED,EXW,6683
60450,ASN-5878,Determine,Kenya,19-Feb-10,19-Feb-10,MIssing,Test kit,Yes,14532.09,Direct Drop,"HIV 1/2, Determine Complete HIV Kit, 100 Tests",258.72,1500,120000.0,PMO - US,Inverness Japan,"HIV 1/2, Determine Complete HIV Kit",80.0,12-02-09,SCMS-58380,FPQ-4587,11/18/09,HRDT,102-KE-T30,16-Feb-10,Air,HIV test,100,0.8,"Orgenics, Ltd",EXW,1489
85745,DN-2128,Generic,Zimbabwe,18-Mar-11,18-Mar-11,300/300mg,Tablet - FDC,No,See DN-2128 (ID#:84624),From RDC,"Lamivudine/Tenofovir Disoproxil Fumarate 300/300mg, tablets, 30 Tabs",192.33,10114,89205.48,PMO - US,Mylan (formerly Matrix) Nashik,Lamivudine/Tenofovir Disoproxil Fumarate,8.82,N/A - From RDC,SO-38830,FPQ-6470,10/13/10,ARV,113-ZW-T30,31-Mar-11,Truck,Adult,30,0.29,SCMS from RDC,N/A - From RDC,See DN-2128 (ID#:84624)
5050,ASN-3778,Zerit,South Africa,11-Feb-09,11-Feb-09,20mg,Capsule,Yes,Freight Included in Commodity Cost,Direct Drop,"Stavudine 20mg [Zerit], capsules, 60 Caps",2.31,300,1179.0,PMO - US,"BMS Meymac, France",Stavudine,3.93,Date Not Captured,SCMS-41180,Pre-PQ Process,Pre-PQ Process,ARV,116-ZA-T01,03-Apr-09,Air,Adult,60,0.07,S. BUYS WHOLESALER,DDP,Weight Captured Separately
7467,ASN-3154,Colloidal Gold,Ethiopia,26-Jan-09,26-Jan-09,MIssing,Test kit,Yes,20083.74,Direct Drop,"HIV 1/2, SKB Colloidal Gold, Diagnostic Kit, Antibody, 50 Tests",158.23,3510,80730.0,PMO - US,"KHB Test Kit Facility, Shanghai China","HIV 1/2, Colloidal Gold, Diagnostic Kit, Antibody",23.0,10/27/08,SCMS-32630,Pre-PQ Process,Pre-PQ Process,HRDT,117-ET-T01,26-Jan-09,Air,HIV test,1,23.0,"SHANGHAI KEHUA BIOENGINEERING CO.,LTD.  (KHB)",EXW,2535
64553,ASN-22849,Generic,Rwanda,13-Dec-13,17-Dec-13,600/300mg,Tablet - FDC,Yes,9061.84,Direct Drop,"Abacavir/Lamivudine 600/300mg, tablets, 30 Tabs",251.11,14000,203000.0,PMO - US,"Aurobindo Unit III, India",Abacavir/Lamivudine,14.5,9/19/13,SCMS-205920,FPQ-12791,08-09-13,ARV,107-RW-T30,13-Dec-13,Air,Adult,30,0.48,Aurobindo Pharma Limited,EXW,1428
11584,DN-991,Uni-Gold,Kenya,31-Oct-08,31-Oct-08,MIssing,Test kit,Yes,157.5,From RDC,"HIV 1/2, Uni-Gold HIV Kit, 20 Tests",78.4,1250,40000.0,PMO - US,"Trinity Biotech, Plc","HIV 1/2, Uni-Gold HIV Kit",32.0,N/A - From RDC,SO-11470,Pre-PQ Process,Pre-PQ Process,HRDT,102-KE-T01,31-Oct-08,Truck,HIV test,20,1.6,SCMS from RDC,N/A - From RDC,394
43875,ASN-26882,Generic,South Africa,25-Jun-14,25-Jun-14,200mg,Tablet,No,Freight Included in Commodity Cost,Direct Drop,"Nevirapine 200mg, tablets, 60 Tabs",0.42,23,408.18,PMO - US,"Aurobindo Unit III, India",Nevirapine,17.75,6/25/14,SCMS-238551,FPQ-13973,4/30/14,ARV,116-ZA-T30,25-Jun-14,Truck,Adult,60,0.3,PHARMACY DIRECT,DDP,Weight Captured Separately
75122,ASN-16202,INSTi,Zimbabwe,10-Oct-12,10-Oct-12,MIssing,Test kit,Yes,8434.27,Direct Drop,"HIV 1/2, INSTI HIV Antibody Individual POC, 1 Test",40.75,11626,29065.0,PMO - US,bioLytical Laboratories,"HIV 1/2, INSTI HIV Antibody Individual POC, 1 Test",2.5,07-11-12,SCMS-150570,FPQ-10036,6/15/12,HRDT,113-ZW-T30,10-Oct-12,Air,HIV test,1,2.5,BIOLYTICAL LABORATORIES INC.,EXW,613
2808,ASN-1039,Generic,Ethiopia,24-Dec-07,24-Dec-07,30mg,Capsule,Yes,6755.81,Direct Drop,"Stavudine 30mg, capsules, 60 Caps",86.96,35065,54350.75,PMO - US,"Aurobindo Unit III, India",Stavudine,1.55,10-03-07,SCMS-11071,Pre-PQ Process,Pre-PQ Process,ARV,117-ET-T01,20-Nov-07,Air,Adult,60,0.03,Aurobindo Pharma Limited,EXW,2318
17949,ASN-10127,Generic,South Africa,26-Apr-11,26-Apr-11,600mg,Tablet,Yes,11372.23,Direct Drop,"Efavirenz 600mg, tablets, 30 Tabs",315.27,32280,146228.4,PMO - US,"Aurobindo Unit III, India",Efavirenz,4.53,9/24/10,SCMS-83770,FPQ-6262,8/31/10,ARV,161-ZA-T30,26-Apr-11,Ocean,Adult,30,0.15,Aurobindo Pharma Limited,DDP,7017
25127,ASN-5373,Videx,South Africa,19-Oct-09,19-Oct-09,100mg,Chewable/dispersible tablet,No,Freight Included in Commodity Cost,Direct Drop,"Didanosine 100mg [Videx],chewable tablets, 60 Tabs",0.32,10,162.9,PMO - US,"BMS Meymac, France",Didanosine,16.29,10/15/09,SCMS-54980,FPQ-4359,10-08-09,ARV,116-ZA-T30,19-Oct-09,Truck,Pediatric,60,0.27,S. BUYS WHOLESALER,DDP,Weight Captured Separately
25956,ASN-22467,Generic,Cameroon,07-Nov-13,08-Nov-13,600mg,Tablet,Yes,18141.62,Direct Drop,"Efavirenz 600mg, tablets, 30 Tabs",102.38,25945,82764.55,PMO - US,"Strides, Bangalore, India.",Efavirenz,3.19,9/13/13,SCMS-206310,FPQ-12837,8/19/13,ARV,901-CM-T30,07-Nov-13,Air,Adult,30,0.11,STRIDES ARCOLAB LIMITED,EXW,1638
11507,DN-535,Generic,Nigeria,09-Jan-08,09-Jan-08,150mg,Tablet,No,See DN-535 (ID#:10658),From RDC,"Lamivudine 150mg, tablets, 60 Tabs",2.19,451,1371.04,PMO - US,"Aurobindo Unit III, India",Lamivudine,3.04,N/A - From RDC,SO-1570,Pre-PQ Process,Pre-PQ Process,ARV,112-NG-T01,09-Jan-08,Air,Adult,60,0.05,SCMS from RDC,N/A - From RDC,See DN-535 (ID#:10658)
82322,DN-1844,Generic,Ethiopia,31-May-10,31-May-10,200mg,Tablet,Yes,6153.8,From RDC,"Nevirapine 200mg, tablets, 60 Tabs",63.08,11000,29260.0,PMO - US,"Aurobindo Unit III, India",Nevirapine,2.66,N/A - From RDC,SO-36810,FPQ-5668,05-07-10,ARV,117-ET-T30,01-Jun-10,Air,Adult,60,0.04,SCMS from RDC,N/A - From RDC,1070
85065,DN-1417,Generic,Uganda,08-Oct-09,08-Oct-09,200mg,Tablet,No,See DN-1417 (ID#:82271),From RDC,"Nevirapine 200mg, tablets, 60 Tabs",0.57,100,290.0,PMO - US,"Aurobindo Unit III, India",Nevirapine,2.9,N/A - From RDC,SO-33010,FPQ-4065,08-06-09,ARV,114-UG-T30,08-Oct-09,Air,Adult,60,0.05,SCMS from RDC,N/A - From RDC,See DN-1417 (ID#:82271)
82791,DN-4213,Generic,Rwanda,19-May-15,25-May-15,600/300mg,Tablet - FDC,Yes,Freight Included in Commodity Cost,From RDC,"Abacavir/Lamivudine 600/300mg, tablets, 30 Tabs",787.3,50867,668901.05,PMO - US,Mylan (formerly Matrix) Nashik,Abacavir/Lamivudine,13.15,N/A - From RDC,SO-50710,FPQ-15622,12/22/14,ARV,107-RW-T30,30-Apr-15,Truck,Adult,30,0.44,SCMS from RDC,N/A - From RDC,4749
5081,ASN-4226,Stocrin/Sustiva,South Africa,15-May-09,15-May-09,200mg,Capsule,Yes,Freight Included in Commodity Cost,Direct Drop,"Efavirenz 200mg [Stocrin/Sustiva], capsule, 90 Caps",6.31,100,3220.0,PMO - US,"MSD Midrand, Jburg, SA",Efavirenz,32.2,Date Not Captured,SCMS-42430,Pre-PQ Process,Pre-PQ Process,ARV,116-ZA-T01,15-May-09,Truck,Pediatric,90,0.36,S. BUYS WHOLESALER,DDP,Weight Captured Separately
82997,DN-2473,Generic,Tanzania,05-Feb-12,05-Feb-12,600/300/300mg,Tablet - FDC,Yes,Freight Included in Commodity Cost,From RDC,"Efavirenz/Lamivudine/Tenofovir Disoproxil Fumarate 600/300/300mg, tablets, 30 Tabs",1458.78,51763,884112.04,PMO - US,Mylan (formerly Matrix) Nashik,Efavirenz/Lamivudine/Tenofovir Disoproxil Fumarate,17.08,N/A - From RDC,SO-40551,FPQ-8301,09-02-11,ARV,109-TZ-T30,15-Feb-12,Truck,Adult,30,0.57,SCMS from RDC,N/A - From RDC,1645
12282,DN-1228,Generic,Zambia,08-Jun-09,08-Jun-09,600mg,Tablet,No,See DN-1228 (ID#:11638),From RDC,"Efavirenz 600mg, tablets, 30 Tabs",248.93,11546,127006.0,PMO - US,Mylan (formerly Matrix) Nashik,Efavirenz,11.0,N/A - From RDC,SO-17611,Pre-PQ Process,Pre-PQ Process,ARV,110-ZM-T01,08-Jun-09,Truck,Adult,30,0.37,SCMS from RDC,N/A - From RDC,See DN-1228 (ID#:11638)
10756,DN-1174,Generic,Mozambique,14-May-09,14-May-09,150mg,Tablet,Yes,968.55,From RDC,"Lamivudine 150mg, tablets, 60 Tabs",2.76,486,1409.4,PMO - US,Hetero Unit III Hyderabad IN,Lamivudine,2.9,N/A - From RDC,SO-27880,Pre-PQ Process,Pre-PQ Process,ARV,111-MZ-T01,14-May-09,Air,Adult,60,0.05,SCMS from RDC,N/A - From RDC,23
12860,DN-1062,Generic,Ethiopia,04-Mar-09,04-Mar-09,600mg,Tablet,No,See DN-1062 (ID#:12256),From RDC,"Efavirenz 600mg, tablets, 30 Tabs",734.76,35299,374875.38,PMO - US,"Aurobindo Unit III, India",Efavirenz,10.62,N/A - From RDC,SO-22030,Pre-PQ Process,Pre-PQ Process,ARV,117-ET-T01,04-Mar-09,Air,Adult,30,0.35,SCMS from RDC,N/A - From RDC,See DN-1062 (ID#:12256)
37924,ASN-26124,Uni-Gold,Tanzania,15-Jul-14,12-Aug-14,MIssing,Test kit,Yes,1661.01,Direct Drop,"HIV 1/2, Uni-Gold HIV Kit, 20 Tests",12.14,369,11808.0,PMO - US,"Trinity Biotech, Plc","HIV 1/2, Uni-Gold HIV Kit",32.0,05-06-14,SCMS-235360,FPQ-13945,3/27/14,HRDT,109-TZ-T30,15-Jul-14,Air,HIV test,20,1.6,"Trinity Biotech, Plc",EXW,113
86290,DN-1768,Generic,Tanzania,21-Apr-10,21-Apr-10,200mg,Tablet,Yes,3952.34,From RDC,"Nevirapine 200mg, tablets, 60 Tabs",19.54,3319,9060.87,PMO - US,"Aurobindo Unit III, India",Nevirapine,2.73,N/A - From RDC,SO-36220,FPQ-5237,03-01-10,ARV,109-TZ-T30,21-Jul-10,Air,Adult,60,0.05,SCMS from RDC,N/A - From RDC,699
71878,ASN-11484,Kaletra,Haiti,08-Aug-11,08-Aug-11,80/20mg/ml,Oral solution,Yes,1767.91,Direct Drop,"Lopinavir/Ritonavir 80/20mg/ml [Kaletra], oral solution, cool, Bottle 5 x 60 ml",5,90,3033.0,PMO - US,ABBVIE (Abbott) Logis. UK,Lopinavir/Ritonavir,33.7,5/19/11,SCMS-109660,FPQ-7670,05-06-11,ARV,106-HT-T30,08-Aug-11,Air,Pediatric,300,0.11,ABBVIE LOGISTICS (FORMERLY ABBOTT LOGISTICS BV),FCA,126
53349,ASN-15044,Determine,Guyana,18-Jun-12,18-Jun-12,MIssing,Test kit,Yes,3825.21,Direct Drop,"HIV 1/2, Determine Complete HIV Kit, 100 Tests",42.06,300,30000.0,PMO - US,"Alere Medical Co., Ltd.","HIV 1/2, Determine Complete HIV Kit",100.0,04-09-12,SCMS-139650,FPQ-9180,1/17/12,HRDT,102-GY-T30,18-Jun-12,Air,HIV test,100,1.0,"Orgenics, Ltd",EXW,137
11259,DN-687,Generic,Zimbabwe,30-Mar-08,30-Mar-08,600mg,Tablet,No,See DN-687 (ID#:10697),From RDC,"Efavirenz 600mg, tablets, 30 Tabs",24.5,1233,15313.86,PMO - US,Mylan (formerly Matrix) Nashik,Efavirenz,12.42,N/A - From RDC,SO-713,Pre-PQ Process,Pre-PQ Process,ARV,100-ZW-T01,30-Mar-08,Air,Adult,30,0.41,SCMS from RDC,N/A - From RDC,See DN-687 (ID#:10697)
2708,ASN-542,Generic,Vietnam,09-Jul-07,09-Jul-07,150/200/30mg,Tablet - FDC,Yes,21150.56,Direct Drop,"Lamivudine/Nevirapine/Stavudine 150/200/30mg, tablets, 60 Tabs",300,25000,187500.0,PMO - US,"Cipla, Goa, India",Lamivudine/Nevirapine/Stavudine,7.5,02-07-07,SCMS-313,Pre-PQ Process,Pre-PQ Process,ARV,108-VN-T01,09-Jul-07,Air,Adult,60,0.12,CIPLA LIMITED,EXW,2336
10344,ASN-3634,Zerit,South Africa,02-Dec-08,02-Dec-08,30mg,Capsule,No,Freight Included in Commodity Cost,Direct Drop,"Stavudine 30mg [Zerit], capsules, 60 Caps",27.24,3600,13896.0,PMO - US,"BMS Meymac, France",Stavudine,3.86,Date Not Captured,SCMS-40810,Pre-PQ Process,Pre-PQ Process,ARV,116-ZA-T01,31-Mar-09,Air,Adult,60,0.06,S. BUYS WHOLESALER,DDP,Weight Captured Separately
80175,ASN-16560,Generic,Haiti,20-Dec-12,20-Dec-12,600mg,Tablet,No,See ASN-16560 (ID#:29734),Direct Drop,"Efavirenz 600mg, tablets, 30 Tabs",177.26,35616,126436.8,PMO - US,"Aurobindo Unit III, India",Efavirenz,3.55,07-03-12,SCMS-148360,FPQ-9636,5/14/12,ARV,106-HT-T30,20-Dec-12,Ocean,Adult,30,0.12,Aurobindo Pharma Limited,EXW,See ASN-16560 (ID#:29734)
39427,ASN-8199,Crixivan,CÃte dIvoire,21-Sep-10,21-Sep-10,400mg,Capsule,Yes,881.33,Direct Drop,"Indinavir 400mg [Crixivan], capsules, 180 Caps",107.8,1000,50000.0,PMO - US,"MSD, Haarlem, NL",Indinavir,50.0,02-12-10,SCMS-64940,FPQ-4698,12/28/09,ARV,104-CI-T30,21-Sep-10,Air,Adult,180,0.28,MERCK SHARP & DOHME IDEA GMBH (FORMALLY MERCK SHARP & DOHME B.V.),CIP,254
82578,DN-3182,Generic,Mozambique,26-Jul-13,26-Jul-13,150/300/200mg,Tablet - FDC,Yes,Freight Included in Commodity Cost,From RDC,"Lamivudine/Nevirapine/Zidovudine 150/200/300mg, tablets, 60 Tabs",1813.84,170900,1466322.0,PMO - US,"Cipla, Goa, India",Lamivudine/Nevirapine/Zidovudine,8.58,N/A - From RDC,SO-43770,FPQ-11033,11-12-12,ARV,111-MZ-T30,26-Jul-13,Truck,Adult,60,0.14,SCMS from RDC,N/A - From RDC,Weight Captured Separately
86343,DN-2030,Generic,Zambia,22-Oct-10,22-Oct-10,150/30mg,Tablet - FDC,Yes,8109.92,From RDC,"Lamivudine/Stavudine 150/30mg, tablets, 60 Tabs",289.23,40900,134152.0,PMO - US,"Cipla, Goa, India",Lamivudine/Stavudine,3.28,N/A - From RDC,SO-36840,FPQ-5702,5/20/10,ARV,110-ZM-T30,04-Nov-10,Truck,Adult,60,0.05,SCMS from RDC,N/A - From RDC,3127
85384,DN-3266,Generic,Tanzania,05-Sep-13,05-Sep-13,150/300/200mg,Tablet - FDC,Yes,40857.69,From RDC,"Lamivudine/Nevirapine/Zidovudine 150/200/300mg, tablets, 60 Tabs",613.06,60000,495600.0,PMO - US,"Cipla, Goa, India",Lamivudine/Nevirapine/Zidovudine,8.26,N/A - From RDC,SO-45970,FPQ-12536,6/24/13,ARV,109-TZ-T30,16-Oct-13,Air,Adult,60,0.14,SCMS from RDC,N/A - From RDC,7857
54246,ASN-19166,Generic,South Africa,16-Apr-13,16-Apr-13,300mg,Tablet,No,Freight Included in Commodity Cost,Direct Drop,"Zidovudine 300mg, tablets, 60 Tabs",1.66,53,1337.93,South Africa Field Office,"Aurobindo Unit III, India",Zidovudine,25.24,Date Not Captured,SCMS-183950,FPQ-11828,3/18/13,ARV,116-ZA-T30,16-Apr-13,Truck,Adult,60,0.42,S. BUYS WHOLESALER,DDP,Weight Captured Separately
78314,ASN-9743,Determine,Rwanda,17-Feb-11,17-Feb-11,MIssing,Test kit,Yes,15367.03,Direct Drop,"HIV 1/2, Determine HIV Kit, without Lancets, 100 Tests",837.61,5000,388500.0,PMO - US,Inverness Japan,"HIV 1/2, Determine HIV Kit, without Lancets",77.7,7/21/10,SCMS-75810,FPQ-5792,06-07-10,HRDT,107-RW-T30,17-Feb-11,Air,HIV test,100,0.78,"Orgenics, Ltd",EXW,1134
16693,ASN-10471,Determine,Kenya,17-May-11,17-May-11,MIssing,Test kit,Yes,38452.73,Direct Drop,"HIV 1/2, Determine Complete HIV Kit, 100 Tests",1808.46,12315,1096035.0,PMO - US,Inverness Japan,"HIV 1/2, Determine Complete HIV Kit",89.0,02-03-11,SCMS-98350,FPQ-7056,1/19/11,HRDT,102-KE-T30,17-May-11,Air,HIV test,100,0.89,"Orgenics, Ltd",FCA,3637
19627,ASN-30261,Determine,Mozambique,10-Feb-15,18-Feb-15,MIssing,Test kit - Ancillary,Yes,Invoiced Separately,Direct Drop,"Chase Buffer, Determine, 100 Tests, 2.5ml x 1 Vial",0.35,60,300.0,PMO - US,"Alere Medical Co., Ltd.","Chase Buffer, Determine, 100 Tests, 2.5ml x 1 Vial",5.0,11/19/14,SCMS-264780,FPQ-15324,11-12-14,HRDT,111-MZ-T30,10-Feb-15,Air,HIV test - Ancillary,1,5.0,"Orgenics, Ltd",EXW,Weight Captured Separately
83777,DN-3602,Generic,Uganda,18-Apr-14,07-May-14,200mg,Tablet,Yes,Freight Included in Commodity Cost,From RDC,"Nevirapine 200mg, tablets, 60 Tabs",30.12,12965,29300.9,PMO - US,"Aurobindo Unit III, India",Nevirapine,2.26,N/A - From RDC,SO-46882,FPQ-13108,10/16/13,ARV,114-UG-T30,30-Apr-14,Truck,Adult,60,0.04,SCMS from RDC,N/A - From RDC,1243
64635,ASN-20026,Generic,Haiti,02-Sep-13,02-Sep-13,300/300mg,Tablet - FDC,Yes,6806.86,Direct Drop,"Lamivudine/Tenofovir Disoproxil Fumarate 300/300mg, tablets, 30 Tabs",109.45,19152,88482.24,PMO - US,Hetero Unit III Hyderabad IN,Lamivudine/Tenofovir Disoproxil Fumarate,4.62,3/26/13,SCMS-180970,FPQ-11443,02-07-13,ARV,106-HT-T30,02-Sep-13,Ocean,Adult,30,0.15,HETERO LABS LIMITED,EXW,8351
76772,ASN-24415,Epivir,South Africa,06-Feb-14,06-Feb-14,150mg,Tablet,No,Freight Included in Commodity Cost,Direct Drop,"Lamivudine 150mg [Epivir], tablets, 60 Tabs",18.22,1281,14728.5,PMO - US,GSK Cape Town Factory (South Africa),Lamivudine,11.5,12-02-13,SCMS-215370,FPQ-13035,10-08-13,ARV,116-ZA-T30,06-Feb-14,Truck,Adult,60,0.19,S. BUYS WHOLESALER,DDP,Weight Captured Separately
83396,DN-1619,Generic,CÃte dIvoire,23-Jan-10,23-Jan-10,10mg/ml,Oral solution,Yes,5254.1,From RDC,"Zidovudine 10mg/ml, oral solution, Bottle, 240 ml",11.08,2691,5651.1,PMO - US,"Aurobindo Unit III, India",Zidovudine,2.1,N/A - From RDC,SO-33541,FPQ-4187,09-09-09,ARV,104-CI-T30,08-Feb-10,Air,Pediatric,240,0.01,SCMS from RDC,N/A - From RDC,1021
84117,DN-2396,Generic,Zambia,09-Dec-11,09-Dec-11,200mg,Tablet,Yes,9421.76,From RDC,"Nevirapine 200mg, tablets, 60 Tabs",79.52,19200,48192.0,PMO - US,Mylan (formerly Matrix) Nashik,Nevirapine,2.51,N/A - From RDC,SO-38743,FPQ-7085,02-03-11,ARV,110-ZM-T30,10-Dec-11,Truck,Adult,60,0.04,SCMS from RDC,N/A - From RDC,1936
82906,DN-1948,Generic,Zimbabwe,22-Jul-10,22-Jul-10,150/200/30mg,Tablet - FDC,Yes,13243.91,From RDC,"Lamivudine/Nevirapine/Stavudine 150/200/30mg, tablets, 60 Tabs",741.23,60000,343800.0,PMO - US,"Cipla, Goa, India",Lamivudine/Nevirapine/Stavudine,5.73,N/A - From RDC,SO-35351,FPQ-4694,12-08-09,ARV,113-ZW-T30,30-Jul-10,Air,Adult,60,0.1,SCMS from RDC,N/A - From RDC,7268
10928,DN-628,Crixivan,Mozambique,05-Apr-08,05-Apr-08,400mg,Capsule,No,See DN-628 (ID#:10654),From RDC,"Indinavir 400mg [Crixivan], capsules, 180 Caps",27.44,343,17150.0,PMO - US,"MSD, Haarlem, NL",Indinavir,50.0,N/A - From RDC,SO-1039,Pre-PQ Process,Pre-PQ Process,ARV,111-MZ-T01,08-Apr-08,Air,Adult,180,0.28,SCMS from RDC,N/A - From RDC,See DN-628 (ID#:10654)
67476,ASN-7317,Generic,South Africa,24-Jun-10,24-Jun-10,300mg,Tablet,Yes,3296.58,Direct Drop,"Zidovudine 300mg, tablets, 60 Tabs",381.25,23800,176834.0,PMO - US,"Aurobindo Unit III, India",Zidovudine,7.43,3/19/10,SCMS-69010,FPQ-5303,3/18/10,ARV,161-ZA-T30,24-Jun-10,Air,Adult,60,0.12,Aurobindo Pharma Limited,DDP,1273
1512,ASN-1251,Kaletra,South Africa,29-Jan-08,29-Jan-08,80/20mg/ml,Oral solution,No,Freight Included in Commodity Cost,Direct Drop,"Lopinavir/Ritonavir 80/20mg/ml [Kaletra], oral solution, cool, Bottle 5 x 60 ml",2.32,30,1447.8,PMO - US,ABBVIE (Abbott) Logis. UK,Lopinavir/Ritonavir,48.26,11-12-07,SCMS-14050,Pre-PQ Process,Pre-PQ Process,ARV,116-ZA-T01,29-Jan-08,MIssing,Pediatric,300,0.16,"JSI R&T INSTITUTE, INC.",DDP,Weight Captured Separately
34526,ASN-33511,Norvir,Vietnam,08-Sep-15,08-Sep-15,100mg,Tablet,Yes,Invoiced Separately,Direct Drop,"Ritonavir 100mg [Norvir], film coated tablets, 30 Tabs",12.32,450,10467.0,PMO - US,ABBVIE Ludwigshafen Germany,Ritonavir,23.26,04-02-15,SCMS-283040,FPQ-16123,3/26/15,ARV,108-VN-T30,08-Sep-15,Air,Adult,30,0.78,ABBVIE LOGISTICS (FORMERLY ABBOTT LOGISTICS BV),FCA,Weight Captured Separately
84167,DN-2643,Generic,Uganda,18-May-12,18-May-12,150/300mg,Tablet - FDC,No,See DN-2643 (ID#:82471),From RDC,"Lamivudine/Zidovudine 150/300mg, tablets, 60 Tabs",21.82,2000,15560.0,PMO - US,Hetero Unit III Hyderabad IN,Lamivudine/Zidovudine,7.78,N/A - From RDC,SO-41510,FPQ-9321,02-10-12,ARV,114-UG-T30,03-Jul-12,Truck,Adult,60,0.13,SCMS from RDC,N/A - From RDC,See DN-2643 (ID#:82471)
85084,DN-1627,Generic,Haiti,03-Mar-10,03-Mar-10,600mg,Tablet,Yes,12016.69,From RDC,"Efavirenz 600mg, tablets, 30 Tabs",332.88,26712,154395.36,PMO - US,"Aurobindo Unit III, India",Efavirenz,5.78,N/A - From RDC,SO-34680,FPQ-4384,10/23/09,ARV,106-HT-T30,05-Mar-10,Air,Adult,30,0.19,SCMS from RDC,N/A - From RDC,2342
84661,DN-2291,Generic,Haiti,17-Jul-11,17-Jul-11,10mg/ml,Oral solution,Yes,14866.14,From RDC,"Lamivudine 10mg/ml, oral solution w/syringe, Bottle, 240 ml",16.27,5110,9862.3,PMO - US,"Aurobindo Unit III, India",Lamivudine,1.93,N/A - From RDC,SO-38212,FPQ-6801,12/14/10,ARV,106-HT-T30,19-Jul-11,Air,Pediatric,240,0.01,SCMS from RDC,N/A - From RDC,1840
86029,DN-3477,Generic,Tanzania,07-Mar-14,12-Mar-14,30/50/6mg,Chewable/dispersible tablet - FDC,Yes,4847.8,From RDC,"Lamivudine/Nevirapine/Stavudine 30/50/6mg, dispersible tablets, 60 Tabs",26.49,9312,21417.6,PMO - US,"Cipla, Goa, India",Lamivudine/Nevirapine/Stavudine,2.3,N/A - From RDC,SO-45997,FPQ-12587,07-04-13,ARV,109-TZ-T30,31-Jan-14,Truck,Pediatric,60,0.04,SCMS from RDC,N/A - From RDC,1221
67389,ASN-7581,Generic,Vietnam,13-Aug-10,13-Aug-10,30mg,Capsule,No,See ASN-7581 (ID#:42811),Direct Drop,"Stavudine 30mg, capsules, 60 Caps",86.01,28496,39894.4,PMO - US,"Aurobindo Unit III, India",Stavudine,1.4,3/25/10,SCMS-69240,FPQ-5317,3/22/10,ARV,108-VN-T30,13-Aug-10,Air,Adult,60,0.02,Aurobindo Pharma Limited,EXW,See ASN-7581 (ID#:42811)
58311,ASN-18832,Kaletra,CÃte dIvoire,24-Apr-13,24-Apr-13,80/20mg/ml,Oral solution,Yes,5257.72,Direct Drop,"Lopinavir/Ritonavir 80/20mg/ml [Kaletra], oral solution, cool, Bottle 5 x 60 ml",19.82,520,16026.4,PMO - US,ABBVIE (Abbott) Logis. UK,Lopinavir/Ritonavir,30.82,1/24/13,SCMS-174550,FPQ-11263,12/14/12,ARV,104-CI-T30,24-Apr-13,Air,Pediatric,300,0.1,ABBVIE LOGISTICS (FORMERLY ABBOTT LOGISTICS BV),FCA,242
83681,DN-3132,Generic,Zimbabwe,29-Apr-13,29-Apr-13,300/300mg,Tablet - FDC,Yes,21173.75,From RDC,"Lamivudine/Tenofovir Disoproxil Fumarate 300/300mg, tablets, 30 Tabs",528.98,90986,427634.2,PMO - US,"Aurobindo Unit VII, IN",Lamivudine/Tenofovir Disoproxil Fumarate,4.7,N/A - From RDC,SO-43720,FPQ-11002,11/16/12,ARV,113-ZW-T30,30-May-13,Truck,Adult,30,0.16,SCMS from RDC,N/A - From RDC,22001
1213,ASN-4488,Videx,Vietnam,28-Jul-09,28-Jul-09,25mg,Chewable/dispersible tablet,Yes,14.36,Direct Drop,"Didanosine 25mg [Videx], chewable tablets, 60 Tabs",5.49,400,2800.0,PMO - US,"BMS Meymac, France",Didanosine,7.0,5/27/09,SCMS-46550,Pre-PQ Process,Pre-PQ Process,ARV,108-VN-T01,28-Jul-09,Air,Pediatric,60,0.12,BRISTOL-MYERS SQUIBB,CIP,148
14943,ASN-6150,Crixivan,Uganda,04-Mar-10,04-Mar-10,400mg,Capsule,Yes,435,Direct Drop,"Indinavir 400mg [Crixivan], capsules, 180 Caps",7.35,75,3750.0,PMO - US,"MSD, Haarlem, NL",Indinavir,50.0,12-02-09,SCMS-58220,FPQ-4373,11/25/09,ARV,114-UG-T30,04-Mar-10,Air,Adult,180,0.28,MERCK SHARP & DOHME IDEA GMBH (FORMALLY MERCK SHARP & DOHME B.V.),CIP,19
33077,ASN-9714,Generic,South Africa,23-Mar-11,23-Mar-11,300mg,Tablet,Yes,2534.68,Direct Drop,"Abacavir 300mg, tablets, 60 Tabs",261.84,7600,121448.0,PMO - US,"Aurobindo Unit III, India",Abacavir,15.98,9/24/10,SCMS-83720,FPQ-6262,8/31/10,ARV,161-ZA-T30,23-Mar-11,Air,Adult,60,0.27,Aurobindo Pharma Limited,DDP,782
61882,ASN-7130,Generic,South Africa,11-Jun-10,11-Jun-10,150mg,Tablet,Yes,4116.81,Direct Drop,"Lamivudine 150mg, tablets, 60 Tabs",0.01,2,5.06,PMO - US,"Aurobindo Unit III, India",Lamivudine,2.53,3/19/10,SCMS-68950,FPQ-5303,3/18/10,ARV,161-ZA-T30,11-Jun-10,Air,Adult,60,0.04,Aurobindo Pharma Limited,DDP,1
11326,DN-1250,Generic,Zambia,15-Jun-09,15-Jun-09,300mg,Tablet,No,See DN-1250 (ID#:10774),From RDC,"Abacavir 300mg, tablets, 60 Tabs",229.16,4594,116917.3,PMO - US,Mylan (formerly Matrix) Nashik,Abacavir,25.45,N/A - From RDC,SO-30300,Pre-PQ Process,Pre-PQ Process,ARV,110-ZM-T01,15-Jun-09,Truck,Adult,60,0.42,SCMS from RDC,N/A - From RDC,See DN-1250 (ID#:10774)
32279,ASN-5157,Videx EC,South Africa,12-Aug-09,12-Aug-09,400mg,Delayed-release capsules - blister,No,Freight Included in Commodity Cost,Direct Drop,"Didanosine EC 400mg [Videx EC], delayed-release capsules, Blister 3 x 10 Caps",5.98,110,3051.72,PMO - US,"BMS Meymac, France",Didanosine EC,27.74,7/21/09,SCMS-49641,FPQ-3560,05-07-09,ARV,116-ZA-T30,12-Aug-09,Truck,Adult,30,0.92,S. BUYS WHOLESALER,DDP,Weight Captured Separately
69754,ASN-6289,Determine,Zambia,18-Mar-10,18-Mar-10,MIssing,Test kit,Yes,16061.5,Direct Drop,"HIV 1/2, Determine Complete HIV Kit, 100 Tests",325.99,2100,151200.0,PMO - US,Inverness Japan,"HIV 1/2, Determine Complete HIV Kit",72.0,12/22/09,SCMS-60710,FPQ-4691,12/16/09,HRDT,110-ZM-T30,18-Mar-10,Air,HIV test,100,0.72,"Orgenics, Ltd",EXW,1016
64363,ASN-13818,Determine,Mozambique,02-May-12,02-May-12,MIssing,Test kit,Yes,27686.29,Direct Drop,"HIV 1/2, Determine Complete HIV Kit, 100 Tests",408.41,3094,247520.0,PMO - US,"Alere Medical Co., Ltd.","HIV 1/2, Determine Complete HIV Kit",80.0,12/29/11,SCMS-130160,FPQ-8527,10-05-11,HRDT,111-MZ-T30,02-May-12,Air,HIV test,100,0.8,"Orgenics, Ltd",EXW,1477
82426,DN-2465,Generic,Nigeria,18-Dec-11,18-Dec-11,150/300/200mg,Tablet - FDC,Yes,15322.73,From RDC,"Lamivudine/Nevirapine/Zidovudine 150/200/300mg, tablets, 60 Tabs",183.04,9887,110932.14,PMO - US,Mylan (formerly Matrix) Nashik,Lamivudine/Nevirapine/Zidovudine,11.22,N/A - From RDC,SO-40661,FPQ-8364,8/29/11,ARV,151-NG-T30,16-Mar-12,Air Charter,Adult,60,0.19,SCMS from RDC,N/A - From RDC,20845
15894,ASN-7741,Generic,Vietnam,23-Aug-10,23-Aug-10,150/300/200mg,Tablet - FDC,Yes,14223.39,Direct Drop,"Lamivudine/Nevirapine/Zidovudine 150/200/300mg, tablets, 60 Tabs",448.01,20500,228575.0,PMO - US,"Aurobindo Unit III, India",Lamivudine/Nevirapine/Zidovudine,11.15,11-11-09,SCMS-56540,FPQ-4266,10/20/09,ARV,108-VN-T30,23-Aug-10,Air,Adult,60,0.19,Aurobindo Pharma Limited,EXW,2904
82694,DN-3794,Generic,Nigeria,20-Jun-14,25-Jun-14,150/300/200mg,Tablet - FDC,Yes,28812.57,From RDC,"Lamivudine/Nevirapine/Zidovudine 150/200/300mg, tablets, 60 Tabs",1667.42,200000,1622000.0,PMO - US,"Aurobindo Unit III, India",Lamivudine/Nevirapine/Zidovudine,8.11,N/A - From RDC,SO-47272,FPQ-13293,11/19/13,ARV,151-NG-T30,30-Jun-14,Air Charter,Adult,60,0.14,SCMS from RDC,N/A - From RDC,51698
83506,DN-2244,Generic,Nigeria,06-Jul-11,06-Jul-11,150/300/200mg,Tablet - FDC,Yes,13398.06,From RDC,"Lamivudine/Nevirapine/Zidovudine 150/200/300mg, tablets, 60 Tabs",3829.47,206853,2320890.66,PMO - US,"Aurobindo Unit III, India",Lamivudine/Nevirapine/Zidovudine,11.22,N/A - From RDC,SO-39840,FPQ-7217,2/21/11,ARV,151-NG-T30,15-Jun-11,Air Charter,Adult,60,0.19,SCMS from RDC,N/A - From RDC,29353
10354,ASN-3760,Retrovir,South Africa,26-Nov-08,26-Nov-08,10mg/ml,Oral solution,No,See ASN-3760 (ID#:5049),Direct Drop,"Zidovudine 10mg/ml [Retrovir], oral solution, Bottle, 200 ml",1.86,150,949.5,PMO - US,GSK Mississauga (Canada),Zidovudine,6.33,Date Not Captured,SCMS-41160,Pre-PQ Process,Pre-PQ Process,ARV,116-ZA-T01,01-Apr-09,Air,Pediatric,200,0.03,S. BUYS WHOLESALER,DDP,See ASN-3760 (ID#:5049)
72426,ASN-20251,Generic,"Congo, DRC",30-Sep-13,30-Sep-13,500/25mg,Tablet - FDC,Yes,3089.83,Direct Drop,"Sulfadoxine/Pyrimethamine 500/25mg, tablets, 1000 Tabs",19.99,720,16164.0,PMO - US,"Guilin OSD site, No 17, China",Sulfadoxine/Pyrimethamine,22.45,5/17/13,SCMS-188850,FPQ-12035,04-12-13,ANTM,101-CD-T30,30-Sep-13,Air,Malaria,1000,0.02,IMRES B.V.,EXW,578
7056,ASN-1666,Kaletra,South Africa,08-Apr-08,08-Apr-08,133.3/33.3mg,Capsule,Yes,Freight Included in Commodity Cost,Direct Drop,"Lopinavir/Ritonavir 133.3/33.3mg [Kaletra], capsules, cool, 2 x 90 Caps",22.96,400,14352.0,PMO - US,ABBVIE (Abbott) Logis. UK,Lopinavir/Ritonavir,35.88,04-04-08,SCMS-21460,Pre-PQ Process,Pre-PQ Process,ARV,116-ZA-T01,25-Apr-08,MIssing,Adult,180,0.2,S. BUYS WHOLESALER,DDP,Weight Captured Separately
84641,DN-2181,Generic,Zimbabwe,20-May-11,20-May-11,150/200/30mg,Tablet - FDC,No,See DN-2181 (ID#:84640),From RDC,"Lamivudine/Nevirapine/Stavudine 150/200/30mg, tablets, 60 Tabs",264.61,22074,122731.44,PMO - US,"Cipla, Goa, India",Lamivudine/Nevirapine/Stavudine,5.56,N/A - From RDC,SO-37850,FPQ-6470,10/13/10,ARV,113-ZW-T30,31-Mar-11,Truck,Adult,60,0.09,SCMS from RDC,N/A - From RDC,See DN-2181 (ID#:84640)
37475,ASN-17806,Generic,Vietnam,02-Feb-13,02-Feb-13,30/60mg,Tablet - FDC,Yes,2183.92,Direct Drop,"Lamivudine/Zidovudine 30/60mg, tablets, 60 Tabs",10.83,3434,7726.5,PMO - US,Mylan (formerly Matrix) Nashik,Lamivudine/Zidovudine,2.25,8/14/12,SCMS-156281,FPQ-10287,7/25/12,ARV,108-VN-T30,02-Feb-13,Air,Pediatric,60,0.04,MYLAN LABORATORIES LTD (FORMERLY MATRIX LABORATORIES),EXW,876
12315,DN-1406,Generic,Zambia,22-Sep-09,22-Sep-09,300/300mg,Tablet - FDC,Yes,6759.28,From RDC,"Lamivudine/Tenofovir Disoproxil Fumarate 300/300mg, tablets, 30 Tabs",2075.82,92095,1059092.5,PMO - US,Mylan (formerly Matrix) Nashik,Lamivudine/Tenofovir Disoproxil Fumarate,11.5,N/A - From RDC,SO-29090,Pre-PQ Process,Date Not Captured,ARV,110-ZM-T01,22-Sep-09,Truck,Adult,30,0.38,SCMS from RDC,N/A - From RDC,7686
2656,ASN-55,Generic,Vietnam,11-Aug-06,11-Aug-06,200mg,Tablet,No,See ASN-55 (ID#:16),Direct Drop,"Nevirapine 200mg, tablets, 60 Tabs",MIssing,35000,152250.0,PMO - US,"Aurobindo Unit III, India",Nevirapine,4.35,Date Not Captured,SCMS-81,Pre-PQ Process,Pre-PQ Process,ARV,108-VN-T01,11-Aug-06,Air,Adult,60,0.07,Aurobindo Pharma Limited,EXW,See ASN-55 (ID#:16)
10939,DN-553,Generic,Zambia,28-Feb-08,28-Feb-08,600mg,Tablet,Yes,12643.63,From RDC,"Efavirenz 600mg, tablets, 30 Tabs",877.05,44135,548156.7,PMO - US,Mylan (formerly Matrix) Nashik,Efavirenz,12.42,N/A - From RDC,SO-1033,Pre-PQ Process,Pre-PQ Process,ARV,110-ZM-T01,28-Feb-08,MIssing,Adult,30,0.41,SCMS from RDC,N/A - From RDC,3483
85287,DN-2778,Generic,CÃte dIvoire,15-Aug-12,15-Aug-12,200mg,Delayed-release capsules,Yes,4754.52,From RDC,"Didanosine 200mg, delayed-release capsules, 30 Caps",38.99,2528,27808.0,PMO - US,"Aurobindo Unit III, India",Didanosine,11.0,N/A - From RDC,SO-42360,FPQ-9749,4/19/12,ARV,104-CI-T30,15-Aug-12,Truck,Pediatric,30,0.37,SCMS from RDC,N/A - From RDC,740
24358,ASN-27718,Generic,Tanzania,02-Oct-14,03-Oct-14,100/25mg,Tablet,Yes,4835.39,Direct Drop,"Lopinavir/Ritonavir 100/25mg [Aluvia], tablets, 60 Tabs",32.2,5273,31321.62,PMO - US,ABBVIE Ludwigshafen Germany,Lopinavir/Ritonavir,5.94,5/16/14,SCMS-239380,FPQ-14049,04-11-14,ARV,109-TZ-T30,02-Oct-14,Air,Pediatric,60,0.1,ABBVIE LOGISTICS (FORMERLY ABBOTT LOGISTICS BV),FCA,668
84645,DN-2203,Generic,Zimbabwe,13-Jun-11,13-Jun-11,50mg,Capsule,No,See DN-2203 (ID#:82949),From RDC,"Efavirenz 50mg, capsule, 30 Caps",20.53,4250,9520.0,PMO - US,"Aurobindo Unit III, India",Efavirenz,2.24,N/A - From RDC,SO-37880,FPQ-6483,10/13/10,ARV,200-ZW-T30,31-May-11,Truck,Pediatric,30,0.07,SCMS from RDC,N/A - From RDC,See DN-2203 (ID#:82949)
11337,DN-1316,Generic,Namibia,16-Jul-09,16-Jul-09,300/300mg,Tablet - FDC,Yes,8502.12,From RDC,"Lamivudine/Tenofovir Disoproxil Fumarate 300/300mg, tablets, 30 Tabs",490,25000,250000.0,PMO - US,Mylan (formerly Matrix) Nashik,Lamivudine/Tenofovir Disoproxil Fumarate,10.0,N/A - From RDC,SO-30450,Pre-PQ Process,Date Not Captured,ARV,119-NA-T01,16-Jul-09,Truck,Adult,30,0.33,SCMS from RDC,N/A - From RDC,2068
17447,ASN-22828,Generic,CÃte dIvoire,29-Nov-13,02-Dec-13,100/25mg,Tablet,Yes,6020.53,Direct Drop,"Lopinavir/Ritonavir 100/25mg [Aluvia], tablets, 60 Tabs",57.68,7850,46629.0,PMO - US,ABBVIE Ludwigshafen Germany,Lopinavir/Ritonavir,5.94,09-02-13,SCMS-204990,FPQ-12714,7/30/13,ARV,104-CI-T30,29-Nov-13,Air,Pediatric,60,0.1,ABBVIE LOGISTICS (FORMERLY ABBOTT LOGISTICS BV),FCA,909
85204,DN-2383,Generic,Zimbabwe,21-Oct-11,21-Oct-11,20mg/ml,Oral solution,Yes,1360.32,From RDC,"Abacavir 20mg/ml, oral solution, Bottle, 240 ml",16.66,808,10100.0,PMO - US,"Aurobindo Unit III, India",Abacavir,12.5,N/A - From RDC,SO-39541,FPQ-7559,4/29/11,ARV,100-ZW-T30,27-Oct-11,Truck,Pediatric,240,0.05,SCMS from RDC,N/A - From RDC,298
29282,ASN-16470,Generic,Tanzania,01-Nov-12,01-Nov-12,150/300mg,Tablet - FDC,No,See ASN-16470 (ID#:14279),Direct Drop,"Lamivudine/Zidovudine 150/300mg, tablets, 60 Tabs",183.2,18456,130668.48,PMO - US,Hetero Unit III Hyderabad IN,Lamivudine/Zidovudine,7.08,08-09-12,SCMS-156530,FPQ-10394,7/26/12,ARV,900-TZ-T30,01-Nov-12,Air,Adult,60,0.12,HETERO LABS LIMITED,EXW,See ASN-16470 (ID#:14279)
8185,ASN-1251,Stocrin/Sustiva,South Africa,29-Jan-08,29-Jan-08,200mg,Capsule,No,Freight Included in Commodity Cost,Direct Drop,"Efavirenz 200mg [Stocrin/Sustiva], capsule, 90 Caps",3.38,60,2112.0,PMO - US,"MSD Midrand, Jburg, SA",Efavirenz,35.2,11-12-07,SCMS-14050,Pre-PQ Process,Pre-PQ Process,ARV,116-ZA-T01,29-Jan-08,MIssing,Pediatric,90,0.39,"JSI R&T INSTITUTE, INC.",DDP,Weight Captured Separately
83881,DN-4106,Generic,Uganda,31-Jan-15,02-Feb-15,200mg,Tablet,Yes,2643.5,From RDC,"Nevirapine 200mg, tablets, 60 Tabs",25.81,10059,21928.62,PMO - US,Hetero Unit III Hyderabad IN,Nevirapine,2.18,N/A - From RDC,SO-50650,FPQ-15638,12/22/14,ARV,114-UG-T30,17-Feb-15,Truck,Adult,60,0.04,SCMS from RDC,N/A - From RDC,632
27969,ASN-29255,Prezista,South Africa,05-Nov-14,05-Nov-14,600mg,Tablet,No,Freight Included in Commodity Cost,Direct Drop,"Darunavir 600mg [Prezista], tablets, 60 Tabs",1.01,15,978.47,PMO - US,"Janssen-Cilag, Latina, IT",Darunavir,65.23,11-04-14,SCMS-238555,FPQ-13973,4/30/14,ARV,116-ZA-T30,05-Nov-14,Truck,Adult,60,1.09,PHARMACY DIRECT,DDP,Weight Captured Separately
32438,ASN-25566,Determine,Mozambique,02-May-14,02-May-14,MIssing,Test kit,Yes,Freight Included in Commodity Cost,Direct Drop,"HIV 1/2, Determine Kit without Lancets, Buffer or Caplillary Tubes, 100 Tests",16.98,229,16522.35,PMO - US,"Alere Medical Co., Ltd.","HIV 1/2, Determine Kit without Lancets, Buffer or Capillary Tubes, 100 Tests",72.15,2/28/14,SCMS-229670,FPQ-13774,2/21/14,HRDT,111-MZ-T30,02-May-14,Air,HIV test,100,0.72,"Orgenics, Ltd",EXW,43
48519,ASN-22040,Determine,South Sudan,08-Nov-13,11-Nov-13,MIssing,Test kit - Ancillary,No,See ASN-22040 (ID#:45178),Direct Drop,"Capillary Tubes, for Determine, EDTA, 50uL,100 Pcs",1.63,165,1320.0,PMO - US,"Alere Medical Co., Ltd.","HIV, Capillary Tubes, for Determine, EDTA, 50uL,100 Pcs",8.0,08-05-13,SCMS-200910,FPQ-12623,7/18/13,HRDT,105-SS-T30,08-Nov-13,Air,HIV test - Ancillary,100,0.08,"Orgenics, Ltd",EXW,See ASN-22040 (ID#:45178)
86706,DN-3809,Generic,Mozambique,15-Aug-14,25-Aug-14,300mg,Tablet,No,See DN-3809 (ID#:84950),From RDC,"Zidovudine 300mg, tablets, 60 Tabs",323.63,57870,314812.8,PMO - US,"Aurobindo Unit III, India",Zidovudine,5.44,N/A - From RDC,SO-47040,FPQ-13124,10/21/13,ARV,111-MZ-T30,15-Aug-14,Truck,Adult,60,0.09,SCMS from RDC,N/A - From RDC,See DN-3809 (ID#:84950)
83572,DN-2564,Generic,Nigeria,16-Feb-12,16-Feb-12,150/300mg,Tablet - FDC,Yes,25231.96,From RDC,"Lamivudine/Zidovudine 150/300mg, tablets, 60 Tabs",1157.99,99995,825958.7,PMO - US,"Aurobindo Unit III, India",Lamivudine/Zidovudine,8.26,N/A - From RDC,SO-41263,FPQ-8952,12-08-11,ARV,151-NG-T30,20-Jun-12,Air Charter,Adult,60,0.14,SCMS from RDC,N/A - From RDC,11636
51408,ASN-12878,Determine,Nigeria,09-Dec-11,09-Dec-11,MIssing,Test kit,Yes,32667.09,Direct Drop,"HIV 1/2, Determine Complete HIV Kit, 100 Tests",424.54,2891,257299.0,PMO - US,"Alere Medical Co., Ltd.","HIV 1/2, Determine Complete HIV Kit",89.0,8/15/11,SCMS-118190,FPQ-8117,7/28/11,HRDT,133-NG-T30,19-Dec-11,Air,HIV test,100,0.89,"Orgenics, Ltd",EXW,1378
21606,ASN-10129,Generic,South Africa,04-Apr-11,04-Apr-11,10mg/ml,Oral suspension,Yes,3524.95,Direct Drop,"Nevirapine 10mg/ml, oral suspension w/syringe, Bottle, 240 ml",13.89,3971,8418.52,PMO - US,"Aurobindo Unit III, India",Nevirapine,2.12,12/14/10,SCMS-93490,FPQ-6708,11/26/10,ARV,161-ZA-T30,04-Apr-11,Ocean,Pediatric,240,0.01,Aurobindo Pharma Limited,DDP,1472
83503,DN-2211,Generic,Nigeria,05-Jul-11,05-Jul-11,300/300mg,Tablet - FDC,Yes,13398.06,From RDC,"Lamivudine/Tenofovir Disoproxil Fumarate 300/300mg, tablets, 30 Tabs",1028.18,70651,623141.82,PMO - US,Mylan (formerly Matrix) Nashik,Lamivudine/Tenofovir Disoproxil Fumarate,8.82,N/A - From RDC,SO-39570,FPQ-7217,2/21/11,ARV,151-NG-T30,15-Jun-11,Air Charter,Adult,30,0.29,SCMS from RDC,N/A - From RDC,6749
80470,ASN-19186,Aluvia,Vietnam,17-May-13,17-May-13,200/50mg,Tablet,Yes,6568.7,Direct Drop,"Lopinavir/Ritonavir 200/50mg [Aluvia], tablets, 120 Tabs",83.81,1114,67753.48,PMO - US,ABBVIE Ludwigshafen Germany,Lopinavir/Ritonavir,60.82,02-11-13,SCMS-176160,FPQ-11418,1/29/13,ARV,108-VN-T30,17-May-13,Air,Adult,120,0.51,ABBVIE LOGISTICS (FORMERLY ABBOTT LOGISTICS BV),FCA,266
54064,ASN-24415,Generic,South Africa,06-Feb-14,06-Feb-14,300mg,Tablet,No,Freight Included in Commodity Cost,Direct Drop,"Abacavir 300mg, tablets, 60 Tabs",7.51,94,6070.54,PMO - US,"Aurobindo Unit III, India",Abacavir,64.58,12-02-13,SCMS-215370,FPQ-13035,10-08-13,ARV,116-ZA-T30,06-Feb-14,Truck,Adult,60,1.08,S. BUYS WHOLESALER,DDP,Weight Captured Separately
23381,ASN-10269,INSTi,Zimbabwe,10-May-11,10-May-11,MIssing,Test kit,Yes,1014.5,Direct Drop,"#109440**HIV 1/2, INSTI HIV Antibody Individual POC, 1 Test",38.6,7199,23396.75,PMO - US,bioLytical Laboratories,"HIV 1/2, INSTI HIV Antibody Individual POC, 1 Test",3.25,01-12-11,SCMS-95570,FPQ-6716,12-10-10,HRDT,100-ZW-T30,10-May-11,Air,HIV test,1,3.25,BIOLYTICAL LABORATORIES INC.,CIF,369
82398,DN-2327,Generic,Uganda,21-Aug-11,21-Aug-11,300mg,Tablet,Yes,1812.94,From RDC,"Tenofovir Disoproxil Fumarate 300mg, tablets, 30 Tabs",25.92,2447,15709.74,PMO - US,Mylan (formerly Matrix) Nashik,Tenofovir Disoproxil Fumarate,6.42,N/A - From RDC,SO-40210,FPQ-8048,7/13/11,ARV,114-UG-T30,03-Nov-11,Air,Adult,30,0.21,SCMS from RDC,N/A - From RDC,138
84232,DN-3040,Generic,Uganda,07-Mar-13,07-Mar-13,150/300/200mg,Tablet - FDC,Yes,25118.88,From RDC,"Lamivudine/Nevirapine/Zidovudine 150/200/300mg, tablets, 60 Tabs",453.38,42717,366511.86,PMO - US,"Cipla, Goa, India",Lamivudine/Nevirapine/Zidovudine,8.58,N/A - From RDC,SO-43950,FPQ-11143,12/13/12,ARV,114-UG-T30,08-Mar-13,Truck,Adult,60,0.14,SCMS from RDC,N/A - From RDC,5732
60978,ASN-9936,Generic,South Africa,07-Apr-11,07-Apr-11,300mg,Tablet,Yes,Freight Included in Commodity Cost,Direct Drop,"Tenofovir Disoproxil Fumarate 300mg, tablets, 30 Tabs",840.66,76615,509489.75,PMO - US,"Aurobindo Unit III, India",Tenofovir Disoproxil Fumarate,6.65,12/14/10,SCMS-93530,FPQ-6708,11/26/10,ARV,161-ZA-T30,07-Apr-11,Ocean,Adult,30,0.22,Aurobindo Pharma Limited,DDP,Weight Captured Separately
82884,DN-1825,Truvada,CÃte dIvoire,20-May-10,20-May-10,300/200mg,Tablet - FDC,Yes,2941.11,From RDC,"Emtricitabine/Tenofovir Disoproxil Fumarate 200/300mg [Truvada], tablets, 30 Tabs",176.58,3120,81900.0,PMO - US,"Aspen-OSD, Port Elizabeth, SA",Emtricitabine/Tenofovir Disoproxil Fumarate,26.25,N/A - From RDC,SO-35600,FPQ-4659,12-08-09,ARV,104-CI-T30,31-May-10,Air,Adult,30,0.88,SCMS from RDC,N/A - From RDC,798
19348,ASN-16513,Clearview,Mali,04-Oct-12,04-Oct-12,MIssing,Test kit,Yes,1333.4,Direct Drop,"HIV 1/2, Clearview Complete Kit, 25 Tests",11.59,87,8265.0,PMO - US,Chembio Diagnostics Sys. Inc.,"HIV 1/2, Clearview Complete Kit",95.0,8/21/12,SCMS-153790,FPQ-10104,07-05-12,HRDT,102-ML-T30,04-Oct-12,Air,HIV test,25,3.8,"Orgenics, Ltd",EXW,40
85529,DN-3933,Generic,Tanzania,17-Oct-14,07-Nov-14,600/200/300mg,Tablet - FDC,Yes,1663.18,From RDC,"Efavirenz/Emtricitabine/Tenofovir Disoproxil Fumarate 600/200/300mg, tablets, 30 Tabs",218.19,17851,212248.39,PMO - US,"Cipla, Goa, India",Efavirenz/Emtricitabine/Tenofovir Disoproxil Fumarate,11.89,N/A - From RDC,SO-47650,FPQ-13566,1/15/14,ARV,109-TZ-T30,03-Nov-14,Truck,Adult,30,0.4,SCMS from RDC,N/A - From RDC,2117
62586,ASN-16778,Intelence,Uganda,25-Oct-12,25-Oct-12,100mg,Tablet,Yes,330,Direct Drop,"Etravirine 100mg [Intelence], tablets, 120 Tabs",5.6,111,3996.0,PMO - US,"Janssen-Cilag, Latina, IT",Etravirine,36.0,09-06-12,SCMS-159280,FPQ-10489,8/24/12,ARV,114-UG-T30,25-Oct-12,Air,Adult,120,0.3,ASPEN PHARMACARE,DAP,24
85573,DN-4186,Aluvia,Nigeria,18-Mar-15,20-Mar-15,200/50mg,Tablet,Yes,14266.13,From RDC,"Lopinavir/Ritonavir 200/50mg [Aluvia], tablets, 120 Tabs",803.71,41943,781817.52,PMO - US,ABBVIE Ludwigshafen Germany,Lopinavir/Ritonavir,18.64,N/A - From RDC,SO-49700,FPQ-14766,8/13/14,ARV,151-NG-T30,15-Apr-15,Air Charter,Adult,120,0.16,SCMS from RDC,N/A - From RDC,10322
82546,DN-3025,Generic,Uganda,07-Mar-13,07-Mar-13,200mg,Tablet,Yes,21806.84,From RDC,"Nevirapine 200mg, tablets, 60 Tabs",90.29,32298,72993.48,PMO - US,"Aurobindo Unit III, India",Nevirapine,2.26,N/A - From RDC,SO-43640,FPQ-10946,11-01-12,ARV,114-UG-T30,04-Apr-13,Air,Adult,60,0.04,SCMS from RDC,N/A - From RDC,6528
78026,ASN-26929,Generic,Vietnam,30-Jul-14,01-Aug-14,600/300/300mg,Tablet - FDC,Yes,4964.6,Direct Drop,"Efavirenz/Lamivudine/Tenofovir Disoproxil Fumarate 600/300/300mg, tablets, 30 Tabs",245.59,22752,238896.0,PMO - US,Hetero Unit III Hyderabad IN,Efavirenz/Lamivudine/Tenofovir Disoproxil Fumarate,10.5,03-10-14,SCMS-226260,FPQ-13524,02-06-14,ARV,108-VN-T30,13-Aug-14,Air,Adult,30,0.35,HETERO LABS LIMITED,EXW,3138
85547,DN-4039,Generic,CÃte dIvoire,11-Feb-15,16-Feb-15,600/300mg,Tablet - FDC,No,See DN-4039 (ID#:83869),From RDC,"Abacavir/Lamivudine 600/300mg, tablets, 30 Tabs",27.74,2000,26980.0,PMO - US,Mylan (formerly Matrix) Nashik,Abacavir/Lamivudine,13.49,N/A - From RDC,SO-47900,FPQ-13628,1/29/14,ARV,104-CI-T30,30-Jan-15,Truck,Adult,30,0.45,SCMS from RDC,N/A - From RDC,See DN-4039 (ID#:83869)
25828,ASN-10111,Generic,South Africa,05-May-11,05-May-11,300mg,Tablet,Yes,9177.19,Direct Drop,"Tenofovir Disoproxil Fumarate 300mg, tablets, 30 Tabs",139.74,12346,84693.56,PMO - US,"Cipla, Goa, India",Tenofovir Disoproxil Fumarate,6.86,12/14/10,SCMS-93580,FPQ-6708,11/26/10,ARV,161-ZA-T30,08-Apr-11,Ocean,Adult,30,0.23,CIPLA LIMITED,DDP,820
75373,ASN-31765,Uni-Gold,South Sudan,25-Jul-15,29-Jul-15,MIssing,Test kit,No,See ASN-31765 (ID#:41640),Direct Drop,"HIV 1/2, Uni-Gold HIV Kit, 20 Tests",0.94,25,800.0,PMO - US,"Trinity Biotech, Plc","HIV 1/2, Uni-Gold HIV Kit",32.0,2/20/15,SCMS-272150,FPQ-15569,12/29/14,HRDT,105-SS-T30,25-Jul-15,Air,HIV test,20,1.6,"Trinity Biotech, Plc",EXW,See ASN-31765 (ID#:41640)
12771,DN-534,Generic,Uganda,15-Feb-08,15-Feb-08,150/200/30mg,Tablet - FDC,Yes,3609.2,From RDC,"Lamivudine/Nevirapine/Stavudine 150/200/30mg, tablets, 60 Tabs",76.96,6500,48100.0,PMO - US,"Cipla, Goa, India",Lamivudine/Nevirapine/Stavudine,7.4,N/A - From RDC,SO-1299,Pre-PQ Process,Pre-PQ Process,ARV,114-UG-T01,15-Feb-08,Air,Adult,60,0.12,SCMS from RDC,N/A - From RDC,667
70486,ASN-11710,Generic,Vietnam,05-Sep-11,05-Sep-11,150/300/200mg,Tablet - FDC,Yes,13674.64,Direct Drop,"Lamivudine/Nevirapine/Zidovudine 150/200/300mg, tablets, 60 Tabs",442.97,24428,268463.72,PMO - US,Mylan (formerly Matrix) Nashik,Lamivudine/Nevirapine/Zidovudine,10.99,4/14/11,SCMS-105480,FPQ-7427,3/31/11,ARV,108-VN-T30,05-Sep-11,Air,Adult,60,0.18,MYLAN LABORATORIES LTD (FORMERLY MATRIX LABORATORIES),EXW,3408
86492,DN-2750,Generic,Zambia,30-Jul-12,30-Jul-12,600mg,Tablet,Yes,18219.83,From RDC,"Efavirenz 600mg, tablets, 30 Tabs",374.75,70156,267294.36,PMO - US,"Aurobindo Unit III, India",Efavirenz,3.81,N/A - From RDC,SO-41712,FPQ-9472,03-08-12,ARV,110-ZM-T30,26-Jul-12,Truck,Adult,30,0.13,SCMS from RDC,N/A - From RDC,6022
85718,DN-2033,Generic,CÃte dIvoire,23-Nov-10,23-Nov-10,600mg,Tablet,No,See DN-2033 (ID#:82922),From RDC,"Efavirenz 600mg, tablets, 30 Tabs",676.16,69384,313615.68,PMO - US,Mylan (formerly Matrix) Nashik,Efavirenz,4.52,N/A - From RDC,SO-37120,FPQ-5925,6/23/10,ARV,104-CI-T30,28-Oct-10,Truck,Adult,30,0.15,SCMS from RDC,N/A - From RDC,See DN-2033 (ID#:82922)
69783,ASN-27824,Generic,Haiti,26-Sep-14,06-Oct-14,100/25mg,Tablet,No,See ASN-27824 (ID#:26961),Direct Drop,"Lopinavir/Ritonavir 100/25mg [Aluvia], tablets, 60 Tabs",8.06,1320,7840.8,PMO - US,ABBVIE Ludwigshafen Germany,Lopinavir/Ritonavir,5.94,5/28/14,SCMS-240110,FPQ-14083,05-11-14,ARV,106-HT-T30,26-Sep-14,Air,Pediatric,60,0.1,ABBVIE LOGISTICS (FORMERLY ABBOTT LOGISTICS BV),FCA,See ASN-27824 (ID#:26961)
28190,ASN-11471,Generic,South Africa,05-Sep-11,05-Sep-11,300mg,Tablet,Yes,10405.58,Direct Drop,"Zidovudine 300mg, tablets, 60 Tabs",1204.5,100000,730000.0,PMO - US,"Aurobindo Unit III, India",Zidovudine,7.3,3/24/11,SCMS-103350,FPQ-7175,03-10-11,ARV,161-ZA-T30,05-Sep-11,Ocean,Adult,60,0.12,Aurobindo Pharma Limited,DDP,5177
12778,DN-717,Truvada,Nigeria,18-Apr-08,18-Apr-08,300/200mg,Tablet - FDC,No,See DN-717 (ID#:11858),From RDC,"Emtricitabine/Tenofovir Disoproxil Fumarate 200/300mg [Truvada], tablets, 30 Tabs",0.67,16,420.0,PMO - US,"Aspen-OSD, Port Elizabeth, SA",Emtricitabine/Tenofovir Disoproxil Fumarate,26.25,N/A - From RDC,SO-2351,Pre-PQ Process,Pre-PQ Process,ARV,112-NG-T01,18-Apr-08,Air,Adult,30,0.88,SCMS from RDC,N/A - From RDC,See DN-717 (ID#:11858)
82975,DN-2325,Generic,Mozambique,13-Oct-11,13-Oct-11,600mg,Tablet,Yes,7664.01,From RDC,"Efavirenz 600mg, tablets, 30 Tabs",317.57,45608,192465.76,PMO - US,Hetero Unit III Hyderabad IN,Efavirenz,4.22,N/A - From RDC,SO-38635,FPQ-7053,1/24/11,ARV,111-MZ-T30,13-Oct-11,Truck,Adult,30,0.14,SCMS from RDC,N/A - From RDC,5406
22876,ASN-32269,Generic,Vietnam,07-Jul-15,07-Jul-15,600/300/300mg,Tablet - FDC,Yes,Invoiced Separately,Direct Drop,"Efavirenz/Lamivudine/Tenofovir Disoproxil Fumarate 600/300/300mg, tablets, 30 Tabs",209.04,17760,177600.0,PMO - US,Hetero Unit III Hyderabad IN,Efavirenz/Lamivudine/Tenofovir Disoproxil Fumarate,10.0,2/17/15,SCMS-274390,FPQ-15692,1/28/15,ARV,108-VN-T30,10-Jul-15,Air,Adult,30,0.33,HETERO LABS LIMITED,EXW,Weight Captured Separately
82742,DN-3971,Generic,Zimbabwe,03-Nov-14,10-Nov-14,60/30mg,Tablet - FDC,Yes,2599.36,From RDC,"Abacavir/Lamivudine 60/30mg, tablets, 60 Tabs",206.47,50847,200845.65,PMO - US,"Aurobindo Unit III, India",Abacavir/Lamivudine,3.95,N/A - From RDC,SO-48480,FPQ-13990,04-01-14,ARV,103-ZW-T30,30-Oct-14,Truck,Pediatric,60,0.07,SCMS from RDC,N/A - From RDC,2372
50380,ASN-24415,Generic,South Africa,06-Feb-14,06-Feb-14,400mg,Delayed-release capsules,No,Freight Included in Commodity Cost,Direct Drop,"Didanosine 400mg, delayed-release capsules, 30 Caps",1.32,58,1068.21,PMO - US,"Aurobindo Unit III, India",Didanosine,18.42,12-02-13,SCMS-215370,FPQ-13035,10-08-13,ARV,116-ZA-T30,06-Feb-14,Truck,Adult,30,0.61,S. BUYS WHOLESALER,DDP,Weight Captured Separately
83434,DN-1859,Generic,Uganda,22-Jun-10,22-Jun-10,150/300/200mg,Tablet - FDC,Yes,6299.45,From RDC,"Lamivudine/Nevirapine/Zidovudine 150/200/300mg, tablets, 60 Tabs",362.85,15000,168300.0,PMO - US,Mylan (formerly Matrix) Nashik,Lamivudine/Nevirapine/Zidovudine,11.22,N/A - From RDC,SO-36830,FPQ-5451,05-07-10,ARV,114-UG-T30,30-Jun-10,Air,Adult,60,0.19,SCMS from RDC,N/A - From RDC,1943
13205,ASN-4783,Determine,CÃte dIvoire,15-Sep-09,15-Sep-09,MIssing,Test kit,Yes,12858.12,Direct Drop,"HIV 1/2, Determine HIV Kit, without Lancets, 100 Tests",480.2,3500,245000.0,PMO - US,Inverness Japan,"HIV 1/2, Determine HIV Kit, without Lancets",70.0,07-09-09,SCMS-48630,FPQ-3885,6/19/09,HRDT,104-CI-T30,15-Sep-09,Air,HIV test,100,0.7,"Orgenics, Ltd",EXW,893
84366,DN-3695,Generic,Mozambique,25-Jul-14,05-Sep-14,150/300/200mg,Tablet - FDC,Yes,7048.57,From RDC,"Lamivudine/Nevirapine/Zidovudine 150/200/300mg, tablets, 60 Tabs",622.14,74623,605192.53,PMO - US,"Cipla, Goa, India",Lamivudine/Nevirapine/Zidovudine,8.11,N/A - From RDC,SO-47086,FPQ-13123,10/21/13,ARV,111-MZ-T30,31-Jul-14,Truck,Adult,60,0.14,SCMS from RDC,N/A - From RDC,10073
83267,DN-3828,Generic,Mozambique,05-Nov-14,07-Nov-14,300mg,Tablet,No,See DN-3828 (ID#:82713),From RDC,"Abacavir 300mg, tablets, 60 Tabs",42.71,3700,41551.0,PMO - US,Mylan (formerly Matrix) Nashik,Abacavir,11.23,N/A - From RDC,SO-47080,FPQ-13123,10/21/13,ARV,111-MZ-T30,29-Aug-14,Truck,Adult,60,0.19,SCMS from RDC,N/A - From RDC,See DN-3828 (ID#:82713)
46067,ASN-11005,Videx EC,Tanzania,14-Jul-11,14-Jul-11,400mg,Delayed-release capsules - blister,No,See ASN-11005 (ID#:27881),Direct Drop,"Didanosine EC 400mg [Videx EC], delayed-release capsules, Blister 3 x 10 Caps",715.15,18311,433421.37,PMO - US,Bristol-Myers Squibb Anagni IT,Didanosine EC,23.67,4/14/11,SCMS-103291,FPQ-6795,1/27/11,ARV,109-TZ-T30,14-Jul-11,Air,Adult,30,0.79,LAWRENCE LABORATORIES (SUBSIDIARY OF BRISTOL MYERS SQUIBB),FCA,See ASN-11005 (ID#:27881)
11827,DN-535,Generic,Nigeria,09-Jan-08,09-Jan-08,200mg,Tablet,No,See DN-535 (ID#:10658),From RDC,"Nevirapine 200mg, tablets, 60 Tabs",0.68,125,425.0,PMO - US,"Aurobindo Unit III, India",Nevirapine,3.4,N/A - From RDC,SO-1570,Pre-PQ Process,Pre-PQ Process,ARV,112-NG-T01,09-Jan-08,Air,Adult,60,0.06,SCMS from RDC,N/A - From RDC,See DN-535 (ID#:10658)
712,ASN-2450,Uni-Gold,Namibia,18-Sep-08,18-Sep-08,MIssing,Test kit,Yes,Invoiced Separately,Direct Drop,"HIV 1/2, Uni-Gold HIV Kit, 20 Tests",0.51,10,320.0,PMO - US,"Trinity Biotech, Plc","HIV 1/2, Uni-Gold HIV Kit",32.0,8/26/08,SCMS-28840,Pre-PQ Process,Pre-PQ Process,HRDT,119-NA-T01,18-Sep-08,Air,HIV test,20,1.6,"Trinity Biotech, Plc",EXW,Weight Captured Separately
12017,DN-1489,Generic,Uganda,29-Oct-09,29-Oct-09,30mg,Capsule,Yes,667.17,From RDC,"Stavudine 30mg, capsules, 60 Caps",0.94,300,438.0,PMO - US,"Aurobindo Unit III, India",Stavudine,1.46,N/A - From RDC,SO-34000,Pre-PQ Process,Date Not Captured,ARV,114-UG-T01,29-Oct-09,Air,Adult,60,0.02,SCMS from RDC,N/A - From RDC,20
8864,ASN-3170,Aluvia,Tanzania,23-Feb-09,23-Feb-09,200/50mg,Tablet,Yes,12937.16,Direct Drop,"Lopinavir/Ritonavir 200/50mg [Aluvia], tablets, 120 Tabs",1006.95,12500,513750.0,PMO - US,ABBVIE Ludwigshafen Germany,Lopinavir/Ritonavir,41.1,12/30/08,SCMS-36490,Pre-PQ Process,Pre-PQ Process,ARV,109-TZ-T01,23-Feb-09,Air,Adult,120,0.34,ABBVIE LOGISTICS (FORMERLY ABBOTT LOGISTICS BV),FCA,3088
69952,ASN-32010,Kaletra,Nigeria,02-Jun-15,03-Jun-15,80/20mg/ml,Oral solution,Yes,5808.69,Direct Drop,"Lopinavir/Ritonavir 80/20mg/ml [Kaletra], oral solution, cool, Bottle 5 x 60 ml",25,789,24316.98,PMO - US,ABBVIE (Abbott) Logis. UK,Lopinavir/Ritonavir,30.82,10/23/14,SCMS-260990,FPQ-15059,10-08-14,ARV,151-NG-T30,02-Jun-15,Air,Pediatric,300,0.1,ABBVIE LOGISTICS (FORMERLY ABBOTT LOGISTICS BV),FCA,794
84644,DN-2201,Generic,Uganda,01-Jun-11,01-Jun-11,300/300mg,Tablet - FDC,Yes,3397.95,From RDC,"Lamivudine/Tenofovir Disoproxil Fumarate 300/300mg, tablets, 30 Tabs",37.24,2559,22570.38,PMO - US,Mylan (formerly Matrix) Nashik,Lamivudine/Tenofovir Disoproxil Fumarate,8.82,N/A - From RDC,SO-39140,FPQ-7395,03-11-11,ARV,114-UG-T30,06-Jun-11,Truck,Adult,30,0.29,SCMS from RDC,N/A - From RDC,338
48624,ASN-26905,Generic,Haiti,20-Oct-14,24-Oct-14,600/300/300mg,Tablet - FDC,Yes,Invoiced Separately,Direct Drop,"Efavirenz/Lamivudine/Tenofovir Disoproxil Fumarate 600/300/300mg, tablets, 30 Tabs",169.9,15080,165276.8,PMO - US,"Aurobindo Unit VII, IN",Efavirenz/Lamivudine/Tenofovir Disoproxil Fumarate,10.96,06-02-14,SCMS-240190,FPQ-14083,05-11-14,ARV,106-HT-T30,20-Oct-14,Ocean,Adult,30,0.37,Aurobindo Pharma Limited,EXW,Weight Captured Separately
62079,ASN-14813,Uni-Gold,Malawi,21-May-12,21-May-12,MIssing,Test kit,Yes,732.72,Direct Drop,"HIV 1/2, Uni-Gold HIV Kit, 20 Tests",2.96,66,2112.0,PMO - US,"Trinity Biotech, Plc","HIV 1/2, Uni-Gold HIV Kit",32.0,3/28/12,SCMS-141440,FPQ-9454,03-12-12,HRDT,102-MW-T30,21-May-12,Air,HIV test,20,1.6,"Trinity Biotech, Plc",EXW,29
82306,DN-1727,Generic,Nigeria,31-Mar-10,31-Mar-10,200/300mg,Tablet - FDC,Yes,Freight Included in Commodity Cost,From RDC,"Emtricitabine/Tenofovir Disoproxil Fumarate 200/300mg, tablets, 30 Tabs",91.15,3598,42276.5,PMO - US,Mylan (formerly Matrix) Nashik,Emtricitabine/Tenofovir Disoproxil Fumarate,11.75,N/A - From RDC,SO-35070,FPQ-4537,11-06-09,ARV,151-NG-T30,19-Apr-10,Air Charter,Adult,30,0.39,SCMS from RDC,N/A - From RDC,290
84497,DN-1311,Generic,Nigeria,04-Aug-09,04-Aug-09,300mg,Tablet,No,See DN-1311 (ID#:82837),From RDC,"Zidovudine 300mg, tablets, 60 Tabs",1.45,98,737.94,PMO - US,"Aurobindo Unit III, India",Zidovudine,7.53,N/A - From RDC,SO-32270,FPQ-3815,5/26/09,ARV,154-NG-T30,30-Jul-09,Air Charter,Adult,60,0.13,SCMS from RDC,N/A - From RDC,See DN-1311 (ID#:82837)
46429,ASN-31431,OraQuick,Mali,20-May-15,16-Jul-15,MIssing,Test kit - Ancillary,Yes,Freight Included in Commodity Cost,Direct Drop,"HIV, OraQuick Controls Kit, 3 Vials",0.51,20,500.0,PMO - US,"Orasure Technologies, Inc USA","HIV, OraQuick Controls Kit, 3 Vials",25.0,11/18/14,SCMS-260710,FPQ-15006,10-07-14,HRDT,103-ML-T30,20-May-15,Air,HIV test - Ancillary,1,25.0,Orasure Technologies Inc.,CIP,Weight Captured Separately
19063,ASN-21751,Uni-Gold,South Sudan,18-Oct-13,18-Oct-13,MIssing,Test kit,No,See ASN-21751 (ID#:13968),Direct Drop,"HIV 1/2, Uni-Gold HIV Kit, 20 Tests",17.81,450,14400.0,PMO - US,"Trinity Biotech, Plc","HIV 1/2, Uni-Gold HIV Kit",32.0,08-06-13,SCMS-200920,FPQ-12623,7/18/13,HRDT,105-SS-T30,18-Oct-13,Air,HIV test,20,1.6,"Trinity Biotech, Plc",EXW,See ASN-21751 (ID#:13968)
10716,DN-1068,Generic,Uganda,19-Feb-09,19-Feb-09,600mg,Tablet,Yes,1340.96,From RDC,"Efavirenz 600mg, tablets, 30 Tabs",37.67,1747,19217.0,PMO - US,"Aurobindo Unit III, India",Efavirenz,11.0,N/A - From RDC,SO-17910,Pre-PQ Process,Pre-PQ Process,ARV,114-UG-T01,19-Feb-09,Air,Adult,30,0.37,SCMS from RDC,N/A - From RDC,152
49214,ASN-6569,Generic,Rwanda,09-Apr-10,09-Apr-10,200mg,Tablet,Yes,16769.43,Direct Drop,"Nevirapine 200mg, tablets, 60 Tabs",365.2,60300,186327.0,PMO - US,Hetero Unit III Hyderabad IN,Nevirapine,3.09,7/16/09,SCMS-48940,FPQ-3859,6/30/09,ARV,107-RW-T30,09-Apr-10,Air,Adult,60,0.05,HETERO LABS LIMITED,CIP,3539
26590,ASN-28036,Generic,South Africa,29-Aug-14,29-Aug-14,400mg,Delayed-release capsules,No,Freight Included in Commodity Cost,Direct Drop,"Didanosine 400mg, delayed-release capsules, 30 Caps",0.83,31,672.87,PMO - US,"Aurobindo Unit III, India",Didanosine,21.71,8/29/14,SCMS-199289,FPQ-12522,07-11-13,ARV,116-ZA-T30,29-Aug-14,Truck,Adult,30,0.72,S. BUYS WHOLESALER,DDP,Weight Captured Separately
83229,DN-3611,Generic,Rwanda,04-Mar-14,04-Jun-14,10mg/ml,Oral suspension,Yes,4609.68,From RDC,"Nevirapine 10mg/ml, oral suspension w/syringe, Bottle, 240 ml",4.24,2216,4121.76,PMO - US,"Aurobindo Unit III, India",Nevirapine,1.86,N/A - From RDC,SO-48170,FPQ-13839,03-05-14,ARV,107-RW-T30,20-May-14,Truck,Pediatric,240,0.01,SCMS from RDC,N/A - From RDC,1412
11458,DN-397,Generic,Zambia,26-Nov-07,26-Nov-07,600mg,Tablet,Yes,13484.72,From RDC,"Efavirenz 600mg, tablets, 30 Tabs",877.05,44135,548156.7,PMO - US,"Aurobindo Unit III, India",Efavirenz,12.42,N/A - From RDC,SO-978,Pre-PQ Process,Pre-PQ Process,ARV,110-ZM-T01,26-Nov-07,MIssing,Adult,30,0.41,SCMS from RDC,N/A - From RDC,4082
82564,DN-3094,Generic,Zimbabwe,13-Apr-13,13-Apr-13,600/300/300mg,Tablet - FDC,Yes,29733.53,From RDC,"Efavirenz/Lamivudine/Tenofovir Disoproxil Fumarate 600/300/300mg, tablets, 30 Tabs",604,40320,488275.2,PMO - US,Mylan (formerly Matrix) Nashik,Efavirenz/Lamivudine/Tenofovir Disoproxil Fumarate,12.11,N/A - From RDC,SO-44271,FPQ-11477,1/16/13,ARV,102-ZW-T30,31-Jul-13,Truck,Adult,30,0.4,SCMS from RDC,N/A - From RDC,4536
77517,ASN-31129,Uni-Gold,South Sudan,08-May-15,11-May-15,MIssing,Test kit,No,See ASN-31129 (ID#:40205),Direct Drop,"HIV 1/2, Uni-Gold HIV Kit, 20 Tests",1.88,50,1600.0,PMO - US,"Trinity Biotech, Plc","HIV 1/2, Uni-Gold HIV Kit",32.0,2/20/15,SCMS-272140,FPQ-15569,12/29/14,HRDT,105-SS-T30,08-May-15,Air,HIV test,20,1.6,"Trinity Biotech, Plc",EXW,See ASN-31129 (ID#:40205)
67448,ASN-26882,Generic,South Africa,25-Jun-14,25-Jun-14,300mg,Tablet,No,Freight Included in Commodity Cost,Direct Drop,"Tenofovir Disoproxil Fumarate 300mg, tablets, 30 Tabs",1.69,91,1644.26,PMO - US,Mylan (formerly Matrix) Nashik,Tenofovir Disoproxil Fumarate,18.07,6/25/14,SCMS-238551,FPQ-13973,4/30/14,ARV,116-ZA-T30,25-Jun-14,Truck,Adult,30,0.6,PHARMACY DIRECT,DDP,Weight Captured Separately
82648,DN-3525,Generic,Mozambique,20-Feb-14,19-Mar-14,150/200/30mg,Tablet - FDC,Yes,7928.11,From RDC,"Lamivudine/Nevirapine/Stavudine 150/200/30mg, tablets, 60 Tabs",189.88,35533,153502.56,PMO - US,"Strides, Bangalore, India.",Lamivudine/Nevirapine/Stavudine,4.32,N/A - From RDC,SO-46172,FPQ-12573,6/28/13,ARV,111-MZ-T30,31-Jan-14,Truck,Adult,60,0.07,SCMS from RDC,N/A - From RDC,7654
83075,DN-2840,Generic,Uganda,06-Oct-12,06-Oct-12,200/50mg,Tablet,Yes,7238,From RDC,"Lopinavir/Ritonavir 200/50mg, tablets, 120 Tabs",204.15,4968,145612.08,PMO - US,"Aurobindo Unit III, India",Lopinavir/Ritonavir,29.31,N/A - From RDC,SO-41600,FPQ-9356,2/20/12,ARV,114-UG-T30,05-Oct-12,Truck,Adult,120,0.24,SCMS from RDC,N/A - From RDC,1207
61396,ASN-12551,Determine,Dominican Republic,27-Oct-11,27-Oct-11,MIssing,Test kit,Yes,Invoiced Separately,Direct Drop,"HIV 1/2, Determine Complete HIV Kit, 100 Tests",429.29,2828,260176.0,PMO - US,Inverness Japan,"HIV 1/2, Determine Complete HIV Kit",92.0,08-04-11,SCMS-117400,FPQ-7858,6/21/11,HRDT,105-DO-T30,27-Oct-11,Air,HIV test,100,0.92,"Orgenics, Ltd",EXW,Weight Captured Separately
85790,DN-2357,Generic,Zambia,26-Sep-11,26-Sep-11,600mg,Tablet,No,See DN-2357 (ID#:84112),From RDC,"Efavirenz 600mg, tablets, 30 Tabs",350.28,49142,212293.44,PMO - US,Hetero Unit III Hyderabad IN,Efavirenz,4.32,N/A - From RDC,SO-38733,FPQ-7085,02-03-11,ARV,110-ZM-T30,31-Oct-11,Truck,Adult,30,0.14,SCMS from RDC,N/A - From RDC,See DN-2357 (ID#:84112)
11657,DN-1308,Generic,CÃte dIvoire,08-Jul-09,08-Jul-09,10mg/ml,Oral solution,Yes,4329.01,From RDC,"Lamivudine 10mg/ml, oral solution, Bottle, 240 ml",13.03,3500,6650.0,PMO - US,"Aurobindo Unit III, India",Lamivudine,1.9,N/A - From RDC,SO-27550,Pre-PQ Process,Date Not Captured,ARV,104-CI-T01,08-Jul-09,Air,Pediatric,240,0.01,SCMS from RDC,N/A - From RDC,1208
84631,DN-2138,Generic,CÃte dIvoire,29-Mar-11,29-Mar-11,150/300mg,Tablet - FDC,No,See DN-2138 (ID#:83491),From RDC,"Lamivudine/Zidovudine 150/300mg, tablets, 60 Tabs",287.95,15621,133559.55,PMO - US,Hetero Unit III Hyderabad IN,Lamivudine/Zidovudine,8.55,N/A - From RDC,SO-38480,FPQ-6144,08-03-10,ARV,104-CI-T30,15-Mar-11,Air,Adult,60,0.14,SCMS from RDC,N/A - From RDC,See DN-2138 (ID#:83491)
10535,DN-13,Viracept,Mozambique,08-Jan-07,08-Jan-07,250mg,Tablet,Yes,859.14,From RDC,"Nelfinavir (as mesilate) 250mg [Viracept], tablets, 270 Tabs",MIssing,764,60814.4,PMO - US,Roche Madrid,Nelfinavir (as mesilate),79.6,N/A - From RDC,SO-321,Pre-PQ Process,Pre-PQ Process,ARV,111-MZ-T01,08-Jan-07,Air,Adult,270,0.29,SCMS from RDC,N/A - From RDC,1669
4798,ASN-3553,Stocrin/Sustiva,South Africa,09-Oct-08,09-Oct-08,50mg,Capsule,No,Freight Included in Commodity Cost,Direct Drop,"Efavirenz 50mg [Stocrin/Sustiva], capsule, 30 Caps",1.16,200,592.0,PMO - US,"MSD Midrand, Jburg, SA",Efavirenz,2.96,Date Not Captured,SCMS-33320,Pre-PQ Process,Pre-PQ Process,ARV,116-ZA-T01,17-May-09,Truck,Pediatric,30,0.1,S. BUYS WHOLESALER,DDP,Weight Captured Separately
85724,DN-2064,Generic,CÃte dIvoire,09-Dec-10,09-Dec-10,20mg,Capsule,No,See DN-2064 (ID#:83469),From RDC,"Stavudine 20mg, capsules, 60 Caps",3.12,1013,1448.59,PMO - US,"Aurobindo Unit III, India",Stavudine,1.43,N/A - From RDC,SO-37740,FPQ-5925,6/23/10,ARV,104-CI-T30,30-Nov-10,Air,Adult,60,0.02,SCMS from RDC,N/A - From RDC,See DN-2064 (ID#:83469)
79325,ASN-23877,Determine,CÃte dIvoire,24-Jan-14,30-Jan-14,MIssing,Test kit,Yes,16856.6,Direct Drop,"HIV 1/2, Determine Complete HIV Kit, 100 Tests",257.82,3135,250800.0,PMO - US,"Alere Medical Co., Ltd.","HIV 1/2, Determine Complete HIV Kit",80.0,12-04-13,SCMS-215050,FPQ-13125,10/25/13,HRDT,104-CI-T30,24-Jan-14,Air,HIV test,100,0.8,"Orgenics, Ltd",EXW,1272
83540,DN-2389,Generic,Uganda,01-Nov-11,01-Nov-11,10mg/ml,Oral suspension,Yes,19520.77,From RDC,"Nevirapine 10mg/ml, oral suspension w/syringe, Bottle, 240 ml",31.51,9794,19098.3,PMO - US,"Aurobindo Unit III, India",Nevirapine,1.95,N/A - From RDC,SO-38870,FPQ-7166,02-11-11,ARV,114-UG-T30,15-Nov-11,Air,Pediatric,240,0.01,SCMS from RDC,N/A - From RDC,3654
29043,ASN-28245,Generic,Haiti,17-Nov-14,17-Nov-14,30/60mg,Chewable/dispersible tablet - FDC,Yes,5215.49,Direct Drop,"Lamivudine/Zidovudine 30/60mg, dispersible tablets, 60 Tabs",5.22,2550,5074.5,PMO - US,"Mylan,  H-12 & H-13, India",Lamivudine/Zidovudine,1.99,7/31/14,SCMS-240202,FPQ-14083,05-11-14,ARV,106-HT-T30,17-Nov-14,Ocean,Pediatric,60,0.03,MYLAN LABORATORIES LTD (FORMERLY MATRIX LABORATORIES),EXW,199
12203,DN-729,Generic,Nigeria,09-May-08,09-May-08,200mg,Tablet,No,See DN-729 (ID#:11895),From RDC,"Nevirapine 200mg, tablets, 60 Tabs",9.06,1666,5664.4,PMO - US,"Aurobindo Unit III, India",Nevirapine,3.4,N/A - From RDC,SO-2500,Pre-PQ Process,Pre-PQ Process,ARV,130-NG-T01,09-May-08,Air,Adult,60,0.06,SCMS from RDC,N/A - From RDC,See DN-729 (ID#:11895)
84069,DN-2153,Generic,CÃte dIvoire,10-Jun-11,10-Jun-11,600/300mg,Tablet - FDC,No,See DN-2153 (ID#:82374),From RDC,"Abacavir/Lamivudine 600/300mg, scored tablets, 30 Tabs",48.6,1309,29452.5,PMO - US,Mylan (formerly Matrix) Nashik,Abacavir/Lamivudine,22.5,N/A - From RDC,SO-38540,FPQ-6891,12/21/10,ARV,104-CI-T30,20-Apr-11,Air,Adult,30,0.75,SCMS from RDC,N/A - From RDC,See DN-2153 (ID#:82374)
67011,ASN-27581,Generic,Zimbabwe,17-Sep-14,19-Sep-14,300/300mg,Tablet - FDC,Yes,29257.65,Direct Drop,"Lamivudine/Tenofovir Disoproxil Fumarate 300/300mg, tablets, 30 Tabs",223.87,47136,217768.32,PMO - US,Hetero Unit III Hyderabad IN,Lamivudine/Tenofovir Disoproxil Fumarate,4.62,5/27/14,SCMS-240570,FPQ-13939,04-01-14,ARV,113-ZW-T30,17-Sep-14,Air Charter,Adult,30,0.15,HETERO LABS LIMITED,EXW,5151
83385,DN-1559,Generic,Haiti,01-Dec-09,01-Dec-09,10mg/ml,Oral solution,No,See DN-1559 (ID#:82849),From RDC,"Lamivudine 10mg/ml, oral solution, Bottle, 240 ml",2.88,704,1337.6,PMO - US,"Aurobindo Unit III, India",Lamivudine,1.9,N/A - From RDC,SO-34670,FPQ-4384,10/23/09,ARV,106-HT-T30,09-Dec-09,Air,Pediatric,240,0.01,SCMS from RDC,N/A - From RDC,See DN-1559 (ID#:82849)
84719,DN-2625,Generic,Rwanda,17-Apr-12,17-Apr-12,200mg,Capsule,Yes,585.42,From RDC,"Efavirenz 200mg, capsule, 90 Caps",5.9,487,4207.68,PMO - US,"Aurobindo Unit III, India",Efavirenz,8.64,N/A - From RDC,SO-41430,FPQ-9190,1/27/12,ARV,107-RW-T30,29-Jun-12,Air,Pediatric,90,0.1,SCMS from RDC,N/A - From RDC,66
5703,ASN-1691,Generic,Vietnam,22-May-08,22-May-08,300mg,Tablet,Yes,2864.44,Direct Drop,"Tenofovir Disoproxil Fumarate 300mg, tablets, 30 Tabs",44.06,2016,27538.56,PMO - US,Mylan (formerly Matrix) Nashik,Tenofovir Disoproxil Fumarate,13.66,04-10-08,SCMS-20341,Pre-PQ Process,Pre-PQ Process,ARV,108-VN-T01,01-Jun-08,Air,Adult,30,0.46,MYLAN LABORATORIES LTD (FORMERLY MATRIX LABORATORIES),EXW,122
85206,DN-2406,Generic,CÃte dIvoire,31-Oct-11,31-Oct-11,300mg,Tablet,Yes,3274.41,From RDC,"Abacavir 300mg, tablets, 60 Tabs",214.41,8640,129945.6,PMO - US,Mylan (formerly Matrix) Nashik,Abacavir,15.04,N/A - From RDC,SO-40100,FPQ-7659,05-03-11,ARV,104-CI-T30,22-Nov-11,Air,Adult,60,0.25,SCMS from RDC,N/A - From RDC,777
84502,DN-1477,Generic,CÃte dIvoire,16-Oct-09,16-Oct-09,200mg,Tablet,Yes,2336.26,From RDC,"Nevirapine 200mg, tablets, 60 Tabs",42.06,7400,21460.0,PMO - US,"Aurobindo Unit III, India",Nevirapine,2.9,N/A - From RDC,SO-33660,FPQ-4187,09-09-09,ARV,104-CI-T30,23-Oct-09,Air,Adult,60,0.05,SCMS from RDC,N/A - From RDC,714
84750,DN-2824,Generic,Uganda,30-Oct-12,30-Oct-12,200mg,Tablet,Yes,10095.9,From RDC,"Nevirapine 200mg, tablets, 60 Tabs",123.15,36000,87840.0,PMO - US,"Strides, Bangalore, India.",Nevirapine,2.44,N/A - From RDC,SO-42620,FPQ-10048,06-06-12,ARV,900-UG-T30,30-Oct-12,Air,Adult,60,0.04,SCMS from RDC,N/A - From RDC,2026
16496,ASN-24662,Generic,Tanzania,25-Apr-14,25-Apr-14,300mg,Tablet,Yes,23397.41,Direct Drop,"Zidovudine 300mg, tablets, 60 Tabs",357.33,63200,347600.0,PMO - US,Hetero Unit III Hyderabad IN,Zidovudine,5.5,12/27/13,SCMS-219200,FPQ-13418,12/13/13,ARV,109-TZ-T30,25-Apr-14,Air,Adult,60,0.09,HETERO LABS LIMITED,EXW,4007
42998,ASN-5132,Generic,Vietnam,23-Oct-09,23-Oct-09,150/300/200mg,Tablet - FDC,No,See ASN-5132 (ID#:22186),Direct Drop,"Lamivudine/Nevirapine/Zidovudine 150/200/300mg, tablets, 60 Tabs",142.05,6500,72475.0,PMO - US,"Aurobindo Unit III, India",Lamivudine/Nevirapine/Zidovudine,11.15,6/26/09,SCMS-48260,FPQ-3896,6/25/09,ARV,108-VN-T30,23-Oct-09,Air,Adult,60,0.19,Aurobindo Pharma Limited,EXW,See ASN-5132 (ID#:22186)
10795,DN-1458,Generic,Haiti,13-Oct-09,13-Oct-09,10mg/ml,Oral solution,Yes,25874.1,From RDC,"Zidovudine 10mg/ml, oral solution, Bottle, 240 ml",17.76,4315,9061.5,PMO - US,"Aurobindo Unit III, India",Zidovudine,2.1,N/A - From RDC,SO-33030,Pre-PQ Process,Date Not Captured,ARV,106-HT-T01,13-Oct-09,Air,Pediatric,240,0.01,SCMS from RDC,N/A - From RDC,2520
11523,DN-551,Generic,Nigeria,16-Jan-08,16-Jan-08,10mg/ml,Oral suspension,Yes,2047,From RDC,"Nevirapine 10mg/ml, oral suspension, Bottle, 240 ml",7.86,792,4910.4,PMO - US,"Aurobindo Unit III, India",Nevirapine,6.2,N/A - From RDC,SO-1430,Pre-PQ Process,Pre-PQ Process,ARV,112-NG-T01,16-Jan-08,Air,Pediatric,240,0.03,SCMS from RDC,N/A - From RDC,272
2171,ASN-3665,Determine,Nigeria,08-Apr-09,08-Apr-09,MIssing,Test kit,Yes,22451.67,Direct Drop,"HIV 1/2, Determine Complete HIV Kit, 100 Tests",901.76,5751,460080.0,PMO - US,Inverness Japan,"HIV 1/2, Determine Complete HIV Kit",80.0,11/20/08,SCMS-33820,Pre-PQ Process,Pre-PQ Process,HRDT,133-NG-T01,08-Apr-09,Air,HIV test,100,0.8,"Orgenics, Ltd",EXW,1723
86788,DN-4178,Generic,Burundi,25-Mar-15,30-Mar-15,150/300/200mg,Tablet - FDC,No,See DN-4178 (ID#:84460),From RDC,"Lamivudine/Nevirapine/Zidovudine 150/200/300mg, tablets, 60 Tabs",9.16,1008,7781.76,PMO - US,"Hetero, Jadcherla, unit 5, IN",Lamivudine/Nevirapine/Zidovudine,7.72,N/A - From RDC,SO-50280,FPQ-15406,11/19/14,ARV,102-BI-T30,29-May-15,Air,Adult,60,0.13,SCMS from RDC,N/A - From RDC,See DN-4178 (ID#:84460)
12543,DN-1094,Generic,Uganda,19-Mar-09,19-Mar-09,600mg,Tablet,Yes,966.37,From RDC,"Efavirenz 600mg, tablets, 30 Tabs",0.19,9,99.0,PMO - US,"Aurobindo Unit III, India",Efavirenz,11.0,N/A - From RDC,SO-17911,Pre-PQ Process,Pre-PQ Process,ARV,114-UG-T01,19-Mar-09,Air,Adult,30,0.37,SCMS from RDC,N/A - From RDC,1
82900,DN-1917,Generic,Nigeria,28-Jun-10,28-Jun-10,300mg,Tablet,Yes,Freight Included in Commodity Cost,From RDC,"Zidovudine 300mg, tablets, 60 Tabs",1.62,100,750.0,PMO - US,"Aurobindo Unit III, India",Zidovudine,7.5,N/A - From RDC,SO-36504,FPQ-5023,02-10-10,ARV,151-NG-T30,15-Jul-10,Air,Adult,60,0.12,SCMS from RDC,N/A - From RDC,6
20735,ASN-13341,Generic,Rwanda,13-Apr-12,13-Apr-12,300/300mg,Tablet - FDC,Yes,102761.99,Direct Drop,"Lamivudine/Tenofovir Disoproxil Fumarate 300/300mg, tablets, 30 Tabs",990.09,132000,706200.0,PMO - US,"Aurobindo Unit VII, IN",Lamivudine/Tenofovir Disoproxil Fumarate,5.35,12/13/11,SCMS-129780,FPQ-8932,12-06-11,ARV,107-RW-T30,13-Apr-12,Ocean,Adult,30,0.18,Aurobindo Pharma Limited,EXW,12886
85067,DN-1452,Generic,Nigeria,20-Oct-09,20-Oct-09,300mg,Tablet,No,See DN-1452 (ID#:82272),From RDC,"Zidovudine 300mg, tablets, 60 Tabs",0.41,28,210.84,PMO - US,"Aurobindo Unit III, India",Zidovudine,7.53,N/A - From RDC,SO-32260,FPQ-3815,5/26/09,ARV,154-NG-T30,30-Oct-09,Air Charter,Adult,60,0.13,SCMS from RDC,N/A - From RDC,See DN-1452 (ID#:82272)
10918,DN-518,Viread,Ethiopia,20-Dec-07,20-Dec-07,300mg,Tablet,Yes,639.75,From RDC,"Tenofovir Disoproxil Fumarate 300mg [Viread], tablets, 30 Tabs",32.2,1184,20128.0,PMO - US,Gilead(Nycomed) Oranienburg DE,Tenofovir Disoproxil Fumarate,17.0,N/A - From RDC,SO-1514,Pre-PQ Process,Pre-PQ Process,ARV,117-ET-T01,20-Dec-07,Air,Adult,30,0.57,SCMS from RDC,N/A - From RDC,49
37720,ASN-28036,Generic,South Africa,29-Aug-14,29-Aug-14,200mg,Tablet,No,Freight Included in Commodity Cost,Direct Drop,"Nevirapine 200mg, tablets, 60 Tabs",2.93,121,2368.94,PMO - US,"Aurobindo Unit III, India",Nevirapine,19.58,8/29/14,SCMS-199289,FPQ-12522,07-11-13,ARV,116-ZA-T30,29-Aug-14,Truck,Adult,60,0.33,S. BUYS WHOLESALER,DDP,Weight Captured Separately
1942,ASN-2352,Determine,Nigeria,12-Sep-08,12-Sep-08,MIssing,Test kit,Yes,19992.75,Direct Drop,"HIV 1/2, Determine HIV Kit, without Lancets, 100 Tests",879.89,6875,549931.25,PMO - US,Inverness Japan,"HIV 1/2, Determine HIV Kit, without Lancets",79.99,8/21/08,SCMS-27070,Pre-PQ Process,Pre-PQ Process,HRDT,133-NG-T01,12-Sep-08,Air,HIV test,100,0.8,"Orgenics, Ltd",EXW,1566
11490,DN-441,Generic,CÃte dIvoire,29-Nov-07,29-Nov-07,150mg,Tablet,Yes,10666,From RDC,"Lamivudine 150mg, tablets, 60 Tabs",340.48,70000,212800.0,PMO - US,"Aurobindo Unit III, India",Lamivudine,3.04,N/A - From RDC,SO-1306,Pre-PQ Process,Pre-PQ Process,ARV,104-CI-T01,29-Nov-07,Air,Adult,60,0.05,SCMS from RDC,N/A - From RDC,3681
73661,ASN-12381,Generic,South Africa,22-Nov-11,22-Nov-11,300mg,Tablet,Yes,3341.45,Direct Drop,"Zidovudine 300mg, tablets, 60 Tabs",1086.11,90171,658248.3,PMO - US,"Aurobindo Unit III, India",Zidovudine,7.3,3/24/11,SCMS-103400,FPQ-7175,03-10-11,ARV,161-ZA-T30,22-Nov-11,Ocean,Adult,60,0.12,Aurobindo Pharma Limited,DDP,4670
83053,DN-2727,Generic,Nigeria,09-Jul-12,09-Jul-12,200mg,Tablet,Yes,21347.12,From RDC,"Nevirapine 200mg, tablets, 60 Tabs",342.08,99999,243997.56,PMO - US,Mylan (formerly Matrix) Nashik,Nevirapine,2.44,N/A - From RDC,SO-41681,FPQ-9432,03-01-12,ARV,151-NG-T30,02-Aug-12,Air Charter,Adult,60,0.04,SCMS from RDC,N/A - From RDC,13437
46130,ASN-23666,Generic,Vietnam,17-Feb-14,15-Mar-14,600/300/300mg,Tablet - FDC,Yes,6881.65,Direct Drop,"Efavirenz/Lamivudine/Tenofovir Disoproxil Fumarate 600/300/300mg, tablets, 30 Tabs",559.88,40593,452611.95,PMO - US,Mylan (formerly Matrix) Nashik,Efavirenz/Lamivudine/Tenofovir Disoproxil Fumarate,11.15,08-02-13,SCMS-199830,FPQ-12539,07-11-13,ARV,108-VN-T30,17-Feb-14,Air,Adult,30,0.37,MYLAN LABORATORIES LTD (FORMERLY MATRIX LABORATORIES),EXW,4585
84747,DN-2816,Generic,CÃte dIvoire,27-Aug-12,27-Aug-12,150/300/200mg,Tablet - FDC,Yes,11874.85,From RDC,"Lamivudine/Nevirapine/Zidovudine 150/200/300mg, tablets, 60 Tabs",1031.52,75000,735750.0,PMO - US,Mylan (formerly Matrix) Nashik,Lamivudine/Nevirapine/Zidovudine,9.81,N/A - From RDC,SO-41360,FPQ-9063,12/21/11,ARV,104-CI-T30,02-Oct-12,Truck,Adult,60,0.16,SCMS from RDC,N/A - From RDC,14413
83967,DN-1541,Generic,Uganda,30-Nov-09,30-Nov-09,150/300mg,Tablet - FDC,No,See DN-1541 (ID#:82846),From RDC,"Lamivudine/Zidovudine 150/300mg, tablets, 60 Tabs",57.52,3350,29346.0,PMO - US,Mylan (formerly Matrix) Nashik,Lamivudine/Zidovudine,8.76,N/A - From RDC,SO-34270,FPQ-4454,9/25/09,ARV,114-UG-T30,07-Dec-09,Air,Adult,60,0.15,SCMS from RDC,N/A - From RDC,See DN-1541 (ID#:82846)
77038,ASN-11323,Uni-Gold,Swaziland,09-Aug-11,09-Aug-11,MIssing,Test kit,Yes,4726.15,Direct Drop,"HIV 1/2, Uni-Gold HIV Kit, 20 Tests",67.06,1270,40640.0,PMO - US,"Trinity Biotech, Plc","HIV 1/2, Uni-Gold HIV Kit",32.0,6/16/11,SCMS-109440,FPQ-7281,3/28/11,HRDT,102-SZ-T30,09-Aug-11,Air,HIV test,20,1.6,"Trinity Biotech, Plc",EXW,429
86823,DN-4336,Generic,Zimbabwe,04-Aug-15,11-Aug-15,30/60mg,Chewable/dispersible tablet - FDC,No,Freight Included in Commodity Cost,From RDC,"Lamivudine/Zidovudine 30/60mg, dispersible tablets, 60 Tabs",85.82,36639,72911.61,PMO - US,"Cipla, Goa, India",Lamivudine/Zidovudine,1.99,N/A - From RDC,SO-50022,FPQ-15197,10/16/14,ARV,103-ZW-T30,31-Aug-15,Truck,Pediatric,60,0.03,SCMS from RDC,N/A - From RDC,Weight Captured Separately
14743,ASN-9481,Generic,South Africa,04-Mar-11,04-Mar-11,300mg,Tablet,Yes,7334.83,Direct Drop,"Zidovudine 300mg, tablets, 60 Tabs",1382.8,87500,641375.0,PMO - US,"Aurobindo Unit III, India",Zidovudine,7.33,9/24/10,SCMS-83730,FPQ-6262,8/31/10,ARV,161-ZA-T30,04-Mar-11,Ocean,Adult,60,0.12,Aurobindo Pharma Limited,DDP,4416
59047,ASN-27525,Generic,Haiti,30-Oct-14,12-Nov-14,600/300/300mg,Tablet - FDC,No,See ASN-27525 (ID#:38099),Direct Drop,"Efavirenz/Lamivudine/Tenofovir Disoproxil Fumarate 600/300/300mg, tablets, 30 Tabs",998.44,92500,971250.0,PMO - US,Hetero Unit III Hyderabad IN,Efavirenz/Lamivudine/Tenofovir Disoproxil Fumarate,10.5,06-02-14,SCMS-240160,FPQ-14083,05-11-14,ARV,106-HT-T30,30-Oct-14,Ocean,Adult,30,0.35,HETERO LABS LIMITED,EXW,See ASN-27525 (ID#:38099)
84838,DN-3259,Generic,South Sudan,26-Aug-13,26-Aug-13,200mg,Tablet,Yes,1641,From RDC,"Nevirapine 200mg, tablets, 60 Tabs",0.63,225,508.5,PMO - US,Hetero Unit III Hyderabad IN,Nevirapine,2.26,N/A - From RDC,SO-44701,FPQ-11637,2/27/13,ARV,900-SS-T30,26-Aug-13,Truck,Adult,60,0.04,SCMS from RDC,N/A - From RDC,81
12756,DN-535,Generic,Nigeria,09-Jan-08,09-Jan-08,300mg,Tablet,No,See DN-535 (ID#:10658),From RDC,"Zidovudine 300mg, tablets, 60 Tabs",1.63,125,1018.75,PMO - US,"Aurobindo Unit III, India",Zidovudine,8.15,N/A - From RDC,SO-1570,Pre-PQ Process,Pre-PQ Process,ARV,112-NG-T01,09-Jan-08,Air,Adult,60,0.14,SCMS from RDC,N/A - From RDC,See DN-535 (ID#:10658)
12231,DN-1034,Generic,Mozambique,21-Feb-09,21-Feb-09,200mg,Tablet,No,See DN-1034 (ID#:10732),From RDC,"Nevirapine 200mg, tablets, 60 Tabs",0.04,6,19.2,PMO - US,Hetero Unit III Hyderabad IN,Nevirapine,3.2,N/A - From RDC,SO-15080,Pre-PQ Process,Pre-PQ Process,ARV,111-MZ-T01,21-Feb-09,Air,Adult,60,0.05,SCMS from RDC,N/A - From RDC,See DN-1034 (ID#:10732)
86335,DN-2011,Generic,CÃte dIvoire,25-Sep-10,25-Sep-10,600mg,Tablet,No,See DN-2011 (ID#:82350),From RDC,"Efavirenz 600mg, tablets, 30 Tabs",250.18,26076,116038.2,PMO - US,Mylan (formerly Matrix) Nashik,Efavirenz,4.45,N/A - From RDC,SO-36880,FPQ-5623,05-07-10,ARV,104-CI-T30,30-Sep-10,Air,Adult,30,0.15,SCMS from RDC,N/A - From RDC,See DN-2011 (ID#:82350)
10590,DN-299,Generic,Zimbabwe,17-Aug-07,17-Aug-07,300mg,Tablet,Yes,1949.84,From RDC,"Zidovudine 300mg, tablets, 60 Tabs",15.65,1200,9780.0,PMO - US,"Aurobindo Unit III, India",Zidovudine,8.15,N/A - From RDC,SO-897,Pre-PQ Process,Pre-PQ Process,ARV,100-ZW-T01,17-Aug-07,Truck,Adult,60,0.14,SCMS from RDC,N/A - From RDC,70
83578,DN-2604,Generic,Zimbabwe,10-Apr-12,10-Apr-12,300mg,Tablet,Yes,3489.53,From RDC,"Zidovudine 300mg, tablets, 60 Tabs",362.12,31263,219466.26,PMO - US,Hetero Unit III Hyderabad IN,Zidovudine,7.02,N/A - From RDC,SO-39470,FPQ-7560,4/26/11,ARV,113-ZW-T30,18-Apr-12,Truck,Adult,60,0.12,SCMS from RDC,N/A - From RDC,1616
85920,DN-2966,Generic,Mozambique,11-Jan-13,11-Jan-13,150/300/200mg,Tablet - FDC,Yes,7433.01,From RDC,"Lamivudine/Nevirapine/Zidovudine 150/200/300mg, tablets, 60 Tabs",907.3,67271,647147.02,PMO - US,"Aurobindo Unit III, India",Lamivudine/Nevirapine/Zidovudine,9.62,N/A - From RDC,SO-42870,FPQ-10211,6/28/12,ARV,111-MZ-T30,31-Jan-13,Truck,Adult,60,0.16,SCMS from RDC,N/A - From RDC,7899
11970,DN-1234,Generic,CÃte dIvoire,11-Jun-09,11-Jun-09,200mg,Capsule,Yes,9936.96,From RDC,"Efavirenz 200mg, capsule, 90 Caps",50.25,1680,25636.8,PMO - US,"Aurobindo Unit III, India",Efavirenz,15.26,N/A - From RDC,SO-27520,Pre-PQ Process,Pre-PQ Process,ARV,104-CI-T01,11-Jun-09,Air,Pediatric,90,0.17,SCMS from RDC,N/A - From RDC,3337
62037,ASN-32265,Generic,Vietnam,10-Jul-15,10-Jul-15,300mg,Tablet,No,See ASN-32265 (ID#:56716),Direct Drop,"Abacavir 300mg, tablets, 60 Tabs",18.04,1400,15330.0,PMO - US,Hetero Unit III Hyderabad IN,Abacavir,10.95,2/17/15,SCMS-274390,FPQ-15692,1/28/15,ARV,108-VN-T30,10-Jul-15,Air,Adult,60,0.18,HETERO LABS LIMITED,EXW,See ASN-32265 (ID#:56716)
85371,DN-3204,Generic,Zambia,06-Aug-13,06-Aug-13,600/200/300mg,Tablet - FDC,Yes,42040.3,From RDC,"Efavirenz/Emtricitabine/Tenofovir Disoproxil Fumarate 600/200/300mg, tablets, 30 Tabs",862.29,53787,697079.52,PMO - US,"Cipla, Goa, India",Efavirenz/Emtricitabine/Tenofovir Disoproxil Fumarate,12.96,N/A - From RDC,SO-43831,FPQ-11032,11/28/12,ARV,110-ZM-T30,23-Jul-13,Truck,Adult,30,0.43,SCMS from RDC,N/A - From RDC,6342
86284,DN-1741,Generic,Nigeria,31-Mar-10,31-Mar-10,150/30mg,Tablet - FDC,Yes,Freight Included in Commodity Cost,From RDC,"Lamivudine/Stavudine 150/30mg, tablets, 60 Tabs",0.21,28,95.2,PMO - US,"Strides, Bangalore, India.",Lamivudine/Stavudine,3.4,N/A - From RDC,SO-35120,FPQ-4537,11-06-09,ARV,151-NG-T30,31-Mar-10,Air Charter,Adult,60,0.06,SCMS from RDC,N/A - From RDC,2
84110,DN-2349,Generic,Zambia,05-Aug-11,05-Aug-11,600/200/300mg,Tablet - FDC,Yes,3949.18,From RDC,"Efavirenz/Emtricitabine/Tenofovir Disoproxil Fumarate 600/200/300mg, tablets, 30 Tabs",564.93,13154,262027.68,PMO - US,Mylan (formerly Matrix) Nashik,Efavirenz/Emtricitabine/Tenofovir Disoproxil Fumarate,19.92,N/A - From RDC,SO-38950,FPQ-6319,09-01-10,ARV,110-ZM-T30,14-Apr-11,Truck,Adult,30,0.66,SCMS from RDC,N/A - From RDC,1456
12172,DN-715,Generic,Uganda,02-Jun-08,02-Jun-08,600mg,Tablet,Yes,675,From RDC,"Efavirenz 600mg, tablets, 30 Tabs",16.53,860,10328.6,PMO - US,"Aurobindo Unit III, India",Efavirenz,12.01,N/A - From RDC,SO-2342,Pre-PQ Process,Pre-PQ Process,ARV,114-UG-T01,02-Jun-08,Air,Adult,30,0.4,SCMS from RDC,N/A - From RDC,76
5261,ASN-61,Generic,CÃte dIvoire,06-Sep-06,06-Sep-06,30mg,Capsule,No,See ASN-61 (ID#:5260),Direct Drop,"Stavudine 30mg, capsules, 60 Caps",MIssing,9321,29361.15,PMO - US,"Aurobindo Unit III, India",Stavudine,3.15,Date Not Captured,SCMS-103,Pre-PQ Process,Pre-PQ Process,ARV,104-CI-T01,06-Sep-06,Air,Adult,60,0.05,Aurobindo Pharma Limited,EXW,See ASN-61 (ID#:5260)
85927,DN-2986,Generic,Uganda,25-Feb-13,25-Feb-13,30/60mg,Tablet - FDC,Yes,3255.61,From RDC,"Lamivudine/Zidovudine 30/60mg, tablets, 60 Tabs",7.02,2512,5677.12,PMO - US,"Aurobindo Unit III, India",Lamivudine/Zidovudine,2.26,N/A - From RDC,SO-43930,FPQ-11143,12/13/12,ARV,114-UG-T30,22-Feb-13,Air,Pediatric,60,0.04,SCMS from RDC,N/A - From RDC,177
86625,DN-3404,Generic,Zimbabwe,25-Nov-13,09-Dec-13,600/300/300mg,Tablet - FDC,Yes,10942.88,From RDC,"Efavirenz/Lamivudine/Tenofovir Disoproxil Fumarate 600/300/300mg, tablets, 30 Tabs",278.06,20160,224784.0,PMO - US,Mylan (formerly Matrix) Nashik,Efavirenz/Lamivudine/Tenofovir Disoproxil Fumarate,11.15,N/A - From RDC,SO-43550,FPQ-10895,10/25/12,ARV,113-ZW-T30,30-Nov-13,Truck,Adult,30,0.37,SCMS from RDC,N/A - From RDC,2277
62295,ASN-26134,Generic,Haiti,25-Jun-14,01-Jul-14,50mg,Capsule,Yes,1317.01,Direct Drop,"Efavirenz 50mg, capsule, 30 Caps",0.64,400,624.0,PMO - US,"Aurobindo Unit III, India",Efavirenz,1.56,4/29/14,SCMS-233930,FPQ-13797,3/20/14,ARV,106-HT-T30,25-Jun-14,Air,Pediatric,30,0.05,Aurobindo Pharma Limited,EXW,41
139,ASN-788,Bioline,Tanzania,22-Nov-07,22-Nov-07,MIssing,Test kit,Yes,28461.1,Direct Drop,"HIV 1/2, Bioline 3.0 Kit, Lancets, Capillary pipets, Alcohol swabs included, 25 Tests",320,10000,200000.0,PMO - US,"Standard Diagnostics, Korea","HIV 1/2, Bioline 3.0 Kit, Lancets, Capillary pipets, Alcohol swabs included",20.0,Date Not Captured,SCMS-10290,Pre-PQ Process,Pre-PQ Process,HRDT,109-TZ-T01,22-Nov-07,Air,HIV test,25,0.8,"Standard Diagnostics, Inc.",EXW,3335
2015,ASN-2503,Viramune,South Africa,14-Aug-08,14-Aug-08,10mg/ml,Oral suspension,No,Freight Included in Commodity Cost,Direct Drop,"Nevirapine 10mg/ml [Viramune], oral suspension, Bottle, 240 ml",0.89,40,557.6,PMO - US,"BI, Ingelheim, Germany",Nevirapine,13.94,Date Not Captured,SCMS-28830,Pre-PQ Process,Pre-PQ Process,ARV,116-ZA-T01,25-Aug-08,Truck,Pediatric,240,0.06,S. BUYS WHOLESALER,DDP,Weight Captured Separately
83139,DN-3147,Generic,Uganda,22-May-13,22-May-13,600/300/300mg,Tablet - FDC,Yes,24816.73,From RDC,"Efavirenz/Lamivudine/Tenofovir Disoproxil Fumarate 600/300/300mg, tablets, 30 Tabs",3105.04,238606,2510135.12,PMO - US,Hetero Unit III Hyderabad IN,Efavirenz/Lamivudine/Tenofovir Disoproxil Fumarate,10.52,N/A - From RDC,SO-43630,FPQ-10945,11-06-12,ARV,114-UG-T30,20-Jun-13,Air,Adult,30,0.35,SCMS from RDC,N/A - From RDC,31473
16513,ASN-24373,Generic,Haiti,09-May-14,12-May-14,30/50/60mg,Chewable/dispersible tablet - FDC,Yes,2350.55,Direct Drop,"Lamivudine/Nevirapine/Zidovudine 30/50/60mg, dispersible tablets, 60 Tabs",3.96,889,3200.4,PMO - US,Mylan (formerly Matrix) Nashik,Lamivudine/Nevirapine/Zidovudine,3.6,02-03-14,SCMS-210541,FPQ-12590,8/21/13,ARV,106-HT-T30,09-May-14,Ocean,Pediatric,60,0.06,MYLAN LABORATORIES LTD (FORMERLY MATRIX LABORATORIES),EXW,94
84615,DN-2089,Generic,Guatemala,24-Jan-11,24-Jan-11,200mg,Capsule,No,See DN-2089 (ID#:83478),From RDC,"Efavirenz 200mg, capsule, 90 Caps",10.87,680,6589.2,PMO - US,"Aurobindo Unit III, India",Efavirenz,9.69,N/A - From RDC,SO-38260,FPQ-6943,12/29/10,ARV,202-GT-T30,31-Jan-11,Air,Pediatric,90,0.11,SCMS from RDC,N/A - From RDC,See DN-2089 (ID#:83478)
84555,DN-1798,Generic,Uganda,19-May-10,19-May-10,150/200/30mg,Tablet - FDC,Yes,1000.05,From RDC,"Lamivudine/Nevirapine/Stavudine 150/200/30mg, tablets, 60 Tabs",2.52,200,1170.0,PMO - US,"Cipla, Goa, India",Lamivudine/Nevirapine/Stavudine,5.85,N/A - From RDC,SO-35940,FPQ-5071,02-09-10,ARV,114-UG-T30,07-May-10,Air,Adult,60,0.1,SCMS from RDC,N/A - From RDC,21
69591,ASN-25990,Multispot,Uganda,10-Jun-14,07-Jul-14,MIssing,Test kit,Yes,Invoiced Separately,Direct Drop,"HIV, Multispot HIV-1/HIV-2 Rapid Test Kit, 50 Tests",102.19,80,99402.4,PMO - US,Bio-Rad Laboratories,"HIV, Multispot HIV-1/HIV-2 Rapid Test Kit",1242.53,04-10-14,SCMS-226130,FPQ-13655,02-04-14,HRDT,114-UG-T30,10-Jun-14,Air,HIV test,50,24.85,BIO-RAD LABORATORIES (FRANCE),EXW,Weight Captured Separately
85759,DN-2196,Generic,Zambia,10-Jun-11,10-Jun-11,600mg,Tablet,No,See DN-2196 (ID#:84086),From RDC,"Efavirenz 600mg, tablets, 30 Tabs",1554.52,170858,721020.76,PMO - US,Hetero Unit III Hyderabad IN,Efavirenz,4.22,N/A - From RDC,SO-38600,FPQ-6222,8/20/10,ARV,110-ZM-T30,14-Apr-11,Truck,Adult,30,0.14,SCMS from RDC,N/A - From RDC,See DN-2196 (ID#:84086)
5818,ASN-2569,Capillus,Haiti,10-Oct-08,10-Oct-08,MIssing,Test kit,Yes,871.71,Direct Drop,"HIV 1/2, Capillus HIV Kit, 100 Tests",18.68,84,11676.0,PMO - US,"Trinity Biotech, Plc","HIV 1/2, Capillus HIV Kit",139.0,5/20/08,SCMS-23920,Pre-PQ Process,Pre-PQ Process,HRDT,106-HT-T01,10-Oct-08,Air,HIV test,100,1.39,"Trinity Biotech, Plc",EXW,54
45143,ASN-28033,Generic,South Africa,29-Aug-14,29-Aug-14,400mg,Delayed-release capsules,No,Freight Included in Commodity Cost,Direct Drop,"Didanosine 400mg, delayed-release capsules, 30 Caps",0.46,17,368.99,PMO - US,"Aurobindo Unit III, India",Didanosine,21.71,8/29/14,SCMS-199289,FPQ-12522,07-11-13,ARV,116-ZA-T30,29-Aug-14,Truck,Adult,30,0.72,S. BUYS WHOLESALER,DDP,Weight Captured Separately
80217,ASN-7408,Generic,South Africa,14-Jul-10,14-Jul-10,10mg/ml,Oral solution,Yes,3283.59,Direct Drop,"Lamivudine 10mg/ml, oral solution w/syringe, Bottle, 240 ml",75.31,11644,34932.0,PMO - US,"Aurobindo Unit III, India",Lamivudine,3.0,3/19/10,SCMS-68951,FPQ-5303,3/18/10,ARV,161-ZA-T30,14-Jul-10,Air,Pediatric,240,0.01,Aurobindo Pharma Limited,DDP,4442
36773,ASN-23875,Generic,South Africa,13-Jan-14,13-Jan-14,200mg,Capsule,No,Freight Included in Commodity Cost,Direct Drop,"Efavirenz 200mg, capsule, 90 Caps",0.27,12,264.95,PMO - US,"Aurobindo Unit III, India",Efavirenz,22.08,12-02-13,SCMS-215410,FPQ-13214,11/14/13,ARV,116-ZA-T30,13-Jan-14,Truck,Pediatric,90,0.25,S. BUYS WHOLESALER,DDP,Weight Captured Separately
85235,DN-2535,Generic,Haiti,12-Mar-12,12-Mar-12,300mg,Tablet,No,See DN-2535 (ID#:83011),From RDC,"Abacavir 300mg, tablets, 60 Tabs",46.15,2250,32917.5,PMO - US,Mylan (formerly Matrix) Nashik,Abacavir,14.63,N/A - From RDC,SO-41300,FPQ-9056,12/20/11,ARV,106-HT-T30,02-Mar-12,Air,Adult,60,0.24,SCMS from RDC,N/A - From RDC,See DN-2535 (ID#:83011)
82636,DN-3488,Generic,Zimbabwe,10-Feb-14,19-Mar-14,30/50/60mg,Chewable/dispersible tablet - FDC,Yes,15847.19,From RDC,"Lamivudine/Nevirapine/Zidovudine 30/50/60mg, dispersible tablets, 60 Tabs",534.44,115211,432041.25,PMO - US,Mylan (formerly Matrix) Nashik,Lamivudine/Nevirapine/Zidovudine,3.75,N/A - From RDC,SO-45120,FPQ-12086,4/19/13,ARV,103-ZW-T30,31-Jan-14,Truck,Pediatric,60,0.06,SCMS from RDC,N/A - From RDC,6428
5283,ASN-302,Aluvia,Vietnam,16-Apr-07,16-Apr-07,200/50mg,Tablet,Yes,13453.12,Direct Drop,"Lopinavir/Ritonavir 200/50mg [Aluvia], tablets, 120 Tabs",MIssing,1320,238682.4,PMO - US,ABBVIE (Abbott) Logis. UK,Lopinavir/Ritonavir,180.82,11/29/06,SCMS-172,Pre-PQ Process,Pre-PQ Process,ARV,108-VN-T01,16-Apr-07,Air,Adult,120,1.51,ABBVIE LOGISTICS (FORMERLY ABBOTT LOGISTICS BV),CIP,304
82808,DN-4294,Generic,Guyana,26-Jun-15,03-Jul-15,200/50mg,Tablet,Yes,5769.34,From RDC,"Lopinavir/Ritonavir 200/50mg, tablets, 120 Tabs",39.79,1746,33802.56,PMO - US,Hetero Unit III Hyderabad IN,Lopinavir/Ritonavir,19.36,N/A - From RDC,SO-51040,FPQ-15680,01-02-15,ARV,105-GY-T30,30-Jun-15,Air,Adult,120,0.16,SCMS from RDC,N/A - From RDC,473
30942,ASN-8380,Generic,South Africa,13-Dec-10,13-Dec-10,10mg/ml,Oral suspension,Yes,4876.34,Direct Drop,"Nevirapine 10mg/ml, oral suspension w/syringe, Bottle, 240 ml",65.4,9630,30334.5,PMO - US,"Aurobindo Unit III, India",Nevirapine,3.15,6/17/10,SCMS-75480,FPQ-5648,06-02-10,ARV,161-ZA-T30,13-Dec-10,Air,Pediatric,240,0.01,Aurobindo Pharma Limited,DDP,3732
84043,DN-2016,Generic,Guyana,19-Sep-10,19-Sep-10,300mg,Tablet,No,See DN-2016 (ID#:82351),From RDC,"Zidovudine 300mg, tablets, 60 Tabs",15.58,1002,7224.42,PMO - US,"Aurobindo Unit III, India",Zidovudine,7.21,N/A - From RDC,SO-37390,FPQ-6306,8/27/10,ARV,105-GY-T30,23-Nov-10,Air,Adult,60,0.12,SCMS from RDC,N/A - From RDC,See DN-2016 (ID#:82351)
84938,DN-3697,Generic,Mozambique,18-Jul-14,07-Aug-14,600/300mg,Tablet - FDC,Yes,227.19,From RDC,"Abacavir/Lamivudine 600/300mg, scored tablets, 30 Tabs",35.51,2555,34543.6,PMO - US,Mylan (formerly Matrix) Nashik,Abacavir/Lamivudine,13.52,N/A - From RDC,SO-47611,FPQ-13166,10/21/13,ARV,111-MZ-T30,09-Jul-14,Truck,Adult,30,0.45,SCMS from RDC,N/A - From RDC,227
11243,DN-833,Generic,Nigeria,16-Jul-08,16-Jul-08,150mg,Tablet,Yes,1280.91,From RDC,"Lamivudine 150mg, tablets, 60 Tabs",9.74,2100,6090.0,PMO - US,"Aurobindo Unit III, India",Lamivudine,2.9,N/A - From RDC,SO-11220,Pre-PQ Process,Pre-PQ Process,ARV,112-NG-T01,16-Jul-08,Air,Adult,60,0.05,SCMS from RDC,N/A - From RDC,153
85368,DN-3182,Generic,Mozambique,26-Jul-13,26-Jul-13,150/300/200mg,Tablet - FDC,No,Freight Included in Commodity Cost,From RDC,"Lamivudine/Nevirapine/Zidovudine 150/200/300mg, tablets, 60 Tabs",530.67,50000,429000.0,PMO - US,Hetero Unit III Hyderabad IN,Lamivudine/Nevirapine/Zidovudine,8.58,N/A - From RDC,SO-43770,FPQ-11033,11-12-12,ARV,111-MZ-T30,26-Jul-13,Truck,Adult,60,0.14,SCMS from RDC,N/A - From RDC,Weight Captured Separately
84289,DN-3333,Aluvia,Uganda,29-Oct-13,19-Nov-13,200/50mg,Tablet,Yes,13508.98,From RDC,"Lopinavir/Ritonavir 200/50mg [Aluvia], tablets, 120 Tabs",326.16,13040,263668.8,PMO - US,ABBVIE Ludwigshafen Germany,Lopinavir/Ritonavir,20.22,N/A - From RDC,SO-45580,FPQ-12255,05-08-13,ARV,114-UG-T30,30-Sep-13,Air,Adult,120,0.17,SCMS from RDC,N/A - From RDC,2638
85280,DN-2747,Generic,Uganda,07-Aug-12,07-Aug-12,150/300mg,Tablet - FDC,Yes,19980.62,From RDC,"Lamivudine/Zidovudine 150/300mg, tablets, 60 Tabs",289.86,26574,206745.72,PMO - US,"Cipla, Goa, India",Lamivudine/Zidovudine,7.78,N/A - From RDC,SO-42081,FPQ-9875,05-09-12,ARV,114-UG-T30,17-Aug-12,Air,Adult,60,0.13,SCMS from RDC,N/A - From RDC,2369
69701,ASN-26923,Generic,Vietnam,29-Jul-14,06-Aug-14,300mg,Tablet,No,See ASN-26923 (ID#:13027),Direct Drop,"Zidovudine 300mg, tablets, 60 Tabs",1.7,300,1650.0,PMO - US,Hetero Unit III Hyderabad IN,Zidovudine,5.5,03-10-14,SCMS-226220,FPQ-13524,02-06-14,ARV,108-VN-T30,29-Jul-14,Air,Adult,60,0.09,HETERO LABS LIMITED,EXW,See ASN-26923 (ID#:13027)
84873,DN-3453,Generic,Rwanda,17-Jan-14,27-Jan-14,600/300/300mg,Tablet - FDC,Yes,11571.94,From RDC,"Efavirenz/Lamivudine/Tenofovir Disoproxil Fumarate 600/300/300mg, tablets, 30 Tabs",889.62,64500,719175.0,PMO - US,Mylan (formerly Matrix) Nashik,Efavirenz/Lamivudine/Tenofovir Disoproxil Fumarate,11.15,N/A - From RDC,SO-45381,FPQ-12190,05-06-13,ARV,107-RW-T30,17-Jan-14,Truck,Adult,30,0.37,SCMS from RDC,N/A - From RDC,7248
81968,ASN-15537,Uni-Gold,Ethiopia,05-Aug-12,05-Aug-12,MIssing,Test kit,Yes,925.05,Direct Drop,"HIV 1/2, Uni-Gold HIV Kit, 20 Tests",7.49,167,5344.0,PMO - US,"Trinity Biotech, Plc","HIV 1/2, Uni-Gold HIV Kit",32.0,1/23/12,SCMS-133520,FPQ-9098,01-10-12,HRDT,117-ET-T30,05-Aug-12,Air,HIV test,20,1.6,"Trinity Biotech, Plc",EXW,61
70511,ASN-24164,Generic,CÃte dIvoire,14-Feb-14,17-Feb-14,200mg,Delayed-release capsules,Yes,1721.91,Direct Drop,"Didanosine 200mg, delayed-release capsules, 30 Caps",9.35,827,9097.0,PMO - US,"Aurobindo Unit III, India",Didanosine,11.0,12/16/13,SCMS-215460,FPQ-13167,10/28/13,ARV,104-CI-T30,14-Feb-14,Air,Pediatric,30,0.37,Aurobindo Pharma Limited,EXW,72
83720,DN-3349,Generic,Dominican Republic,16-Oct-13,29-Oct-13,300/300mg,Tablet - FDC,Yes,594.4,From RDC,"Lamivudine/Tenofovir Disoproxil Fumarate 300/300mg, tablets, 30 Tabs",0.28,48,225.6,PMO - US,Mylan (formerly Matrix) Nashik,Lamivudine/Tenofovir Disoproxil Fumarate,4.7,N/A - From RDC,SO-46130,FPQ-11920,3/18/13,ARV,103-DO-T30,29-Oct-13,Air,Adult,30,0.16,SCMS from RDC,N/A - From RDC,29
86477,DN-2672,Generic,Rwanda,04-Jun-12,04-Jun-12,300mg,Tablet,Yes,9994.57,From RDC,"Abacavir 300mg, tablets, 60 Tabs",96.46,5232,68800.8,PMO - US,Mylan (formerly Matrix) Nashik,Abacavir,13.15,N/A - From RDC,SO-42131,FPQ-9888,05-11-12,ARV,107-RW-T30,24-Aug-12,Air,Adult,60,0.22,SCMS from RDC,N/A - From RDC,526
11492,DN-444,Determine,Haiti,31-Dec-07,31-Dec-07,MIssing,Test kit,No,See DN-444 (ID#:10639),From RDC,"HIV 1/2, Determine HIV Kit, without Lancets, 100 Tests",2.88,25,1800.0,PMO - US,Inverness Japan,"HIV 1/2, Determine HIV Kit, without Lancets",72.0,N/A - From RDC,SO-1290,Pre-PQ Process,Pre-PQ Process,HRDT,125-HT-T01,31-Dec-07,Air,HIV test,100,0.72,SCMS from RDC,N/A - From RDC,See DN-444 (ID#:10639)
44082,ASN-26758,Determine,Nigeria,09-Jul-14,17-Jul-14,MIssing,Test kit,Yes,67915.7,Direct Drop,"HIV 1/2, Determine Complete HIV Kit, 100 Tests",1011.35,11054,983806.0,PMO - US,"Alere Medical Co., Ltd.","HIV 1/2, Determine Complete HIV Kit",89.0,5/19/14,SCMS-239690,FPQ-13741,2/13/14,HRDT,133-NG-T30,09-Jul-14,Air,HIV test,100,0.89,"Orgenics, Ltd",EXW,4495
598,ASN-2295,Ziagen,South Africa,09-Jun-08,09-Jun-08,300mg,Tablet - blister,Yes,Freight Included in Commodity Cost,Direct Drop,"Abacavir 300mg [Ziagen], tablets, Blister 6 x 10 Tabs",1.68,30,1049.4,PMO - US,GSK Ware (UK),Abacavir,34.98,Date Not Captured,SCMS-25540,Pre-PQ Process,Pre-PQ Process,ARV,116-ZA-T01,12-Jun-08,Truck,Adult,60,0.58,S. BUYS WHOLESALER,DDP,Weight Captured Separately
48155,ASN-9408,Generic,Vietnam,16-Feb-11,16-Feb-11,300mg,Tablet,No,See ASN-9408 (ID#:39263),Direct Drop,"Zidovudine 300mg, tablets, 60 Tabs",15.1,1008,7005.6,PMO - US,Hetero Unit III Hyderabad IN,Zidovudine,6.95,10/18/10,SCMS-87780,FPQ-6384,9/30/10,ARV,108-VN-T30,16-Feb-11,Air,Adult,60,0.12,HETERO LABS LIMITED,EXW,See ASN-9408 (ID#:39263)
83606,DN-2761,Generic,Tanzania,22-Aug-12,22-Aug-12,200/50mg,Tablet,Yes,9601.38,From RDC,"Lopinavir/Ritonavir 200/50mg, tablets, 120 Tabs",1028.3,25024,733453.44,PMO - US,Mylan (formerly Matrix) Nashik,Lopinavir/Ritonavir,29.31,N/A - From RDC,SO-41580,FPQ-9271,1/31/12,ARV,109-TZ-T30,31-Aug-12,Truck,Adult,120,0.24,SCMS from RDC,N/A - From RDC,30606
54440,ASN-8175,Generic,South Africa,13-Oct-10,13-Oct-10,300mg,Tablet,Yes,3646.13,Direct Drop,"Tenofovir Disoproxil Fumarate 300mg, tablets, 30 Tabs",1223.32,72558,567403.56,PMO - US,"Cipla, Goa, India",Tenofovir Disoproxil Fumarate,7.82,3/19/10,SCMS-68750,FPQ-5303,3/18/10,ARV,161-ZA-T30,13-Oct-10,Air,Adult,30,0.26,CIPLA LIMITED,DDP,4942
62555,ASN-14016,Generic,CÃte dIvoire,05-Jul-12,05-Jul-12,200/50mg,Tablet,Yes,24624,Direct Drop,"Lopinavir/Ritonavir 200/50mg, tablets, 120 Tabs",950.56,22600,678000.0,PMO - US,"Aurobindo Unit III, India",Lopinavir/Ritonavir,30.0,1/13/12,SCMS-133730,FPQ-8804,11/28/11,ARV,104-CI-T30,05-Jul-12,Ocean,Adult,120,0.25,Aurobindo Pharma Limited,EXW,5734
26505,ASN-24156,OraQuick,Mali,12-Feb-14,20-Feb-14,MIssing,Test kit,Yes,1195.24,Direct Drop,"HIV 1/2, OraQuick Advance HIV Rapid Antibody Kit, 100 Tests",1.44,4,1400.0,PMO - US,"Pacific Biotech, Thailand","HIV 1/2, OraQuick Advance HIV Rapid Antibody Kit",350.0,1/22/14,SCMS-221920,FPQ-13391,12/16/13,HRDT,102-ML-T30,12-Feb-14,Air,HIV test,100,3.5,Orasure Technologies Inc.,EXW,11
85267,DN-2697,Generic,"Congo, DRC",11-Sep-12,11-Sep-12,200mg,Tablet,No,See DN-2697 (ID#:83045),From RDC,"Nevirapine 200mg, tablets, 60 Tabs",4.11,1200,2928.0,PMO - US,"Strides, Bangalore, India.",Nevirapine,2.44,N/A - From RDC,SO-41850,FPQ-9640,04-02-12,ARV,102-CD-T30,11-Sep-12,Air,Adult,60,0.04,SCMS from RDC,N/A - From RDC,See DN-2697 (ID#:83045)
15356,ASN-13347,Uni-Gold,Sudan,08-Feb-12,08-Feb-12,MIssing,Test kit,Yes,646.81,Direct Drop,"HIV 1/2, Uni-Gold HIV Kit, 20 Tests",1.85,35,1120.0,PMO - US,"Trinity Biotech, Plc","HIV 1/2, Uni-Gold HIV Kit",32.0,09-07-11,SCMS-120472,FPQ-8261,8/29/11,HRDT,102-SD-T30,08-Feb-12,Air,HIV test,20,1.6,"Trinity Biotech, Plc",EXW,12
83163,DN-3338,Generic,Mozambique,31-Oct-13,12-Nov-13,600/300/300mg,Tablet - FDC,Yes,5902.4,From RDC,"Efavirenz/Lamivudine/Tenofovir Disoproxil Fumarate 600/300/300mg, tablets, 30 Tabs",210.28,15246,169992.9,PMO - US,Mylan (formerly Matrix) Nashik,Efavirenz/Lamivudine/Tenofovir Disoproxil Fumarate,11.15,N/A - From RDC,SO-43775,FPQ-11033,11-12-12,ARV,111-MZ-T30,31-Oct-13,Truck,Adult,30,0.37,SCMS from RDC,N/A - From RDC,Weight Captured Separately
56118,ASN-5475,Generic,South Africa,27-Oct-09,27-Oct-09,30mg,Capsule,Yes,Freight Included in Commodity Cost,Direct Drop,"Stavudine 30mg, capsules, 60 Caps",39.92,4500,20364.96,PMO - US,"Aurobindo Unit III, India",Stavudine,4.53,10/15/09,SCMS-54981,FPQ-4359,10-08-09,ARV,116-ZA-T30,27-Oct-09,Truck,Adult,60,0.08,S. BUYS WHOLESALER,DDP,Weight Captured Separately
85108,DN-1810,Generic,Nigeria,18-May-10,18-May-10,300/300mg,Tablet - FDC,Yes,9736.1,From RDC,"Lamivudine/Tenofovir Disoproxil Fumarate 300/300mg, tablets, 30 Tabs",212.41,9852,98520.0,PMO - US,Mylan (formerly Matrix) Nashik,Lamivudine/Tenofovir Disoproxil Fumarate,10.0,N/A - From RDC,SO-36010,FPQ-4537,11-06-09,ARV,151-NG-T30,31-May-10,Air Charter,Adult,30,0.33,SCMS from RDC,N/A - From RDC,1078
77737,ASN-13764,Uni-Gold,Rwanda,25-Feb-12,25-Feb-12,MIssing,Test kit,Yes,5405.42,Direct Drop,"HIV 1/2, Uni-Gold HIV Kit, 20 Tests",65.5,1460,46720.0,PMO - US,"Trinity Biotech, Plc","HIV 1/2, Uni-Gold HIV Kit",32.0,1/31/12,SCMS-136330,FPQ-9270,1/27/12,HRDT,107-RW-T30,25-Feb-12,Air,HIV test,20,1.6,"Trinity Biotech, Plc",EXW,613
12187,DN-682,Generic,Haiti,21-Mar-08,21-Mar-08,200mg,Chewable/dispersible tablet,No,See DN-682 (ID#:10963),From RDC,"Didanosine 200mg, chewable/dispersible tablets, 60 Tabs",1.86,75,1162.5,PMO - US,"Aurobindo Unit III, India",Didanosine,15.5,N/A - From RDC,SO-2042,Pre-PQ Process,Pre-PQ Process,ARV,106-HT-T01,21-Mar-08,Air,Pediatric,60,0.26,SCMS from RDC,N/A - From RDC,See DN-682 (ID#:10963)
11894,DN-644,Generic,Zimbabwe,12-Mar-08,12-Mar-08,300mg,Tablet,Yes,1746.3,From RDC,"Zidovudine 300mg, tablets, 60 Tabs",6.85,525,4278.75,PMO - US,"Aurobindo Unit III, India",Zidovudine,8.15,N/A - From RDC,SO-1922,Pre-PQ Process,Pre-PQ Process,ARV,113-ZW-T01,12-Mar-08,Truck,Adult,60,0.14,SCMS from RDC,N/A - From RDC,395
64004,ASN-8878,Colloidal Gold,Haiti,07-Dec-10,07-Dec-10,MIssing,Test kit,Yes,3135.97,Direct Drop,"HIV 1/2, SKB Colloidal Gold, Diagnostic Kit, Antibody, 50 Tests",17.85,360,8280.0,PMO - US,"KHB Test Kit Facility, Shanghai China","HIV 1/2, Colloidal Gold, Diagnostic Kit, Antibody",23.0,9/24/10,SCMS-85981,FPQ-6194,08-07-10,HRDT,106-HT-T30,07-Dec-10,Air,HIV test,1,23.0,"SHANGHAI KEHUA BIOENGINEERING CO.,LTD.  (KHB)",EXW,261
86262,DN-1635,Generic,Haiti,03-Mar-10,03-Mar-10,200mg,Chewable/dispersible tablet,Yes,12016.69,From RDC,"Didanosine 200mg, chewable/dispersible tablets, 60 Tabs",6.42,192,2976.0,PMO - US,"Aurobindo Unit III, India",Didanosine,15.5,N/A - From RDC,SO-34710,FPQ-4384,10/23/09,ARV,106-HT-T30,05-Mar-10,Air,Pediatric,60,0.26,SCMS from RDC,N/A - From RDC,40
1383,ASN-649,Bioline,Tanzania,19-Sep-07,19-Sep-07,MIssing,Test kit,Yes,25165.3,Direct Drop,"HIV 1/2, Bioline 3.0 Kit, Lancets, Capillary pipets, Alcohol swabs included, 25 Tests",320,10000,200000.0,PMO - US,"Standard Diagnostics, Korea","HIV 1/2, Bioline 3.0 Kit, Lancets, Capillary pipets, Alcohol swabs included",20.0,Date Not Captured,SCMS-10240,Pre-PQ Process,Pre-PQ Process,HRDT,109-TZ-T01,19-Sep-07,Air,HIV test,25,0.8,"Standard Diagnostics, Inc.",EXW,3336
50907,ASN-33517,Determine,Burundi,21-Aug-15,21-Aug-15,MIssing,Test kit,Yes,Invoiced Separately,Direct Drop,"HIV 1/2, Determine Complete HIV Kit, 100 Tests",190.01,2018,161440.0,PMO - US,"Alere Medical Co., Ltd.","HIV 1/2, Determine Complete HIV Kit",80.0,11-12-14,SCMS-260840,FPQ-15186,10/17/14,HRDT,102-BI-T30,21-Aug-15,Air,HIV test,100,0.8,"Orgenics, Ltd",EXW,Weight Captured Separately
10837,DN-161,Generic,Tanzania,06-Jul-07,06-Jul-07,150/200/30mg,Tablet - FDC,Yes,1589,From RDC,"Lamivudine/Nevirapine/Stavudine 150/200/30mg, tablets, 60 Tabs",MIssing,3386,25395.0,PMO - US,"Cipla, Goa, India",Lamivudine/Nevirapine/Stavudine,7.5,N/A - From RDC,SO-428,Pre-PQ Process,Pre-PQ Process,ARV,109-TZ-T01,06-Jul-07,Air,Adult,60,0.12,SCMS from RDC,N/A - From RDC,31
46502,ASN-18664,Generic,Vietnam,02-Apr-13,02-Apr-13,150/300mg,Tablet - FDC,No,See ASN-18664 (ID#:19406),Direct Drop,"Lamivudine/Zidovudine 150/300mg, tablets, 60 Tabs",211.08,24377,170639.0,PMO - US,Hetero Unit III Hyderabad IN,Lamivudine/Zidovudine,7.0,11-07-12,SCMS-164680,FPQ-10811,10/15/12,ARV,108-VN-T30,02-Apr-13,Air,Adult,60,0.12,HETERO LABS LIMITED,EXW,See ASN-18664 (ID#:19406)
11057,DN-1296,Generic,Nigeria,16-Jun-09,16-Jun-09,200mg,Capsule,No,See DN-1296 (ID#:10779),From RDC,"Efavirenz 200mg, capsule, 90 Caps",89.73,3000,45780.0,PMO - US,"Aurobindo Unit III, India",Efavirenz,15.26,N/A - From RDC,SO-24481,Pre-PQ Process,Pre-PQ Process,ARV,123-NG-T01,16-Jun-09,Air Charter,Pediatric,90,0.17,SCMS from RDC,N/A - From RDC,See DN-1296 (ID#:10779)
74213,ASN-19166,Generic,South Africa,16-Apr-13,16-Apr-13,300mg,Tablet,No,Freight Included in Commodity Cost,Direct Drop,"Abacavir 300mg, tablets, 60 Tabs",17.35,537,14023.43,South Africa Field Office,"Cipla, Patalganga, India",Abacavir,26.11,Date Not Captured,SCMS-183950,FPQ-11828,3/18/13,ARV,116-ZA-T30,16-Apr-13,Truck,Adult,60,0.44,S. BUYS WHOLESALER,DDP,Weight Captured Separately
12147,DN-488,Generic,Zimbabwe,14-Jan-08,14-Jan-08,600mg,Tablet,No,See DN-488 (ID#:10652),From RDC,"Efavirenz 600mg, tablets, 30 Tabs",36.96,1860,23101.2,PMO - US,"Cipla, Goa, India",Efavirenz,12.42,N/A - From RDC,SO-710,Pre-PQ Process,Pre-PQ Process,ARV,100-ZW-T01,14-Jan-08,Air,Adult,30,0.41,SCMS from RDC,N/A - From RDC,See DN-488 (ID#:10652)
5713,ASN-1669,Determine,CÃte dIvoire,09-May-08,09-May-08,MIssing,Test kit,Yes,1796.68,Direct Drop,"HIV 1/2, Determine HIV Kit, without Lancets, 100 Tests",28.8,250,17997.5,PMO - US,Inverness Japan,"HIV 1/2, Determine HIV Kit, without Lancets",71.99,04-07-08,SCMS-21270,Pre-PQ Process,Pre-PQ Process,HRDT,104-CI-T01,09-May-08,Air,HIV test,100,0.72,"Orgenics, Ltd",EXW,57
3718,ASN-3675,Videx,Haiti,31-Mar-09,31-Mar-09,25mg,Chewable/dispersible tablet,No,See ASN-3675 (ID#:1046),Direct Drop,"Didanosine 25mg [Videx], chewable tablets, 60 Tabs",1.1,80,560.0,PMO - US,"BMS Meymac, France",Didanosine,7.0,03-06-09,SCMS-40000,Pre-PQ Process,Pre-PQ Process,ARV,106-HT-T01,31-Mar-09,Air,Pediatric,60,0.12,BRISTOL-MYERS SQUIBB,CIP,See ASN-3675 (ID#:1046)
48755,ASN-16472,Generic,Haiti,20-Dec-12,20-Dec-12,300mg,Tablet,No,See ASN-16472 (ID#:20383),Direct Drop,"Tenofovir Disoproxil Fumarate 300mg, tablets, 30 Tabs",0.6,96,431.04,PMO - US,Mylan (formerly Matrix) Nashik,Tenofovir Disoproxil Fumarate,4.49,07-03-12,SCMS-148370,FPQ-9636,5/14/12,ARV,106-HT-T30,20-Dec-12,Ocean,Adult,30,0.15,MYLAN LABORATORIES LTD (FORMERLY MATRIX LABORATORIES),EXW,See ASN-16472 (ID#:20383)
50985,ASN-29409,Determine,South Sudan,22-Dec-14,13-Jan-15,MIssing,Test kit - Ancillary,No,See ASN-29409 (ID#:20185),Direct Drop,"Capillary Tubes, for Determine, EDTA, 50uL,100 Pcs",0.95,115,920.0,PMO - US,"Alere Medical Co., Ltd.","HIV, Capillary Tubes, for Determine, EDTA, 50uL,100 Pcs",8.0,6/30/14,SCMS-245260,FPQ-14470,6/17/14,HRDT,105-SS-T30,22-Dec-14,Air,HIV test - Ancillary,100,0.08,"Orgenics, Ltd",EXW,See ASN-29409 (ID#:20185)
78116,ASN-7260,Generic,Vietnam,01-Jul-10,01-Jul-10,150/300/200mg,Tablet - FDC,Yes,11838.56,Direct Drop,"Lamivudine/Nevirapine/Zidovudine 150/200/300mg, tablets, 60 Tabs",577.46,24349,267839.0,PMO - US,"Strides, Bangalore, India.",Lamivudine/Nevirapine/Zidovudine,11.0,3/24/10,SCMS-68490,FPQ-5094,3/15/10,ARV,108-VN-T30,01-Jul-10,Air,Adult,60,0.18,STRIDES ARCOLAB LIMITED,EXW,2799
83735,DN-3402,Generic,Uganda,20-Dec-13,17-Jan-14,30/50/60mg,Chewable/dispersible tablet - FDC,Yes,1761.5,From RDC,"Lamivudine/Nevirapine/Zidovudine 30/50/60mg, dispersible tablets, 60 Tabs",18.54,4637,18037.93,PMO - US,Mylan (formerly Matrix) Nashik,Lamivudine/Nevirapine/Zidovudine,3.89,N/A - From RDC,SO-46830,FPQ-13094,10-11-13,ARV,114-UG-T30,16-Dec-13,Truck,Pediatric,60,0.06,SCMS from RDC,N/A - From RDC,426
70131,ASN-30674,Norvir,Vietnam,31-Mar-15,31-Mar-15,100mg,Tablet,No,See ASN-30674 (ID#:54100),Direct Drop,"Ritonavir 100mg [Norvir], film coated tablets, 30 Tabs",15.66,572,13304.72,PMO - US,ABBVIE Ludwigshafen Germany,Ritonavir,23.26,12/18/14,SCMS-268450,FPQ-15292,12-05-14,ARV,108-VN-T30,31-Mar-15,Air,Adult,30,0.78,ABBVIE LOGISTICS (FORMERLY ABBOTT LOGISTICS BV),FCA,See ASN-30674 (ID#:54100)
84455,DN-4156,Generic,Zimbabwe,17-Mar-15,18-Mar-15,600/300/300mg,Tablet - FDC,No,See DN-4156 (ID#:83893),From RDC,"Efavirenz/Lamivudine/Tenofovir Disoproxil Fumarate 600/300/300mg, tablets, 30 Tabs",1069.59,94661,908745.6,PMO - US,Mylan (formerly Matrix) Nashik,Efavirenz/Lamivudine/Tenofovir Disoproxil Fumarate,9.6,N/A - From RDC,SO-50000,FPQ-15196,10/16/14,ARV,102-ZW-T30,30-Apr-15,Truck,Adult,30,0.32,SCMS from RDC,N/A - From RDC,See DN-4156 (ID#:83893)
83860,DN-4012,Generic,Rwanda,14-Jan-15,19-Jan-15,200mg,Tablet,No,See DN-4012 (ID#:82755),From RDC,"Nevirapine 200mg, tablets, 60 Tabs",113.46,49941,110369.61,PMO - US,Hetero Unit III Hyderabad IN,Nevirapine,2.21,N/A - From RDC,SO-48790,FPQ-14111,4/22/14,ARV,107-RW-T30,16-Feb-15,Truck,Adult,60,0.04,SCMS from RDC,N/A - From RDC,See DN-4012 (ID#:82755)
85905,DN-2886,Generic,Cameroon,17-Oct-12,17-Oct-12,150/300mg,Tablet - FDC,No,See DN-2886 (ID#:82519),From RDC,"Lamivudine/Zidovudine 150/300mg, tablets, 60 Tabs",303.67,28057,216600.04,PMO - US,Hetero Unit III Hyderabad IN,Lamivudine/Zidovudine,7.72,N/A - From RDC,SO-43390,FPQ-10641,9/19/12,ARV,900-CM-T30,24-Oct-12,Air Charter,Adult,60,0.13,SCMS from RDC,N/A - From RDC,See DN-2886 (ID#:82519)
53945,ASN-23875,Generic,South Africa,13-Jan-14,13-Jan-14,20mg/ml,Oral solution,No,Freight Included in Commodity Cost,Direct Drop,"Abacavir 20mg/ml, oral solution w/syringe, Bottle, 240 ml",11.13,446,10825.73,PMO - US,"Aurobindo Unit III, India",Abacavir,24.27,12-02-13,SCMS-215410,FPQ-13214,11/14/13,ARV,116-ZA-T30,13-Jan-14,Truck,Pediatric,240,0.1,S. BUYS WHOLESALER,DDP,Weight Captured Separately
56057,ASN-32957,Determine,Nigeria,14-Jul-15,14-Jul-15,MIssing,Test kit,Yes,Freight Included in Commodity Cost,Direct Drop,"HIV 1/2, Determine Complete HIV Kit, 100 Tests",669.16,6388,568532.0,PMO - US,"Alere Medical Co., Ltd.","HIV 1/2, Determine Complete HIV Kit",89.0,5/26/15,SCMS-289130,FPQ-16329,05-07-15,HRDT,133-NG-T30,14-Jul-15,Air,HIV test,100,0.89,"Orgenics, Ltd",EXW,2590
46727,ASN-17464,Determine,Tanzania,31-Dec-12,31-Dec-12,MIssing,Test kit,Yes,18638.44,Direct Drop,"HIV 1/2, Determine Complete HIV Kit, 100 Tests",253.93,2264,181120.0,PMO - US,"Alere Medical Co., Ltd.","HIV 1/2, Determine Complete HIV Kit",80.0,10-04-12,SCMS-161830,FPQ-10619,9/13/12,HRDT,109-TZ-T30,31-Dec-12,Air,HIV test,100,0.8,"Orgenics, Ltd",EXW,980
84819,DN-3161,Generic,Zambia,28-May-13,28-May-13,600/200/300mg,Tablet - FDC,Yes,17650.15,From RDC,"Efavirenz/Emtricitabine/Tenofovir Disoproxil Fumarate 600/200/300mg, tablets, 30 Tabs",4541.84,249965,3239546.4,PMO - US,Mylan (formerly Matrix) Nashik,Efavirenz/Emtricitabine/Tenofovir Disoproxil Fumarate,12.96,N/A - From RDC,SO-44770,FPQ-10728,10-05-12,ARV,110-ZM-T30,31-May-13,Truck,Adult,30,0.43,SCMS from RDC,N/A - From RDC,28182
83183,DN-3420,Generic,CÃte dIvoire,02-Dec-13,20-Dec-13,150mg,Tablet,Yes,1556.99,From RDC,"Lamivudine 150mg, tablets, 60 Tabs",4.69,1700,3791.0,PMO - US,"Strides, Bangalore, India.",Lamivudine,2.23,N/A - From RDC,SO-46410,FPQ-12800,08-09-13,ARV,104-CI-T30,28-Nov-13,Truck,Adult,60,0.04,SCMS from RDC,N/A - From RDC,75
86576,DN-3190,Generic,Nigeria,29-May-13,29-May-13,200mg,Tablet,Yes,20761,From RDC,"Efavirenz 200mg, scored tablets, 90 Tabs",97.01,10743,78423.9,PMO - US,"Strides, Bangalore, India.",Efavirenz,7.3,N/A - From RDC,SO-45203,FPQ-11022,11/15/12,ARV,151-NG-T30,21-May-13,Air Charter,Pediatric,90,0.08,SCMS from RDC,N/A - From RDC,748
46323,ASN-26537,Generic,Ghana,17-Jul-14,17-Jul-14,10mg/ml,Oral suspension,Yes,7719,Direct Drop,"Nevirapine 10mg/ml, oral suspension, Bottle, 240 ml",3.55,2286,3451.86,PMO - US,"Aurobindo Unit III, India",Nevirapine,1.51,5/23/14,SCMS-237820,FPQ-14052,04-12-14,ARV,105-GH-T30,17-Jul-14,Air,Pediatric,240,0.01,Aurobindo Pharma Limited,EXW,972
63817,ASN-14843,Generic,Haiti,03-Jul-12,03-Jul-12,600/300/300mg,Tablet - FDC,Yes,23708.81,Direct Drop,"Efavirenz/Lamivudine/Tenofovir Disoproxil Fumarate 600/300/300mg, tablets, 30 Tabs",948.28,47970,676377.0,PMO - US,Mylan (formerly Matrix) Nashik,Efavirenz/Lamivudine/Tenofovir Disoproxil Fumarate,14.1,2/23/12,SCMS-138630,FPQ-9066,01-06-12,ARV,106-HT-T30,03-Jul-12,Ocean,Adult,30,0.47,MYLAN LABORATORIES LTD (FORMERLY MATRIX LABORATORIES),EXW,5438
85663,DN-1713,Generic,Nigeria,31-Mar-10,31-Mar-10,600mg,Tablet,Yes,Freight Included in Commodity Cost,From RDC,"Efavirenz 600mg, tablets, 30 Tabs",54,4882,25044.66,PMO - US,"Aurobindo Unit III, India",Efavirenz,5.13,N/A - From RDC,SO-34912,FPQ-4537,11-06-09,ARV,151-NG-T30,19-Apr-10,Air Charter,Adult,30,0.17,SCMS from RDC,N/A - From RDC,420
11495,DN-475,Generic,Nigeria,03-Dec-07,03-Dec-07,10mg/ml,Oral solution,No,See DN-475 (ID#:10642),From RDC,"Zidovudine 10mg/ml, oral solution, Bottle, 240 ml",11.07,1752,6920.4,PMO - US,"Aurobindo Unit III, India",Zidovudine,3.95,N/A - From RDC,SO-567,Pre-PQ Process,Pre-PQ Process,ARV,112-NG-T01,03-Dec-07,Air,Pediatric,240,0.02,SCMS from RDC,N/A - From RDC,See DN-475 (ID#:10642)
16053,ASN-24394,Generic,Vietnam,23-Apr-14,23-Apr-14,150mg,Tablet,Yes,3658.08,Direct Drop,"Lamivudine 150mg, tablets, 60 Tabs",32.06,14011,25920.35,PMO - US,Hetero Unit III Hyderabad IN,Lamivudine,1.85,10-10-13,SCMS-210120,FPQ-13034,10-04-13,ARV,108-VN-T30,23-Apr-14,Air,Adult,60,0.03,HETERO LABS LIMITED,EXW,1953
71809,ASN-28034,Generic,South Africa,29-Aug-14,29-Aug-14,150mg,Tablet,No,Freight Included in Commodity Cost,Direct Drop,"Lamivudine 150mg, tablets, 60 Tabs",7.15,592,5776.17,PMO - US,Hetero Unit III Hyderabad IN,Lamivudine,9.76,8/29/14,SCMS-199289,FPQ-12522,07-11-13,ARV,116-ZA-T30,29-Aug-14,Truck,Adult,60,0.16,S. BUYS WHOLESALER,DDP,Weight Captured Separately
11257,DN-810,Generic,Mozambique,07-Aug-08,07-Aug-08,150/300/200mg,Tablet - FDC,Yes,3733.57,From RDC,"Lamivudine/Nevirapine/Zidovudine 150/200/300mg, tablets, 60 Tabs",358.78,16610,224235.0,PMO - US,"Cipla, Goa, India",Lamivudine/Nevirapine/Zidovudine,13.5,N/A - From RDC,SO-2423,Pre-PQ Process,Pre-PQ Process,ARV,111-MZ-T01,07-Aug-08,Truck,Adult,60,0.22,SCMS from RDC,N/A - From RDC,2298
83637,DN-2928,Generic,Mozambique,11-Jan-13,11-Jan-13,200mg,Tablet,Yes,7433.02,From RDC,"Nevirapine 200mg, tablets, 60 Tabs",6.41,1890,4573.8,PMO - US,"Aurobindo Unit III, India",Nevirapine,2.42,N/A - From RDC,SO-42850,FPQ-10210,6/28/12,ARV,111-MZ-T30,11-Jan-13,Truck,Adult,60,0.04,SCMS from RDC,N/A - From RDC,4145
86659,DN-3574,Generic,Zambia,25-Mar-14,04-Apr-14,600/200/300mg,Tablet - FDC,Yes,3526.7,From RDC,"Efavirenz/Emtricitabine/Tenofovir Disoproxil Fumarate 600/200/300mg, tablets, 30 Tabs",56.86,3866,45966.74,PMO - US,"Hetero, Jadcherla, unit 5, IN",Efavirenz/Emtricitabine/Tenofovir Disoproxil Fumarate,11.89,N/A - From RDC,SO-45083,FPQ-12066,4/19/13,ARV,110-ZM-T30,21-Mar-14,Truck,Adult,30,0.4,SCMS from RDC,N/A - From RDC,638
77782,ASN-7168,OraQuick,Botswana,30-Jun-10,30-Jun-10,MIssing,Test kit - Ancillary,Yes,418.94,Direct Drop,"#109435**HIV, OraQuick Controls Kit, 3 Vials",0.49,10,250.0,PMO - US,"Orasure Technologies, Inc USA","HIV, OraQuick Controls Kit, 3 Vials",25.0,9/30/09,SCMS-54180,FPQ-4167,09-09-09,HRDT,144-BW-T30,30-Jun-10,Air,HIV test - Ancillary,3,8.33,Orasure Technologies Inc.,EXW,6
10651,DN-601,Generic,Mozambique,05-Apr-08,05-Apr-08,30mg,Capsule,Yes,8118.64,From RDC,"Stavudine 30mg, capsules, 60 Caps",0.29,120,182.4,PMO - US,"Aurobindo Unit III, India",Stavudine,1.52,N/A - From RDC,SO-1039,Pre-PQ Process,Pre-PQ Process,ARV,111-MZ-T01,08-Apr-08,Air,Adult,60,0.03,SCMS from RDC,N/A - From RDC,5092
84907,DN-3585,Generic,Guyana,03-Apr-14,06-Jun-14,300mg,Tablet,No,See DN-3585 (ID#:83223),From RDC,"Zidovudine 300mg, tablets, 60 Tabs",5.16,803,5018.75,PMO - US,"Aurobindo Unit III, India",Zidovudine,6.25,N/A - From RDC,SO-46800,FPQ-13071,10-09-13,ARV,105-GY-T30,31-Mar-14,Air,Adult,60,0.1,SCMS from RDC,N/A - From RDC,See DN-3585 (ID#:83223)
7921,ASN-13,Viracept,Vietnam,03-Sep-06,03-Sep-06,250mg,Tablet,Yes,7828.28,Direct Drop,"Nelfinavir (as mesilate) 250mg [Viracept], tablets, 270 Tabs",MIssing,1000,164620.0,PMO - US,Roche Madrid,Nelfinavir (as mesilate),164.62,Date Not Captured,SCMS-19,Pre-PQ Process,Pre-PQ Process,ARV,108-VN-T01,03-Sep-06,Air,Adult,270,0.61,Hoffmann-La Roche ltd Basel,EXW,254
84104,DN-2310,Generic,Haiti,11-Aug-11,11-Aug-11,150/300mg,Tablet - FDC,No,See DN-2310 (ID#:82968),From RDC,"Lamivudine/Zidovudine 150/300mg, tablets, 60 Tabs",423.22,30000,256500.0,PMO - US,"Aurobindo Unit III, India",Lamivudine/Zidovudine,8.55,N/A - From RDC,SO-38213,FPQ-6801,12/14/10,ARV,106-HT-T30,19-Jul-11,Air,Adult,60,0.14,SCMS from RDC,N/A - From RDC,See DN-2310 (ID#:82968)
12286,DN-1244,Generic,Nigeria,16-Jun-09,16-Jun-09,150mg,Tablet,No,See DN-1244 (ID#:11048),From RDC,"Lamivudine 150mg, tablets, 60 Tabs",6.48,1140,3306.0,PMO - US,"Aurobindo Unit III, India",Lamivudine,2.9,N/A - From RDC,SO-21050,Pre-PQ Process,Pre-PQ Process,ARV,112-NG-T01,16-Jun-09,Air Charter,Adult,60,0.05,SCMS from RDC,N/A - From RDC,See DN-1244 (ID#:11048)
84068,DN-2151,Generic,Tanzania,31-Mar-11,31-Mar-11,600mg,Tablet,Yes,9639.1,From RDC,"Efavirenz 600mg, tablets, 30 Tabs",24.32,3493,14740.46,PMO - US,"Emcure Plot No.P-2, I.T-B.T. Park, Phase II, MIDC, Hinjwadi, Pune, India",Efavirenz,4.22,N/A - From RDC,SO-39010,FPQ-7347,03-07-11,ARV,109-TZ-T30,07-Apr-11,Air,Adult,30,0.14,SCMS from RDC,N/A - From RDC,2996
68878,ASN-9248,Stat-Pak,Ethiopia,05-Jan-11,05-Jan-11,MIssing,Test kit,Yes,1219.85,Direct Drop,"HIV 1/2, Stat-Pak HIV, Kit, 20 Tests",27.88,545,16895.0,PMO - US,Chembio Diagnostics Sys. Inc.,"HIV 1/2, Stat-Pak HIV, Kit",31.0,11/24/10,SCMS-92090,FPQ-6608,11-09-10,HRDT,117-ET-T30,05-Jan-11,Air,HIV test,20,1.55,"CHEMBIO DIAGNOSTIC SYSTEMS, INC.",EXW,204
83674,DN-3119,Generic,Uganda,09-May-13,09-May-13,150/300/200mg,Tablet - FDC,Yes,6582.95,From RDC,"Lamivudine/Nevirapine/Zidovudine 150/200/300mg, tablets, 60 Tabs",167.64,15795,135521.1,PMO - US,Hetero Unit III Hyderabad IN,Lamivudine/Nevirapine/Zidovudine,8.58,N/A - From RDC,SO-43951,FPQ-11143,12/13/12,ARV,114-UG-T30,08-May-13,Truck,Adult,60,0.14,SCMS from RDC,N/A - From RDC,2234
12068,DN-140,Generic,Zimbabwe,20-May-07,20-May-07,600mg,Tablet,Yes,1130.49,From RDC,"Efavirenz 600mg, tablets, 30 Tabs",MIssing,2800,45528.0,PMO - US,"Aurobindo Unit III, India",Efavirenz,16.26,N/A - From RDC,SO-415,Pre-PQ Process,Pre-PQ Process,ARV,113-ZW-T01,20-May-07,MIssing,Adult,30,0.54,SCMS from RDC,N/A - From RDC,246
9531,ASN-1199,Determine,Haiti,23-Jan-08,23-Jan-08,MIssing,Test kit,Yes,4829.61,Direct Drop,"HIV 1/2, Determine HIV Kit, without Lancets, 100 Tests",112,1000,70000.0,PMO - US,Inverness Japan,"HIV 1/2, Determine HIV Kit, without Lancets",70.0,Date Not Captured,SCMS-15520,Pre-PQ Process,Pre-PQ Process,HRDT,106-HT-T01,23-Jan-08,Air,HIV test,100,0.7,"Orgenics, Ltd",EXW,228
49919,ASN-29770,Generic,Vietnam,15-Jan-15,15-Jan-15,150/300/200mg,Tablet - FDC,Yes,1069.31,Direct Drop,"Lamivudine/Nevirapine/Zidovudine 150/200/300mg, tablets, 60 Tabs",58.29,7000,56700.0,PMO - US,Mylan (formerly Matrix) Nashik,Lamivudine/Nevirapine/Zidovudine,8.1,08-08-14,SCMS-251670,FPQ-14516,07-09-14,ARV,108-VN-T30,15-Jan-15,Air,Adult,60,0.13,MYLAN LABORATORIES LTD (FORMERLY MATRIX LABORATORIES),EXW,974
43140,ASN-25073,Generic,Tanzania,19-May-14,19-May-14,200mg,Tablet,Yes,33343.63,Direct Drop,"Nevirapine 200mg, tablets, 60 Tabs",215.59,96200,209716.0,PMO - US,Hetero Unit III Hyderabad IN,Nevirapine,2.18,12/27/13,SCMS-219190,FPQ-13418,12/13/13,ARV,109-TZ-T30,19-May-14,Air,Adult,60,0.04,HETERO LABS LIMITED,EXW,6320
86549,DN-3017,Generic,"Congo, DRC",08-Aug-13,08-Aug-13,200mg,Delayed-release capsules,No,See DN-3017 (ID#:83108),From RDC,"Didanosine 200mg, delayed-release capsules, 30 Caps",0.57,42,462.0,PMO - US,"Aurobindo Unit III, India",Didanosine,11.0,N/A - From RDC,SO-43750,FPQ-11096,11/20/12,ARV,101-CD-T30,18-Mar-13,Air,Pediatric,30,0.37,SCMS from RDC,N/A - From RDC,See DN-3017 (ID#:83108)
11873,DN-673,Generic,CÃte dIvoire,27-Mar-08,27-Mar-08,10mg/ml,Oral suspension,No,See DN-673 (ID#:10682),From RDC,"Nevirapine 10mg/ml, oral suspension, Bottle, 240 ml",9.24,3008,5775.36,PMO - US,"Aurobindo Unit III, India",Nevirapine,1.92,N/A - From RDC,SO-1680,Pre-PQ Process,Pre-PQ Process,ARV,104-CI-T01,27-Mar-08,Air,Pediatric,240,0.01,SCMS from RDC,N/A - From RDC,See DN-673 (ID#:10682)
12192,DN-718,Generic,Nigeria,21-Apr-08,21-Apr-08,1mg/ml,Oral solution,No,See DN-718 (ID#:10968),From RDC,"Stavudine 1mg/ml, powder for oral solution, 200 ml",0.12,55,77.0,PMO - US,"Aurobindo Unit III, India",Stavudine,1.4,N/A - From RDC,SO-2350,Pre-PQ Process,Pre-PQ Process,ARV,112-NG-T01,21-Apr-08,Air,Pediatric,200,0.01,SCMS from RDC,N/A - From RDC,See DN-718 (ID#:10968)
73379,ASN-24415,Generic,South Africa,06-Feb-14,06-Feb-14,300mg,Tablet,No,Freight Included in Commodity Cost,Direct Drop,"Zidovudine 300mg, tablets, 60 Tabs",0.67,22,543.68,PMO - US,"Aurobindo Unit III, India",Zidovudine,24.71,12-02-13,SCMS-215370,FPQ-13035,10-08-13,ARV,116-ZA-T30,06-Feb-14,Truck,Adult,60,0.41,S. BUYS WHOLESALER,DDP,Weight Captured Separately
85601,DN-4296,Generic,South Sudan,19-Jun-15,23-Jun-15,30/50/60mg,Chewable/dispersible tablet - FDC,No,See DN-4296 (ID#:83342),From RDC,"Lamivudine/Nevirapine/Zidovudine 30/50/60mg, dispersible tablets, 60 Tabs",18.94,4471,16095.6,PMO - US,"Strides, Bangalore, India.",Lamivudine/Nevirapine/Zidovudine,3.6,N/A - From RDC,SO-51460,FPQ-16356,5/14/15,ARV,103-SS-T30,25-Jun-15,Air,Pediatric,60,0.06,SCMS from RDC,N/A - From RDC,See DN-4296 (ID#:83342)
11374,DN-71,Crixivan,CÃte dIvoire,30-Apr-07,30-Apr-07,400mg,Capsule,Yes,1583,From RDC,"Indinavir 400mg [Crixivan], capsules, 180 Caps",MIssing,740,36496.8,PMO - US,MSD Elkton USA,Indinavir,49.32,N/A - From RDC,SO-286,Pre-PQ Process,Pre-PQ Process,ARV,100-CI-T01,30-Apr-07,MIssing,Adult,180,0.27,SCMS from RDC,N/A - From RDC,206
6601,ASN-54,Generic,Vietnam,04-Sep-06,04-Sep-06,600mg,Tablet,Yes,19044.32,Direct Drop,"Efavirenz 600mg, tablets, 30 Tabs",MIssing,19000,323000.0,PMO - US,"Cipla, Goa, India",Efavirenz,17.0,Date Not Captured,SCMS-83,Pre-PQ Process,Pre-PQ Process,ARV,108-VN-T01,04-Sep-06,Air,Adult,30,0.57,CIPLA LIMITED,EXW,1520
16255,ASN-15367,Determine,Kenya,09-Jul-12,09-Jul-12,MIssing,Test kit,Yes,14842.19,Direct Drop,"HIV 1/2, Determine Complete HIV Kit, 100 Tests",998.1,7999,711911.0,PMO - US,"Alere Medical Co., Ltd.","HIV 1/2, Determine Complete HIV Kit",89.0,6/14/12,SCMS-149610,FPQ-10018,06-05-12,HRDT,103-KE-T30,09-Jul-12,Air,HIV test,100,0.89,"Orgenics, Ltd",EXW,1378
84057,DN-2086,Generic,Mozambique,02-Mar-11,02-Mar-11,150/30mg,Tablet - FDC,Yes,4815.8,From RDC,"Lamivudine/Stavudine 150/30mg, tablets, 60 Tabs",165.82,23448,76909.44,PMO - US,"Cipla, Goa, India",Lamivudine/Stavudine,3.28,N/A - From RDC,SO-37600,FPQ-6426,9/23/10,ARV,111-MZ-T30,10-Mar-11,Truck,Adult,60,0.05,SCMS from RDC,N/A - From RDC,1804
85777,DN-2294,Generic,CÃte dIvoire,22-Jul-11,22-Jul-11,10mg/ml,Oral suspension,Yes,3545.1,From RDC,"Nevirapine 10mg/ml, oral suspension w/syringe, Bottle, 240 ml",2.52,600,1170.0,PMO - US,"Aurobindo Unit III, India",Nevirapine,1.95,N/A - From RDC,SO-39390,FPQ-6495,10-04-10,ARV,104-CI-T30,22-Jul-11,Air,Pediatric,240,0.01,SCMS from RDC,N/A - From RDC,224
75799,ASN-26436,Generic,Ghana,24-Jul-14,31-Jul-14,200/50mg,Tablet,Yes,6006.37,Direct Drop,"Lopinavir/Ritonavir 200/50mg, tablets, 120 Tabs",76.04,3393,73967.4,PMO - US,"Aurobindo Unit III, India",Lopinavir/Ritonavir,21.8,4/14/14,SCMS-234050,FPQ-13809,03-07-14,ARV,105-GH-T30,24-Jul-14,Air,Adult,120,0.18,Aurobindo Pharma Limited,EXW,915
48261,ASN-33515,Kaletra,Rwanda,21-Aug-15,24-Aug-15,80/20mg/ml,Oral solution,Yes,Invoiced Separately,Direct Drop,"Lopinavir/Ritonavir 80/20mg/ml [Kaletra], oral solution, cool, Bottle 5 x 60 ml",12.7,350,10787.0,PMO - US,ABBVIE (Abbott) Logis. UK,Lopinavir/Ritonavir,30.82,07-07-15,SCMS-294120,FPQ-16293,6/15/15,ARV,107-RW-T30,21-Aug-15,Air,Pediatric,300,0.1,ABBVIE LOGISTICS (FORMERLY ABBOTT LOGISTICS BV),FCA,Weight Captured Separately
8648,ASN-2794,Stat-Pak,Nigeria,20-Nov-08,20-Nov-08,MIssing,Test kit,Yes,24025.77,Direct Drop,"HIV 1/2, Stat-Pak HIV, Kit, 20 Tests",560.63,10594,286038.0,PMO - US,Chembio Diagnostics Sys. Inc.,"HIV 1/2, Stat-Pak HIV, Kit",27.0,8/26/08,SCMS-28870,Pre-PQ Process,Pre-PQ Process,HRDT,133-NG-T01,15-Jan-09,Air,HIV test,20,1.35,"CHEMBIO DIAGNOSTIC SYSTEMS, INC.",EXW,3039
85584,DN-4210,Generic,Burundi,22-Apr-15,23-Apr-15,30/60mg,Chewable/dispersible tablet - FDC,No,See DN-4210 (ID#:83906),From RDC,"Lamivudine/Zidovudine 30/60mg, dispersible tablets, 60 Tabs",0.37,164,314.88,PMO - US,"Cipla, Goa, India",Lamivudine/Zidovudine,1.92,N/A - From RDC,SO-50290,FPQ-15406,11/19/14,ARV,102-BI-T30,30-Jun-15,Air,Pediatric,60,0.03,SCMS from RDC,N/A - From RDC,See DN-4210 (ID#:83906)
23939,ASN-12256,Generic,South Africa,08-Nov-11,08-Nov-11,600mg,Tablet,Yes,25129.15,Direct Drop,"Efavirenz 600mg, tablets, 30 Tabs",1856.65,249500,1125245.0,PMO - US,"Aurobindo Unit III, India",Efavirenz,4.51,3/24/11,SCMS-103370,FPQ-7175,03-10-11,ARV,161-ZA-T30,08-Nov-11,Ocean,Adult,30,0.15,Aurobindo Pharma Limited,DDP,21205
26002,ASN-24721,Uni-Gold,"Congo, DRC",04-Apr-14,28-Apr-14,MIssing,Test kit,No,See ASN-24721 (ID#:13708),Direct Drop,"HIV 1/2, Uni-Gold HIV Kit, 20 Tests",0.56,17,544.0,PMO - US,"Trinity Biotech, Plc","HIV 1/2, Uni-Gold HIV Kit",32.0,1/28/14,SCMS-224840,FPQ-13548,1/22/14,HRDT,101-CD-T30,04-Apr-14,Air,HIV test,20,1.6,"Trinity Biotech, Plc",EXW,See ASN-24721 (ID#:13708)
85998,DN-3321,Generic,Nigeria,12-Sep-13,12-Sep-13,600/300mg,Tablet - FDC,Yes,34218.36,From RDC,"Abacavir/Lamivudine 600/300mg, scored tablets, 30 Tabs",4.75,284,3839.68,PMO - US,Mylan (formerly Matrix) Nashik,Abacavir/Lamivudine,13.52,N/A - From RDC,SO-44759,FPQ-11771,2/28/13,ARV,151-NG-T30,20-Sep-13,Air Charter,Adult,30,0.45,SCMS from RDC,N/A - From RDC,48
15999,ASN-20860,Generic,Tanzania,24-Sep-13,24-Sep-13,150/300/200mg,Tablet - FDC,Yes,17581.92,Direct Drop,"Lamivudine/Nevirapine/Zidovudine 150/200/300mg, tablets, 60 Tabs",366.33,36426,296143.38,PMO - US,"Aurobindo Unit III, India",Lamivudine/Nevirapine/Zidovudine,8.13,7/16/13,SCMS-198780,FPQ-12540,07-03-13,ARV,109-TZ-T30,24-Sep-13,Air,Adult,60,0.14,Aurobindo Pharma Limited,EXW,4609
31670,ASN-9477,Generic,South Africa,10-Mar-11,10-Mar-11,200mg,Capsule,No,See ASN-9477 (ID#:26879),Direct Drop,"Efavirenz 200mg, capsule, 90 Caps",413.43,19214,191755.72,PMO - US,"Aurobindo Unit III, India",Efavirenz,9.98,9/24/10,SCMS-83790,FPQ-6262,8/31/10,ARV,161-ZA-T30,01-Feb-11,Ocean,Pediatric,90,0.11,Aurobindo Pharma Limited,DDP,See ASN-9477 (ID#:26879)
82433,DN-2494,Generic,"Congo, DRC",14-Feb-12,14-Feb-12,200mg,Tablet,Yes,456.18,From RDC,"Nevirapine 200mg, tablets, 60 Tabs",0.06,16,41.28,PMO - US,"Strides, Bangalore, India.",Nevirapine,2.58,N/A - From RDC,SO-41132,FPQ-8840,11/21/11,ARV,101-CD-T30,16-Mar-12,Air,Adult,60,0.04,SCMS from RDC,N/A - From RDC,42
79491,ASN-19476,Isentress,Haiti,14-May-13,14-May-13,400mg,Tablet,Yes,260,Direct Drop,"Raltegravir 400mg [Isentress], tablets, 60 Tabs",8.24,120,6660.0,PMO - US,"MSD, Haarlem, NL",Raltegravir,55.5,02-05-13,SCMS-176120,FPQ-11285,1/16/13,ARV,106-HT-T30,14-May-13,Air,Adult,60,0.92,MERCK SHARP & DOHME IDEA GMBH (FORMALLY MERCK SHARP & DOHME B.V.),CIP,11
39615,ASN-31163,ImmunoComb,Mali,13-May-15,13-May-15,MIssing,Test kit,Yes,1059.59,Direct Drop,"HIV 1/2, ImmunoComb TriSpot Ag - Ab Kit, 36 Tests",8.35,65,8125.0,PMO - US,"Alere Medical Co., Ltd.","HIV 1/2, ImmunoComb TriSpot Ag - Ab Kit",125.0,11/19/14,SCMS-260770,FPQ-15006,10-07-14,HRDT,103-ML-T30,13-May-15,Air,HIV test,36,3.47,"Orgenics, Ltd",EXW,24
86418,DN-2404,Generic,Ghana,28-Feb-12,28-Feb-12,300mg,Tablet,Yes,985,From RDC,"Tenofovir Disoproxil Fumarate 300mg, tablets, 30 Tabs",410.58,38760,248839.2,PMO - US,Mylan (formerly Matrix) Nashik,Tenofovir Disoproxil Fumarate,6.42,N/A - From RDC,SO-40020,FPQ-7866,6/13/11,ARV,900-GH-T30,31-Oct-11,Air,Adult,30,0.21,SCMS from RDC,N/A - From RDC,2169
73806,ASN-29597,Generic,South Africa,28-Nov-14,28-Nov-14,250mg,Delayed-release capsules,No,Freight Included in Commodity Cost,Direct Drop,"Didanosine 250mg, delayed-release capsules, 30 Caps",0.07,6,66.1,PMO - US,"Aurobindo Unit III, India",Didanosine,11.02,11/28/14,SCMS-259071,FPQ-14942,09-11-14,ARV,116-ZA-T30,28-Nov-14,Truck,Adult,30,0.37,PHARMACY DIRECT,DDP,Weight Captured Separately
62390,ASN-19166,Epivir,South Africa,16-Apr-13,16-Apr-13,150mg,Tablet,No,Freight Included in Commodity Cost,Direct Drop,"Lamivudine 150mg [Epivir], tablets, 60 Tabs",7.33,869,5923.93,South Africa Field Office,GSK Ware (UK),Lamivudine,6.82,Date Not Captured,SCMS-183950,FPQ-11828,3/18/13,ARV,116-ZA-T30,16-Apr-13,Truck,Adult,60,0.11,S. BUYS WHOLESALER,DDP,Weight Captured Separately
11480,DN-609,Generic,CÃte dIvoire,19-Feb-08,19-Feb-08,600mg,Tablet,Yes,12349.51,From RDC,"Efavirenz 600mg, tablets, 30 Tabs",471.96,24561,294977.61,PMO - US,"Aurobindo Unit III, India",Efavirenz,12.01,N/A - From RDC,SO-1546,Pre-PQ Process,Pre-PQ Process,ARV,104-CI-T01,19-Feb-08,Air,Adult,30,0.4,SCMS from RDC,N/A - From RDC,7191
12061,DN-148,Viread,Mozambique,13-Jun-07,13-Jun-07,300mg,Tablet,No,See DN-148 (ID#:10564),From RDC,"Tenofovir Disoproxil Fumarate 300mg [Viread], tablets, 30 Tabs",MIssing,2684,45628.0,PMO - US,Gilead(Nycomed) Oranienburg DE,Tenofovir Disoproxil Fumarate,17.0,N/A - From RDC,SO-576,Pre-PQ Process,Pre-PQ Process,ARV,111-MZ-T01,13-Jun-07,Air,Adult,30,0.57,SCMS from RDC,N/A - From RDC,See DN-148 (ID#:10564)
21953,ASN-18203,Uni-Gold,South Sudan,27-Mar-13,27-Mar-13,MIssing,Test kit,Yes,2231.97,Direct Drop,"HIV 1/2, Uni-Gold HIV Kit, 20 Tests",12.83,324,10368.0,PMO - US,"Trinity Biotech, Plc","HIV 1/2, Uni-Gold HIV Kit",32.0,1/22/13,SCMS-173320,FPQ-11382,01-04-13,HRDT,103-SS-T30,27-Mar-13,Air,HIV test,20,1.6,"Trinity Biotech, Plc",EXW,107
83640,DN-2943,Generic,Nigeria,04-Dec-12,04-Dec-12,150/300mg,Tablet - FDC,Yes,51090,From RDC,"Lamivudine/Zidovudine 150/300mg, tablets, 60 Tabs",2025.8,187168,1444936.96,PMO - US,"Aurobindo Unit III, India",Lamivudine/Zidovudine,7.72,N/A - From RDC,SO-43432,FPQ-9968,5/23/12,ARV,151-NG-T30,04-Dec-12,Air,Adult,60,0.13,SCMS from RDC,N/A - From RDC,18234
11991,DN-1303,Generic,Uganda,14-Aug-09,14-Aug-09,150/300mg,Tablet - FDC,No,See DN-1303 (ID#:11661),From RDC,"Lamivudine/Zidovudine 150/300mg, tablets, 60 Tabs",191.84,14479,97878.04,PMO - US,"Aurobindo Unit III, India",Lamivudine/Zidovudine,6.76,N/A - From RDC,SO-32120,Pre-PQ Process,Date Not Captured,ARV,114-UG-T01,14-Aug-09,Air,Adult,60,0.11,SCMS from RDC,N/A - From RDC,See DN-1303 (ID#:11661)
12518,DN-763,Generic,Tanzania,09-Jul-08,09-Jul-08,150/300mg,Tablet - FDC,No,See DN-763 (ID#:10982),From RDC,"Lamivudine/Zidovudine 150/300mg, tablets, 60 Tabs",882.91,58086,551817.0,PMO - US,"Aurobindo Unit III, India",Lamivudine/Zidovudine,9.5,N/A - From RDC,SO-1696,Pre-PQ Process,Pre-PQ Process,ARV,109-TZ-T01,09-Jul-08,Air,Adult,60,0.16,SCMS from RDC,N/A - From RDC,See DN-763 (ID#:10982)
10979,DN-813,Generic,Zimbabwe,26-Jul-08,26-Jul-08,150/200/30mg,Tablet - FDC,Yes,22666.98,From RDC,"Lamivudine/Nevirapine/Stavudine 150/200/30mg, tablets, 60 Tabs",784.61,66268,490383.2,PMO - US,"Cipla, Goa, India",Lamivudine/Nevirapine/Stavudine,7.4,N/A - From RDC,SO-2502,Pre-PQ Process,Pre-PQ Process,ARV,113-ZW-T01,26-Jul-08,Truck,Adult,60,0.12,SCMS from RDC,N/A - From RDC,6606
86784,DN-4154,Generic,Zambia,25-Mar-15,26-Mar-15,200mg,Tablet,No,See DN-4154 (ID#:84454),From RDC,"Nevirapine 200mg, tablets, 60 Tabs",160.46,71600,156088.0,PMO - US,"Strides, Bangalore, India.",Nevirapine,2.18,N/A - From RDC,SO-49280,FPQ-14575,07-11-14,ARV,110-ZM-T30,27-Feb-15,Truck,Adult,60,0.04,SCMS from RDC,N/A - From RDC,See DN-4154 (ID#:84454)
82538,DN-2981,Generic,"Congo, DRC",11-Sep-13,11-Sep-13,150/300mg,Tablet - FDC,Yes,40434.04,From RDC,"Lamivudine/Zidovudine 150/300mg, tablets, 60 Tabs",5.82,647,4703.69,PMO - US,Mylan (formerly Matrix) Nashik,Lamivudine/Zidovudine,7.27,N/A - From RDC,SO-43680,FPQ-11054,11/16/12,ARV,101-CD-T30,11-Sep-13,Air,Adult,60,0.12,SCMS from RDC,N/A - From RDC,5897
11319,DN-1232,Truvada,Uganda,01-Jun-09,01-Jun-09,300/200mg,Tablet - FDC,No,See DN-1232 (ID#:10766),From RDC,"Emtricitabine/Tenofovir Disoproxil Fumarate 200/300mg [Truvada], tablets, 30 Tabs",4.63,90,2362.5,PMO - US,"Aspen-OSD, Port Elizabeth, SA",Emtricitabine/Tenofovir Disoproxil Fumarate,26.25,N/A - From RDC,SO-30100,Pre-PQ Process,Pre-PQ Process,ARV,114-UG-T01,01-Jun-09,Air,Adult,30,0.88,SCMS from RDC,N/A - From RDC,See DN-1232 (ID#:10766)
14564,ASN-31070,Generic,South Africa,09-Mar-15,09-Mar-15,300mg,Tablet,No,Freight Included in Commodity Cost,Direct Drop,"Zidovudine 300mg, tablets, 60 Tabs",0.13,7,126.22,PMO - US,"Aurobindo Unit III, India",Zidovudine,18.03,03-09-15,SCMS-259074,FPQ-14942,09-11-14,ARV,116-ZA-T30,09-Mar-15,Truck,Adult,60,0.3,PHARMACY DIRECT,DDP,Weight Captured Separately
73757,ASN-31640,Kaletra,Zambia,18-May-15,19-May-15,80/20mg/ml,Oral solution,Yes,13303.8,Direct Drop,"Lopinavir/Ritonavir 80/20mg/ml [Kaletra], oral solution, cool, Bottle 5 x 60 ml",71.76,2265,69807.3,PMO - US,ABBVIE (Abbott) Logis. UK,Lopinavir/Ritonavir,30.82,8/20/14,SCMS-253022,FPQ-14790,8/13/14,ARV,110-ZM-T30,18-May-15,Air,Pediatric,300,0.1,ABBVIE LOGISTICS (FORMERLY ABBOTT LOGISTICS BV),FCA,2272
83796,DN-3712,Generic,Burundi,25-Jun-14,01-Jul-14,150/300/200mg,Tablet - FDC,No,See DN-3712 (ID#:83795),From RDC,"Lamivudine/Nevirapine/Zidovudine 150/200/300mg, tablets, 60 Tabs",9.6,1152,9342.72,PMO - US,Hetero Unit III Hyderabad IN,Lamivudine/Nevirapine/Zidovudine,8.11,N/A - From RDC,SO-47670,FPQ-13627,1/24/14,ARV,102-BI-T30,30-May-14,Air,Adult,60,0.14,SCMS from RDC,N/A - From RDC,See DN-3712 (ID#:83795)
11818,DN-482,Generic,Zambia,22-Feb-08,22-Feb-08,150/300mg,Tablet - FDC,No,See DN-482 (ID#:11496),From RDC,"Lamivudine/Zidovudine 150/300mg, tablets, 60 Tabs",1400.59,92144,875368.0,PMO - US,"Aurobindo Unit III, India",Lamivudine/Zidovudine,9.5,N/A - From RDC,SO-755,Pre-PQ Process,Pre-PQ Process,ARV,110-ZM-T01,22-Feb-08,MIssing,Adult,60,0.16,SCMS from RDC,N/A - From RDC,See DN-482 (ID#:11496)
84738,DN-2791,Generic,Nigeria,14-Aug-12,14-Aug-12,150/300mg,Tablet - FDC,No,See DN-2791 (ID#:83064),From RDC,"Lamivudine/Zidovudine 150/300mg, tablets, 60 Tabs",141.5,12616,100928.0,PMO - US,Hetero Unit III Hyderabad IN,Lamivudine/Zidovudine,8.0,N/A - From RDC,SO-42930,FPQ-9432,03-01-12,ARV,151-NG-T30,20-Aug-12,Air Charter,Adult,60,0.13,SCMS from RDC,N/A - From RDC,See DN-2791 (ID#:83064)
38318,ASN-18773,Isentress,Uganda,11-Apr-13,11-Apr-13,400mg,Tablet,Yes,2158.88,Direct Drop,"Raltegravir 400mg [Isentress], tablets, 60 Tabs",53.96,786,43623.0,PMO - US,"MSD, Haarlem, NL",Raltegravir,55.5,10/25/12,SCMS-162720,FPQ-10788,10-10-12,ARV,114-UG-T30,11-Apr-13,Air,Adult,60,0.92,MERCK SHARP & DOHME IDEA GMBH (FORMALLY MERCK SHARP & DOHME B.V.),CIP,79
11563,DN-965,Generic,Kenya,23-Oct-08,23-Oct-08,MIssing,Test kit - Ancillary,Yes,Invoiced Separately,From RDC,"HIV, Lancet, Safety, for HIV Test kits, 100 Pcs",0.1,5000,50.0,PMO - US,Inverness Japan,"HIV, Lancet, Safety, for HIV Test kits, 100 Pcs",0.01,N/A - From RDC,SO-11440,Pre-PQ Process,Pre-PQ Process,HRDT,102-KE-T01,23-Oct-08,Truck,HIV test - Ancillary,100,0.0,SCMS from RDC,N/A - From RDC,Weight Captured Separately
14180,ASN-26391,Uni-Gold,Zambia,28-Jul-14,15-Aug-14,MIssing,Test kit,Yes,20621.1,Direct Drop,"HIV 1/2, Uni-Gold HIV Kit, 20 Tests",312.51,9500,304000.0,PMO - US,"Trinity Biotech, Plc","HIV 1/2, Uni-Gold HIV Kit",32.0,5/16/14,SCMS-238950,FPQ-14081,4/15/14,HRDT,110-ZM-T30,28-Jul-14,Air,HIV test,20,1.6,"Trinity Biotech, Plc",EXW,2783
11061,DN-1319,Generic,Zambia,04-Sep-09,04-Sep-09,600mg,Tablet,Yes,4506.18,From RDC,"Efavirenz 600mg, tablets, 30 Tabs",798.99,37059,407649.0,PMO - US,Hetero Unit III Hyderabad IN,Efavirenz,11.0,N/A - From RDC,SO-30311,Pre-PQ Process,Date Not Captured,ARV,110-ZM-T01,04-Sep-09,Truck,Adult,30,0.37,SCMS from RDC,N/A - From RDC,2876
1660,ASN-2435,Generic,Zimbabwe,21-Oct-08,21-Oct-08,MIssing,Test kit - Ancillary,Yes,Invoiced Separately,Direct Drop,"HIV, Lancet, Safety, for HIV Test kits, 100 Pcs",0.03,1634,16.34,PMO - US,Inverness Japan,"HIV, Lancet, Safety, for HIV Test kits, 100 Pcs",0.01,3/17/08,SCMS-18870,Pre-PQ Process,Pre-PQ Process,HRDT,113-ZW-T01,17-Nov-08,Air,HIV test - Ancillary,100,0.0,"Orgenics, Ltd",EXW,Weight Captured Separately
86238,DN-1452,Generic,Nigeria,20-Oct-09,20-Oct-09,600mg,Tablet,No,See DN-1452 (ID#:82272),From RDC,"Efavirenz 600mg, tablets, 30 Tabs",4.63,380,2363.6,PMO - US,"Aurobindo Unit III, India",Efavirenz,6.22,N/A - From RDC,SO-32260,FPQ-3815,5/26/09,ARV,154-NG-T30,30-Oct-09,Air Charter,Adult,30,0.21,SCMS from RDC,N/A - From RDC,See DN-1452 (ID#:82272)
85951,DN-3072,Generic,CÃte dIvoire,10-May-13,10-May-13,10mg/ml,Oral solution,Yes,5405.25,From RDC,"Zidovudine 10mg/ml, oral solution w/syringe, Bottle, 240 ml",7.79,3000,6300.0,PMO - US,"Aurobindo Unit III, India",Zidovudine,2.1,N/A - From RDC,SO-44170,FPQ-11253,12/14/12,ARV,104-CI-T30,30-Apr-13,Truck,Pediatric,240,0.01,SCMS from RDC,N/A - From RDC,1159
84074,DN-2160,Generic,Mozambique,06-Apr-11,06-Apr-11,150mg,Tablet,Yes,3495.81,From RDC,"Lamivudine 150mg, tablets, 60 Tabs",15.57,4050,9436.5,PMO - US,"Aurobindo Unit III, India",Lamivudine,2.33,N/A - From RDC,SO-38670,FPQ-7053,1/24/11,ARV,111-MZ-T30,31-May-11,Truck,Adult,60,0.04,SCMS from RDC,N/A - From RDC,195
12585,DN-1245,Generic,Nigeria,16-Jun-09,16-Jun-09,30mg,Capsule,Yes,7329.83,From RDC,"Stavudine 30mg, capsules, 60 Caps",35.04,12000,17880.0,PMO - US,"Aurobindo Unit III, India",Stavudine,1.49,N/A - From RDC,SO-22840,Pre-PQ Process,Pre-PQ Process,ARV,123-NG-T01,16-Jun-09,Air Charter,Adult,60,0.02,SCMS from RDC,N/A - From RDC,789
6624,ASN-146,Truvada,Zambia,09-Jan-07,09-Jan-07,300/200mg,Tablet - FDC,Yes,6546.69,Direct Drop,"Emtricitabine/Tenofovir Disoproxil Fumarate 200/300mg [Truvada], tablets, 30 Tabs",MIssing,14851,389838.75,PMO - US,Gilead(Nycomed) Oranienburg DE,Emtricitabine/Tenofovir Disoproxil Fumarate,26.25,Date Not Captured,SCMS-164,Pre-PQ Process,Pre-PQ Process,ARV,110-ZM-T01,09-Jan-07,Air,Adult,30,0.88,"GILEAD SCIENCES IRELAND, INC.",EXW,1244
42778,ASN-31335,Determine,South Sudan,03-Jun-15,05-Jun-15,MIssing,Test kit - Ancillary,Yes,Invoiced Separately,Direct Drop,"Chase Buffer, Determine, 100 Tests, 2.5ml x 1 Vial",0.09,15,75.0,PMO - US,"Alere Medical Co., Ltd.","Chase Buffer, Determine, 100 Tests, 2.5ml x 1 Vial",5.0,2/20/15,SCMS-272160,FPQ-15569,12/29/14,HRDT,105-SS-T30,03-Jun-15,Air,HIV test - Ancillary,1,5.0,"Orgenics, Ltd",EXW,Weight Captured Separately
5508,ASN-1251,Norvir,South Africa,29-Jan-08,29-Jan-08,80mg/ml,Oral solution,No,Freight Included in Commodity Cost,Direct Drop,"Ritonavir 80mg/ml [Norvir], oral solution, cool, Bottle, 90 ml",0.05,3,28.95,PMO - US,ABBVIE (Abbott) France,Ritonavir,9.65,11-12-07,SCMS-14050,Pre-PQ Process,Pre-PQ Process,ARV,116-ZA-T01,29-Jan-08,MIssing,Pediatric,90,0.11,"JSI R&T INSTITUTE, INC.",DDP,Weight Captured Separately
84553,DN-1790,Generic,Nigeria,18-May-10,18-May-10,300mg,Tablet,Yes,9736.1,From RDC,"Zidovudine 300mg, tablets, 60 Tabs",163.58,10076,75872.28,PMO - US,"Aurobindo Unit III, India",Zidovudine,7.53,N/A - From RDC,SO-36112,FPQ-4537,11-06-09,ARV,151-NG-T30,31-May-10,Air Charter,Adult,60,0.13,SCMS from RDC,N/A - From RDC,553
78096,ASN-16495,Hexagon,Cameroon,04-Oct-12,04-Oct-12,MIssing,Test kit,Yes,Invoiced Separately,Direct Drop,"HIV 1/2, HEXAGON Rapid HIV Kit, 100 Tests",4.69,30,3347.4,PMO - US,Human Diagnostic,"HIV 1/2, HEXAGON Rapid HIV Kit",111.58,7/16/12,SCMS-151610,FPQ-10128,6/22/12,HRDT,103-CM-T30,04-Oct-12,Air,HIV test,100,1.12,HUMAN GMBH,EXW,Weight Captured Separately
11833,DN-489,Aluvia,Uganda,15-Jan-08,15-Jan-08,200/50mg,Tablet,No,See DN-489 (ID#:11516),From RDC,"Lopinavir/Ritonavir 200/50mg [Aluvia], tablets, 120 Tabs",11.84,180,7398.0,PMO - US,ABBVIE Ludwigshafen Germany,Lopinavir/Ritonavir,41.1,N/A - From RDC,SO-1302,Pre-PQ Process,Pre-PQ Process,ARV,114-UG-T01,15-Jan-08,Air,Adult,120,0.34,SCMS from RDC,N/A - From RDC,See DN-489 (ID#:11516)
84974,DN-3909,Generic,"Congo, DRC",27-Nov-14,23-Dec-14,300mg,Tablet,Yes,3028.36,From RDC,"Zidovudine 300mg, tablets, 60 Tabs",14.83,2651,14421.44,PMO - US,"Aurobindo Unit III, India",Zidovudine,5.44,N/A - From RDC,SO-48853,FPQ-14252,05-07-14,ARV,101-CD-T30,27-Nov-14,Air,Adult,60,0.09,SCMS from RDC,N/A - From RDC,155
12912,DN-1425,Generic,Uganda,07-Oct-09,07-Oct-09,600mg,Tablet,Yes,4031.3,From RDC,"Efavirenz 600mg, tablets, 30 Tabs",395.07,29426,201568.1,PMO - US,"Aurobindo Unit III, India",Efavirenz,6.85,N/A - From RDC,SO-32940,Pre-PQ Process,Date Not Captured,ARV,114-UG-T01,07-Oct-09,Air,Adult,30,0.23,SCMS from RDC,N/A - From RDC,2529
83957,DN-1500,Generic,Zimbabwe,09-Nov-09,09-Nov-09,150/30mg,Tablet - FDC,No,See DN-1500 (ID#:82274),From RDC,"Lamivudine/Stavudine 150/30mg, tablets, 60 Tabs",31.36,4000,16000.0,PMO - US,"Cipla, Goa, India",Lamivudine/Stavudine,4.0,N/A - From RDC,SO-27190,FPQ-4472,3/17/09,ARV,113-ZW-T30,15-Nov-09,Truck,Adult,60,0.07,SCMS from RDC,N/A - From RDC,See DN-1500 (ID#:82274)
43905,ASN-24418,Uni-Gold,Nigeria,19-Mar-14,19-Mar-14,MIssing,Test kit,Yes,70509.14,Direct Drop,"HIV 1/2, Uni-Gold HIV Kit, 20 Tests",959.91,24250,776000.0,PMO - US,"Trinity Biotech, Plc","HIV 1/2, Uni-Gold HIV Kit",32.0,10/18/13,SCMS-210331,FPQ-12812,8/13/13,HRDT,133-NG-T30,19-Mar-14,Air,HIV test,20,1.6,"Trinity Biotech, Plc",EXW,7080
28534,ASN-4789,Atripla,CÃte dIvoire,30-Sep-09,30-Sep-09,600/200/300mg,Tablet - FDC,Yes,Freight Included in Commodity Cost,Direct Drop,"Efavirenz/Emtricitabine/Tenofovir Disoproxil Fumarate 600/200/300mg [Atripla], tablets, 30 Tabs",604.56,6120,308448.0,PMO - US,"MSD, Haarlem, NL",Efavirenz/Emtricitabine/Tenofovir Disoproxil Fumarate,50.4,6/29/09,SCMS-48250,FPQ-3835,6/15/09,ARV,104-CI-T30,30-Sep-09,Air,Adult,30,1.68,MERCK SHARP & DOHME IDEA GMBH (FORMALLY MERCK SHARP & DOHME B.V.),CIP,Weight Captured Separately
10390,ASN-4285,Invirase,South Africa,21-Apr-09,21-Apr-09,200mg,Capsule,No,Freight Included in Commodity Cost,Direct Drop,"Saquinavir 200mg [Invirase], capsules, 270 Caps",3.86,30,1970.4,PMO - US,Roche Basel,Saquinavir,65.68,04-02-09,SCMS-47380,Pre-PQ Process,Pre-PQ Process,ARV,116-ZA-T01,15-May-09,Truck,Adult,270,0.24,S. BUYS WHOLESALER,DDP,Weight Captured Separately
17129,ASN-21817,Generic,Vietnam,23-Oct-13,24-Oct-13,600/300/300mg,Tablet - FDC,Yes,14402.92,Direct Drop,"Efavirenz/Lamivudine/Tenofovir Disoproxil Fumarate 600/300/300mg, tablets, 30 Tabs",1193.9,84000,965160.0,PMO - US,Mylan (formerly Matrix) Nashik,Efavirenz/Lamivudine/Tenofovir Disoproxil Fumarate,11.49,05-10-13,SCMS-188500,FPQ-12187,05-03-13,ARV,108-VN-T30,23-Oct-13,Air,Adult,30,0.38,MYLAN LABORATORIES LTD (FORMERLY MATRIX LABORATORIES),EXW,9479
46688,ASN-28034,Generic,South Africa,29-Aug-14,29-Aug-14,200mg,Tablet,No,Freight Included in Commodity Cost,Direct Drop,"Nevirapine 200mg, tablets, 60 Tabs",2.13,88,1722.87,PMO - US,"Aurobindo Unit III, India",Nevirapine,19.58,8/29/14,SCMS-199289,FPQ-12522,07-11-13,ARV,116-ZA-T30,29-Aug-14,Truck,Adult,60,0.33,S. BUYS WHOLESALER,DDP,Weight Captured Separately
84140,DN-2518,Generic,Mozambique,08-Mar-12,08-Mar-12,150/300/200mg,Tablet - FDC,No,See DN-2518 (ID#:83009),From RDC,"Lamivudine/Nevirapine/Zidovudine 150/200/300mg, tablets, 60 Tabs",1851.3,100000,1122000.0,PMO - US,"Aurobindo Unit VII, IN",Lamivudine/Nevirapine/Zidovudine,11.22,N/A - From RDC,SO-40360,FPQ-8157,08-04-11,ARV,111-MZ-T30,30-Mar-12,Truck,Adult,60,0.19,SCMS from RDC,N/A - From RDC,See DN-2518 (ID#:83009)
6595,ASN-25,Determine,Zambia,28-Aug-06,28-Aug-06,MIssing,Test kit,Yes,1187.19,Direct Drop,"HIV 1/2, Determine Complete HIV Kit, 100 Tests",MIssing,500,40000.0,PMO - US,ABBVIE GmbH & Co.KG Wiesbaden,"HIV 1/2, Determine Complete HIV Kit",80.0,Date Not Captured,SCMS-38,Pre-PQ Process,Pre-PQ Process,HRDT,110-ZM-T01,28-Aug-06,Air,HIV test,100,0.8,Abbott GmbH & Co. KG,FCA,171
82565,DN-3098,Generic,"Congo, DRC",27-Nov-13,22-Jan-14,300mg,Tablet,Yes,2030.96,From RDC,"Zidovudine 300mg, tablets, 60 Tabs",53.2,6362,43007.12,PMO - US,"Aurobindo Unit III, India",Zidovudine,6.76,N/A - From RDC,SO-43690,FPQ-11054,11/16/12,ARV,101-CD-T30,27-Nov-13,Air,Adult,60,0.11,SCMS from RDC,N/A - From RDC,315
85353,DN-3118,Generic,Burundi,23-May-13,23-May-13,200mg,Tablet,No,See DN-3118 (ID#:82569),From RDC,"Nevirapine 200mg, tablets, 60 Tabs",1.26,450,1017.0,PMO - US,Hetero Unit III Hyderabad IN,Nevirapine,2.26,N/A - From RDC,SO-44670,FPQ-11661,2/20/13,ARV,102-BI-T30,31-May-13,Air,Adult,60,0.04,SCMS from RDC,N/A - From RDC,See DN-3118 (ID#:82569)
54529,ASN-29764,Generic,South Africa,10-Dec-14,10-Dec-14,200mg,Capsule,No,Freight Included in Commodity Cost,Direct Drop,"Efavirenz 200mg, capsule, 90 Caps",1.89,77,1608.43,PMO - US,"Aurobindo Unit III, India",Efavirenz,20.89,12-10-14,SCMS-267020,FPQ-15269,10/29/14,ARV,116-ZA-T30,10-Dec-14,Truck,Pediatric,90,0.23,S. BUYS WHOLESALER,DDP,Weight Captured Separately
17800,ASN-19068,Kaletra,Haiti,04-Jun-13,04-Jun-13,80/20mg/ml,Oral solution,Yes,2419.33,Direct Drop,"Lopinavir/Ritonavir 80/20mg/ml [Kaletra], oral solution, cool, Bottle 5 x 60 ml",3.81,100,3082.0,PMO - US,ABBVIE (Abbott) Logis. UK,Lopinavir/Ritonavir,30.82,02-05-13,SCMS-176290,FPQ-11286,1/16/13,ARV,106-HT-T30,04-Jun-13,Air,Pediatric,300,0.1,ABBVIE LOGISTICS (FORMERLY ABBOTT LOGISTICS BV),FCA,164
63273,ASN-17465,Determine,Tanzania,31-Dec-12,31-Dec-12,MIssing,Test kit,Yes,22067.21,Direct Drop,"HIV 1/2, Determine Complete HIV Kit, 100 Tests",307.77,2744,219520.0,PMO - US,"Alere Medical Co., Ltd.","HIV 1/2, Determine Complete HIV Kit",80.0,10-04-12,SCMS-161830,FPQ-10619,9/13/12,HRDT,109-TZ-T30,31-Dec-12,Air,HIV test,100,0.8,"Orgenics, Ltd",EXW,1186
10764,DN-1215,Generic,Mozambique,28-Jun-09,28-Jun-09,150/200/30mg,Tablet - FDC,Yes,3599.76,From RDC,"Lamivudine/Nevirapine/Stavudine 150/200/30mg, tablets, 60 Tabs",668.8,47392,341222.4,PMO - US,"Cipla, Goa, India",Lamivudine/Nevirapine/Stavudine,7.2,N/A - From RDC,SO-28550,Pre-PQ Process,Pre-PQ Process,ARV,111-MZ-T01,28-Jun-09,Air,Adult,60,0.12,SCMS from RDC,N/A - From RDC,7113
85727,DN-2065,Generic,Dominican Republic,08-Dec-10,08-Dec-10,300mg,Tablet,No,See DN-2065 (ID#:82360),From RDC,"Tenofovir Disoproxil Fumarate 300mg, tablets, 30 Tabs",30.33,2615,18383.45,PMO - US,Mylan (formerly Matrix) Nashik,Tenofovir Disoproxil Fumarate,7.03,N/A - From RDC,SO-38020,FPQ-6616,10/25/10,ARV,200-DO-T30,31-Jan-11,Air,Adult,30,0.23,SCMS from RDC,N/A - From RDC,See DN-2065 (ID#:82360)
86287,DN-1708,Generic,Nigeria,31-Mar-10,31-Mar-10,200mg,Capsule,Yes,Freight Included in Commodity Cost,From RDC,"Efavirenz 200mg, capsule, 90 Caps",21.71,1000,10070.0,PMO - US,"Aurobindo Unit III, India",Efavirenz,10.07,N/A - From RDC,SO-34900,FPQ-4537,11-06-09,ARV,151-NG-T30,31-Mar-10,Air Charter,Pediatric,90,0.11,SCMS from RDC,N/A - From RDC,119
11586,DN-953,Generic,Namibia,30-Oct-08,30-Oct-08,60/100/12mg,Chewable/dispersible tablet - FDC,No,See DN-953 (ID#:11585),From RDC,"Lamivudine/Nevirapine/Stavudine 60/100/12mg, dispersible tablets, 60 Tabs",32.03,3600,16344.0,PMO - US,"Cipla, Goa, India",Lamivudine/Nevirapine/Stavudine,4.54,N/A - From RDC,SO-15510,Pre-PQ Process,Pre-PQ Process,ARV,119-NA-T01,30-Oct-08,Truck,Pediatric,60,0.08,SCMS from RDC,N/A - From RDC,See DN-953 (ID#:11585)
25423,ASN-14880,Prezista,Uganda,18-May-12,18-May-12,300mg,Tablet,Yes,548.2,Direct Drop,"Darunavir 300mg [Prezista], tablets, 120 Tabs",5.88,63,4195.8,PMO - US,"Aspen-OSD, Port Elizabeth, SA",Darunavir,66.6,4/17/12,SCMS-143490,FPQ-9365,3/15/12,ARV,114-UG-T30,18-May-12,Air,Adult,120,0.55,ASPEN PHARMACARE,DDP,57
83515,DN-2287,Generic,Uganda,14-Jul-11,14-Jul-11,300/300mg,Tablet - FDC,Yes,19673.48,From RDC,"Lamivudine/Tenofovir Disoproxil Fumarate 300/300mg, tablets, 30 Tabs",436.59,30000,264600.0,PMO - US,Mylan (formerly Matrix) Nashik,Lamivudine/Tenofovir Disoproxil Fumarate,8.82,N/A - From RDC,SO-39970,FPQ-7162,2/14/11,ARV,114-UG-T30,30-Jun-11,Truck,Adult,30,0.29,SCMS from RDC,N/A - From RDC,2641
2447,ASN-4362,Stocrin/Sustiva,South Africa,17-Apr-09,17-Apr-09,200mg,Capsule,Yes,Freight Included in Commodity Cost,Direct Drop,"Efavirenz 200mg [Stocrin/Sustiva], capsule, 90 Caps",315.36,5000,160900.0,PMO - US,"MSD Midrand, Jburg, SA",Efavirenz,32.18,3/18/09,SCMS-41450,Pre-PQ Process,Pre-PQ Process,ARV,116-ZA-T01,17-Apr-09,Truck,Pediatric,90,0.36,S. BUYS WHOLESALER,DDP,Weight Captured Separately
34319,ASN-29932,Determine,Nigeria,19-Jan-15,22-Jan-15,MIssing,Test kit,Yes,16002.97,Direct Drop,"HIV 1/2, Determine Complete HIV Kit, 100 Tests",290.58,3176,282664.0,PMO - US,"Alere Medical Co., Ltd.","HIV 1/2, Determine Complete HIV Kit",89.0,10/29/14,SCMS-260700,FPQ-14995,9/22/14,HRDT,133-NG-T30,19-Jan-15,Air,HIV test,100,0.89,"Orgenics, Ltd",EXW,1288
11571,DN-1008,Generic,Nigeria,17-Nov-08,17-Nov-08,150mg,Tablet,No,See DN-1008 (ID#:11570),From RDC,"Lamivudine 150mg, tablets, 60 Tabs",6.12,1077,3123.3,PMO - US,"Aurobindo Unit III, India",Lamivudine,2.9,N/A - From RDC,SO-2729,Pre-PQ Process,Pre-PQ Process,ARV,112-NG-T01,17-Nov-08,Air,Adult,60,0.05,SCMS from RDC,N/A - From RDC,See DN-1008 (ID#:11570)
59080,ASN-26465,Generic,Zambia,20-Jul-14,01-Aug-14,200mg,Tablet,Yes,20519.07,Direct Drop,"Nevirapine 200mg, tablets, 60 Tabs",90.51,39132,88047.0,PMO - US,"Aurobindo Unit III, India",Nevirapine,2.25,5/21/14,SCMS-240080,FPQ-14151,4/30/14,ARV,110-ZM-T30,20-Jul-14,Air,Adult,60,0.04,Aurobindo Pharma Limited,EXW,3978
62521,ASN-5864,Generic,CÃte dIvoire,05-Feb-10,05-Feb-10,300/150/300mg,Tablet - FDC,Yes,4022.89,Direct Drop,"Abacavir/Lamivudine/Zidovudine 300/150/300mg, tablets, 60 Tabs",168.59,2688,86016.0,PMO - US,Mylan (formerly Matrix) Nashik,Abacavir/Lamivudine/Zidovudine,32.0,9/14/09,SCMS-52660,FPQ-3967,8/21/09,ARV,104-CI-T30,05-Feb-10,Air,Adult,60,0.53,MYLAN LABORATORIES LTD (FORMERLY MATRIX LABORATORIES),EXW,421
86323,DN-1970,Generic,Nigeria,17-Aug-10,17-Aug-10,200/300mg,Tablet - FDC,Yes,6147.18,From RDC,"Emtricitabine/Tenofovir Disoproxil Fumarate 200/300mg, tablets, 30 Tabs",253.33,10000,117500.0,PMO - US,Mylan (formerly Matrix) Nashik,Emtricitabine/Tenofovir Disoproxil Fumarate,11.75,N/A - From RDC,SO-36912,FPQ-5688,5/27/10,ARV,151-NG-T30,31-Aug-10,Air Charter,Adult,30,0.39,SCMS from RDC,N/A - From RDC,900
82419,DN-2425,Generic,Mozambique,14-Dec-11,14-Dec-11,150/300/200mg,Tablet - FDC,Yes,11291.75,From RDC,"Lamivudine/Nevirapine/Zidovudine 150/200/300mg, tablets, 60 Tabs",1986.91,107325,1204186.5,PMO - US,"Aurobindo Unit VII, IN",Lamivudine/Nevirapine/Zidovudine,11.22,N/A - From RDC,SO-40320,FPQ-8157,08-04-11,ARV,111-MZ-T30,14-Dec-11,Truck,Adult,60,0.19,SCMS from RDC,N/A - From RDC,12669
83577,DN-2595,Generic,Burundi,09-Apr-12,09-Apr-12,10mg/ml,Oral solution,Yes,5320.13,From RDC,"Zidovudine 10mg/ml, oral solution w/syringe, Bottle, 240 ml",0.53,180,378.0,PMO - US,"Aurobindo Unit III, India",Zidovudine,2.1,N/A - From RDC,SO-41540,FPQ-9229,1/25/12,ARV,102-BI-T30,26-Apr-12,Air,Pediatric,240,0.01,SCMS from RDC,N/A - From RDC,327
29925,ASN-20238,Determine,Uganda,11-Jul-13,11-Jul-13,MIssing,Test kit,Yes,16337.03,Direct Drop,"HIV 1/2, Determine Complete HIV Kit, 100 Tests",275.9,2788,223040.0,PMO - US,"Alere Medical Co., Ltd.","HIV 1/2, Determine Complete HIV Kit",80.0,05-09-13,SCMS-188330,FPQ-12154,4/23/13,HRDT,114-UG-T30,11-Jul-13,Air,HIV test,100,0.8,"Orgenics, Ltd",EXW,1215
46848,ASN-17673,Generic,Vietnam,04-Feb-13,04-Feb-13,200mg,Capsule,No,See ASN-17673 (ID#:36978),Direct Drop,"Efavirenz 200mg, capsule, 90 Caps",1.85,298,1317.16,PMO - US,"Micro labs, Verna, Goa, India",Efavirenz,4.42,8/15/12,SCMS-156250,FPQ-10286,7/25/12,ARV,108-VN-T30,04-Feb-13,Air,Pediatric,90,0.05,MICRO LABS LIMITED,EXW,See ASN-17673 (ID#:36978)
42187,ASN-7079,Generic,South Africa,11-Jun-10,11-Jun-10,200mg,Tablet,Yes,6369.79,Direct Drop,"Nevirapine 200mg, tablets, 60 Tabs",256.55,40751,118992.92,PMO - US,"Aurobindo Unit III, India",Nevirapine,2.92,3/19/10,SCMS-68950,FPQ-5303,3/18/10,ARV,161-ZA-T30,09-Jun-10,Air,Adult,60,0.05,Aurobindo Pharma Limited,DDP,4806
83813,DN-3892,Generic,Ethiopia,29-Aug-14,04-Nov-14,60/30mg,Chewable/dispersible tablet - FDC,Yes,792.12,From RDC,"Abacavir/Lamivudine 60/30mg, dispersible tablets, 60 Tabs",2.48,429,2415.27,PMO - US,"Cipla, Patalganga, India",Abacavir/Lamivudine,5.63,N/A - From RDC,SO-49240,FPQ-14544,6/30/14,ARV,117-ET-T30,15-Sep-14,Air,Pediatric,60,0.09,SCMS from RDC,N/A - From RDC,39
83003,DN-2498,Generic,"Congo, DRC",14-Feb-12,14-Feb-12,600mg,Tablet,No,See DN-2498 (ID#:83002),From RDC,"Efavirenz 600mg, tablets, 30 Tabs",0.06,10,41.2,PMO - US,"Strides, Bangalore, India.",Efavirenz,4.12,N/A - From RDC,SO-41136,FPQ-8840,11/21/11,ARV,101-CD-T30,16-Mar-12,Air,Adult,30,0.14,SCMS from RDC,N/A - From RDC,See DN-2498 (ID#:83002)
11306,DN-1079,Generic,Nigeria,16-Feb-09,16-Feb-09,600mg,Tablet,Yes,3680.33,From RDC,"Efavirenz 600mg, tablets, 30 Tabs",47.39,2063,24178.36,PMO - US,"Aurobindo Unit III, India",Efavirenz,11.72,N/A - From RDC,SO-13470,Pre-PQ Process,Pre-PQ Process,ARV,112-NG-T01,16-Feb-09,Air,Adult,30,0.39,SCMS from RDC,N/A - From RDC,176
83906,DN-4210,Generic,Burundi,22-Apr-15,23-Apr-15,600/300/300mg,Tablet - FDC,Yes,7564.47,From RDC,"Efavirenz/Lamivudine/Tenofovir Disoproxil Fumarate 600/300/300mg, tablets, 30 Tabs",92.54,8190,78624.0,PMO - US,Mylan (formerly Matrix) Nashik,Efavirenz/Lamivudine/Tenofovir Disoproxil Fumarate,9.6,N/A - From RDC,SO-50290,FPQ-15406,11/19/14,ARV,102-BI-T30,30-Jun-15,Air,Adult,30,0.32,SCMS from RDC,N/A - From RDC,1208
37650,ASN-10818,Kaletra,Zimbabwe,12-Jul-11,12-Jul-11,80/20mg/ml,Oral solution,Yes,22837.98,Direct Drop,"Lopinavir/Ritonavir 80/20mg/ml [Kaletra], oral solution, cool, Bottle 5 x 60 ml",84.43,1083,39161.28,PMO - US,ABBVIE (Abbott) Logis. UK,Lopinavir/Ritonavir,36.16,11-10-10,SCMS-90650,FPQ-6488,10/26/10,ARV,200-ZW-T30,12-Jul-11,Air,Pediatric,300,0.12,ABBVIE LOGISTICS (FORMERLY ABBOTT LOGISTICS BV),FCA,1257
16967,ASN-23182,Norvir,Vietnam,08-Jan-14,08-Jan-14,100mg,Tablet,Yes,5265.22,Direct Drop,"Ritonavir 100mg [Norvir], film coated tablets, 30 Tabs",9.18,319,7419.94,PMO - US,ABBVIE Ludwigshafen Germany,Ritonavir,23.26,7/30/13,SCMS-199710,FPQ-12539,07-11-13,ARV,108-VN-T30,08-Jan-14,Air,Adult,30,0.78,ABBVIE LOGISTICS (FORMERLY ABBOTT LOGISTICS BV),FCA,1736
13555,ASN-29768,Generic,Vietnam,05-Feb-15,05-Feb-15,150/300/200mg,Tablet - FDC,Yes,2504.64,Direct Drop,"Lamivudine/Nevirapine/Zidovudine 150/200/300mg, tablets, 60 Tabs",108.25,13000,105300.0,PMO - US,Mylan (formerly Matrix) Nashik,Lamivudine/Nevirapine/Zidovudine,8.1,08-08-14,SCMS-249040,FPQ-14516,07-09-14,ARV,108-VN-T30,05-Feb-15,Air,Adult,60,0.13,MYLAN LABORATORIES LTD (FORMERLY MATRIX LABORATORIES),EXW,2672
84774,DN-2945,Generic,Nigeria,04-Dec-12,04-Dec-12,300/300mg,Tablet - FDC,No,See DN-2945 (ID#:82533),From RDC,"Lamivudine/Tenofovir Disoproxil Fumarate 300/300mg, tablets, 30 Tabs",1126.85,149952,803742.72,PMO - US,Hetero Unit III Hyderabad IN,Lamivudine/Tenofovir Disoproxil Fumarate,5.36,N/A - From RDC,SO-43434,FPQ-9968,5/23/12,ARV,151-NG-T30,30-Nov-12,Air,Adult,30,0.18,SCMS from RDC,N/A - From RDC,See DN-2945 (ID#:82533)
67597,ASN-32231,Determine,"Congo, DRC",23-Jul-15,29-Jul-15,MIssing,Test kit,No,See ASN-32231 (ID#:13648),Direct Drop,"HIV 1/2, Determine Complete HIV Kit, 100 Tests",24.76,263,21040.0,PMO - US,"Alere Medical Co., Ltd.","HIV 1/2, Determine Complete HIV Kit",80.0,3/17/15,SCMS-280220,FPQ-16001,03-10-15,HRDT,101-CD-T30,23-Jul-15,Air,HIV test,100,0.8,"Orgenics, Ltd",EXW,See ASN-32231 (ID#:13648)
85306,DN-2859,Generic,Rwanda,18-Oct-12,18-Oct-12,300/300mg,Tablet - FDC,No,See DN-2859 (ID#:82512),From RDC,"Lamivudine/Tenofovir Disoproxil Fumarate 300/300mg, tablets, 30 Tabs",89.26,11492,63665.68,PMO - US,"Cipla, Kurkumbh, India",Lamivudine/Tenofovir Disoproxil Fumarate,5.54,N/A - From RDC,SO-42100,FPQ-9888,05-11-12,ARV,107-RW-T30,19-Oct-12,Air,Adult,30,0.18,SCMS from RDC,N/A - From RDC,See DN-2859 (ID#:82512)
11147,DN-250,LAV,CÃte dIvoire,27-Jul-07,27-Jul-07,MIssing,Test kit,Yes,1607,From RDC,"HIV 2, New LAV Blot 2 HIV Kit, 18 Tests",5.92,12,3698.04,PMO - US,Bio-Rad Laboratories,"HIV 2, New LAV Blot 2 HIV Kit",308.17,N/A - From RDC,SO-529,Pre-PQ Process,Pre-PQ Process,HRDT,104-CI-T01,27-Jul-07,MIssing,HIV test,18,17.12,SCMS from RDC,N/A - From RDC,46
4368,ASN-2204,Generic,Vietnam,12-Aug-08,12-Aug-08,150/200/30mg,Tablet - FDC,Yes,7526.06,Direct Drop,"Lamivudine/Nevirapine/Stavudine 150/200/30mg, tablets, 60 Tabs",123.37,10420,77108.0,PMO - US,"Cipla, Goa, India",Lamivudine/Nevirapine/Stavudine,7.4,3/31/08,SCMS-20390,Pre-PQ Process,Pre-PQ Process,ARV,108-VN-T01,12-Aug-08,Air,Adult,60,0.12,CIPLA LIMITED,EXW,1000
82896,DN-1879,Generic,CÃte dIvoire,05-Jul-10,05-Jul-10,200mg,Tablet,Yes,5121.68,From RDC,"Nevirapine 200mg, tablets, 60 Tabs",70.63,12000,32760.0,PMO - US,"Strides, Bangalore, India.",Nevirapine,2.73,N/A - From RDC,SO-36360,FPQ-5201,03-03-10,ARV,104-CI-T30,09-Jul-10,Air,Adult,60,0.05,SCMS from RDC,N/A - From RDC,733
12411,DN-323,Generic,CÃte dIvoire,14-Sep-07,14-Sep-07,100mg,Chewable/dispersible tablet,No,See DN-323 (ID#:10588),From RDC,"Didanosine 100mg, chewable/dispersible tablets, 60 Tabs",21.03,1696,13144.0,PMO - US,"Aurobindo Unit III, India",Didanosine,7.75,N/A - From RDC,SO-963,Pre-PQ Process,Pre-PQ Process,ARV,104-CI-T01,14-Sep-07,MIssing,Pediatric,60,0.13,SCMS from RDC,N/A - From RDC,See DN-323 (ID#:10588)
61696,ASN-7487,Generic,Vietnam,03-Aug-10,03-Aug-10,200mg,Tablet,No,See ASN-7487 (ID#:48120),Direct Drop,"Nevirapine 200mg, tablets, 60 Tabs",61.3,10935,28431.0,PMO - US,"Strides, Bangalore, India.",Nevirapine,2.6,3/29/10,SCMS-69530,FPQ-5317,3/22/10,ARV,108-VN-T30,03-Aug-10,Air,Adult,60,0.04,STRIDES ARCOLAB LIMITED,EXW,See ASN-7487 (ID#:48120)
50971,ASN-14952,Generic,Haiti,12-Jun-12,12-Jun-12,30/6mg,Chewable/dispersible tablet - FDC,Yes,304.63,Direct Drop,"Lamivudine/Stavudine 30/6mg, dispersible tablets, 60 Tabs",1.09,408,775.2,PMO - US,"Cipla, Goa, India",Lamivudine/Stavudine,1.9,2/24/12,SCMS-138620,FPQ-9066,01-06-12,ARV,106-HT-T30,12-Jun-12,Air,Pediatric,60,0.03,CIPLA LIMITED,EXW,26
77751,ASN-26903,Generic,South Sudan,29-Sep-14,03-Oct-14,50mg,Chewable/dispersible tablet,Yes,1960.89,Direct Drop,"Nevirapine 50mg, dispersible tablets (tablets for oral suspension), 30 Tabs",3.26,2538,3172.5,PMO - US,"Aurobindo Unit III, India",Nevirapine,1.25,6/19/14,SCMS-244550,FPQ-14411,06-09-14,ARV,103-SS-T30,29-Sep-14,Air,Pediatric,30,0.04,Aurobindo Pharma Limited,EXW,165
86350,DN-2052,Generic,Mozambique,07-Jan-11,07-Jan-11,150/300/200mg,Tablet - FDC,Yes,12239.88,From RDC,"Lamivudine/Nevirapine/Zidovudine 150/200/300mg, tablets, 60 Tabs",2905.23,120099,1347510.78,PMO - US,"Aurobindo Unit III, India",Lamivudine/Nevirapine/Zidovudine,11.22,N/A - From RDC,SO-37520,FPQ-5126,2/18/10,ARV,111-MZ-T30,14-Dec-10,Truck,Adult,60,0.19,SCMS from RDC,N/A - From RDC,16015
38417,ASN-27471,Determine,Nigeria,27-Aug-14,04-Sep-14,MIssing,Test kit,Yes,34730.62,Direct Drop,"HIV 1/2, Determine Complete HIV Kit, 100 Tests",538.34,5884,523676.0,PMO - US,"Alere Medical Co., Ltd.","HIV 1/2, Determine Complete HIV Kit",89.0,06-02-14,SCMS-240830,FPQ-14305,5/16/14,HRDT,133-NG-T30,19-Aug-14,Air,HIV test,100,0.89,"Orgenics, Ltd",EXW,3435
78397,ASN-28398,Generic,Namibia,13-Oct-14,13-Oct-14,600mg,Tablet,Yes,8683.99,Direct Drop,"Efavirenz 600mg, tablets, 30 Tabs",75.74,21050,73675.0,PMO - US,"Hetero, Jadcherla, unit 5, IN",Efavirenz,3.5,8/29/14,SCMS-253430,FPQ-14689,7/30/14,ARV,901-NA-T30,13-Oct-14,Air,Adult,30,0.12,HETERO LABS LIMITED,EXW,1812
84749,DN-2822,Generic,Tanzania,26-Oct-12,26-Oct-12,600mg,Tablet,Yes,21567.19,From RDC,"Efavirenz 600mg, tablets, 30 Tabs",480.75,90000,342900.0,PMO - US,"Aurobindo Unit III, India",Efavirenz,3.81,N/A - From RDC,SO-43011,FPQ-10391,7/26/12,ARV,900-TZ-T30,26-Oct-12,Air,Adult,30,0.13,SCMS from RDC,N/A - From RDC,7867
2741,ASN-587,Stat-Pak,Nigeria,03-Aug-07,03-Aug-07,MIssing,Test kit,Yes,43664.71,Direct Drop,"HIV 1/2, Stat-Pak HIV, Kit, 20 Tests",496.8,11500,310500.0,PMO - US,Chembio Diagnostics Sys. Inc.,"HIV 1/2, Stat-Pak HIV, Kit",27.0,06-08-07,SCMS-687,Pre-PQ Process,Pre-PQ Process,HRDT,102-NG-T01,10-Jul-07,Air,HIV test,20,1.35,"CHEMBIO DIAGNOSTIC SYSTEMS, INC.",EXW,3276
42858,ASN-6489,Generic,Rwanda,15-Apr-10,15-Apr-10,300mg,Tablet,No,See ASN-6489 (ID#:23365),Direct Drop,"Abacavir 300mg, tablets, 60 Tabs",482.3,12730,246070.9,PMO - US,"Aurobindo Unit III, India",Abacavir,19.33,07-07-09,SCMS-48872,FPQ-3859,6/30/09,ARV,107-RW-T30,15-Apr-10,Air,Adult,60,0.32,Aurobindo Pharma Limited,CIP,See ASN-6489 (ID#:23365)
83672,DN-3101,Generic,Tanzania,14-May-13,14-May-13,200/50mg,Tablet,Yes,3592.8,From RDC,"Lopinavir/Ritonavir 200/50mg, tablets, 120 Tabs",393.17,12837,317844.12,PMO - US,"Aurobindo Unit III, India",Lopinavir/Ritonavir,24.76,N/A - From RDC,SO-44381,FPQ-11393,12/30/12,ARV,109-TZ-T30,31-May-13,Truck,Adult,120,0.21,SCMS from RDC,N/A - From RDC,4613
86652,DN-3518,Generic,Rwanda,03-Feb-14,24-Feb-14,600/300/300mg,Tablet - FDC,Yes,13380.52,From RDC,"Efavirenz/Lamivudine/Tenofovir Disoproxil Fumarate 600/300/300mg, tablets, 30 Tabs",1605.07,119370,1297551.9,PMO - US,Mylan (formerly Matrix) Nashik,Efavirenz/Lamivudine/Tenofovir Disoproxil Fumarate,10.87,N/A - From RDC,SO-45380,FPQ-12190,05-06-13,ARV,107-RW-T30,31-Jan-14,Truck,Adult,30,0.36,SCMS from RDC,N/A - From RDC,13429
28825,ASN-4860,Generic,Rwanda,08-Sep-09,08-Sep-09,200mg,Tablet,Yes,3891.2,Direct Drop,"Nevirapine 200mg, tablets, 60 Tabs",72.68,12000,37080.0,PMO - US,Hetero Unit III Hyderabad IN,Nevirapine,3.09,7/16/09,SCMS-48851,FPQ-3859,6/30/09,ARV,107-RW-T30,08-Sep-09,Air,Adult,60,0.05,HETERO LABS LIMITED,CIP,708
82640,DN-3497,Generic,Rwanda,03-Feb-14,24-Feb-14,300/300mg,Tablet - FDC,Yes,7708.3,From RDC,"Lamivudine/Tenofovir Disoproxil Fumarate 300/300mg, tablets, 30 Tabs",174.38,29993,140967.1,PMO - US,"Aurobindo Unit VII, IN",Lamivudine/Tenofovir Disoproxil Fumarate,4.7,N/A - From RDC,SO-46483,FPQ-12766,08-02-13,ARV,107-RW-T30,31-Jan-14,Truck,Adult,30,0.16,SCMS from RDC,N/A - From RDC,4883
11520,DN-517,Viread,Ethiopia,14-Dec-07,14-Dec-07,300mg,Tablet,Yes,755.5,From RDC,"Tenofovir Disoproxil Fumarate 300mg [Viread], tablets, 30 Tabs",14.55,535,9095.0,PMO - US,Gilead(Nycomed) Oranienburg DE,Tenofovir Disoproxil Fumarate,17.0,N/A - From RDC,SO-1512,Pre-PQ Process,Pre-PQ Process,ARV,117-ET-T01,14-Dec-07,Air,Adult,30,0.57,SCMS from RDC,N/A - From RDC,33
86155,DN-4060,Generic,Uganda,16-Jan-15,19-Jan-15,600/300/300mg,Tablet - FDC,Yes,Invoiced Separately,From RDC,"Efavirenz/Lamivudine/Tenofovir Disoproxil Fumarate 600/300/300mg, tablets, 30 Tabs",976.44,85000,829600.0,PMO - US,Mylan (formerly Matrix) Nashik,Efavirenz/Lamivudine/Tenofovir Disoproxil Fumarate,9.76,N/A - From RDC,SO-50091,FPQ-15294,11-03-14,ARV,114-UG-T30,30-Jan-15,Truck,Adult,30,0.33,SCMS from RDC,N/A - From RDC,Weight Captured Separately
11689,DN-1468,Generic,Uganda,12-Oct-09,12-Oct-09,150/300/200mg,Tablet - FDC,Yes,749.25,From RDC,"Lamivudine/Nevirapine/Zidovudine 150/200/300mg, tablets, 60 Tabs",7.79,350,3972.5,PMO - US,"Aurobindo Unit III, India",Lamivudine/Nevirapine/Zidovudine,11.35,N/A - From RDC,SO-33000,Pre-PQ Process,Date Not Captured,ARV,114-UG-T01,12-Oct-09,Air,Adult,60,0.19,SCMS from RDC,N/A - From RDC,45
34184,ASN-10617,Norvir,Vietnam,10-May-11,10-May-11,100mg,Capsule,Yes,7300.68,Direct Drop,"Ritonavir 100mg [Norvir], capsules, cool, 4 x 84 Caps",12.27,36,7434.36,PMO - US,ABBVIE (Abbott) Logis. UK,Ritonavir,206.51,02-09-11,SCMS-98170,FPQ-6818,1/17/11,ARV,108-VN-T30,10-May-11,Air,Adult,336,0.61,ABBVIE LOGISTICS (FORMERLY ABBOTT LOGISTICS BV),FCA,111
74602,ASN-9171,Generic,South Africa,14-Feb-11,14-Feb-11,200mg,Tablet,Yes,23721.9,Direct Drop,"Nevirapine 200mg, tablets, 60 Tabs",950.41,158000,440820.0,PMO - US,"Cipla, Goa, India",Nevirapine,2.79,9/28/10,SCMS-83910,FPQ-6262,8/31/10,ARV,161-ZA-T30,14-Feb-11,Ocean,Adult,60,0.05,CIPLA LIMITED,DDP,16768
65111,ASN-22978,Kaletra,Guyana,03-Mar-14,07-Mar-14,80/20mg/ml,Oral solution,Yes,926.13,Direct Drop,"Lopinavir/Ritonavir 80/20mg/ml [Kaletra], oral solution, cool, Bottle 5 x 60 ml",1.44,23,1398.86,PMO - US,ABBVIE (Abbott) Logis. UK,Lopinavir/Ritonavir,60.82,10/30/13,SCMS-211570,FPQ-13072,10-11-13,ARV,105-GY-T30,03-Mar-14,Air,Pediatric,300,0.2,ABBVIE LOGISTICS (FORMERLY ABBOTT LOGISTICS BV),FCA,53
9026,ASN-3610,Generic,South Africa,02-Feb-09,02-Feb-09,150mg,Tablet,No,Freight Included in Commodity Cost,Direct Drop,"Lamivudine 150mg, tablets, 60 Tabs",167.15,16000,85280.0,PMO - US,"Aurobindo Unit III, India",Lamivudine,5.33,Date Not Captured,SCMS-40880,Pre-PQ Process,Pre-PQ Process,ARV,116-ZA-T01,07-Jul-09,Air,Adult,60,0.09,S. BUYS WHOLESALER,DDP,Weight Captured Separately
532,ASN-2293,Videx EC,South Africa,08-May-08,08-May-08,250mg,Delayed-release capsules - blister,Yes,Freight Included in Commodity Cost,Direct Drop,"Didanosine EC 250mg [Videx EC], delayed-release capsules, Blister 3 x 10 Caps",3.05,100,1906.0,PMO - US,"BMS Meymac, France",Didanosine EC,19.06,Date Not Captured,SCMS-23500,Pre-PQ Process,Pre-PQ Process,ARV,116-ZA-T01,20-Aug-08,Truck,Adult,30,0.64,S. BUYS WHOLESALER,DDP,Weight Captured Separately
81854,ASN-9509,Generic,South Africa,09-Mar-11,09-Mar-11,150mg,Tablet,Yes,13677.69,Direct Drop,"Lamivudine 150mg, tablets, 60 Tabs",1131.15,212409,524650.23,PMO - US,"Strides, Bangalore, India.",Lamivudine,2.47,9/21/10,SCMS-84230,FPQ-6262,8/31/10,ARV,161-ZA-T30,14-Feb-11,Ocean,Adult,60,0.04,STRIDES ARCOLAB LIMITED,DDP,10302
10793,DN-1401,Generic,CÃte dIvoire,08-Sep-09,08-Sep-09,15mg,Capsule,Yes,9797.41,From RDC,"Stavudine 15mg, capsules, 60 Caps",3.58,1216,1824.0,PMO - US,"Aurobindo Unit III, India",Stavudine,1.5,N/A - From RDC,SO-32210,Pre-PQ Process,Date Not Captured,ARV,104-CI-T01,08-Sep-09,Air,Adult,60,0.02,SCMS from RDC,N/A - From RDC,3426
11880,DN-733,Generic,Haiti,26-May-08,26-May-08,150/300mg,Tablet - FDC,No,See DN-733 (ID#:10688),From RDC,"Lamivudine/Zidovudine 150/300mg, tablets, 60 Tabs",436.91,28896,273067.2,PMO - US,"Aurobindo Unit III, India",Lamivudine/Zidovudine,9.45,N/A - From RDC,SO-2059,Pre-PQ Process,Pre-PQ Process,ARV,106-HT-T01,26-May-08,Air,Adult,60,0.16,SCMS from RDC,N/A - From RDC,See DN-733 (ID#:10688)
57087,ASN-28239,Generic,Uganda,28-Oct-14,29-Oct-14,300/100mg,Tablet,Yes,2335.73,Direct Drop,"Atazanavir/Ritonavir 300/100mg, tablets, 30 Tabs",64.04,3115,62300.0,PMO - US,Mylan (formerly Matrix) Nashik,Atazanavir/Ritonavir,20.0,6/20/14,SCMS-244540,FPQ-14407,06-11-14,ARV,114-UG-T30,28-Oct-14,Air,Adult,30,0.67,MYLAN LABORATORIES LTD (FORMERLY MATRIX LABORATORIES),EXW,420
84652,DN-2237,Generic,Benin,09-Jun-11,09-Jun-11,600mg,Tablet,No,See DN-2237 (ID#:82954),From RDC,"Efavirenz 600mg, tablets, 30 Tabs",4,575,2426.5,PMO - US,"Aurobindo Unit III, India",Efavirenz,4.22,N/A - From RDC,SO-39790,FPQ-7658,5/15/11,ARV,100-BJ-T30,13-Jun-11,Air,Adult,30,0.14,SCMS from RDC,N/A - From RDC,See DN-2237 (ID#:82954)
25412,ASN-10799,Uni-Gold,Mozambique,22-Nov-11,22-Nov-11,MIssing,Test kit,Yes,Invoiced Separately,Direct Drop,"HIV 1/2, Uni-Gold HIV Kit, 20 Tests",56.23,1065,34080.0,PMO - US,"Trinity Biotech, Plc","HIV 1/2, Uni-Gold HIV Kit",32.0,3/30/11,SCMS-103120,FPQ-7270,03-04-11,HRDT,111-MZ-T30,22-Nov-11,Ocean,HIV test,20,1.6,"Trinity Biotech, Plc",EXW,Weight Captured Separately
78303,ASN-14080,Stocrin/Sustiva,CÃte dIvoire,10-Apr-12,10-Apr-12,30mg/ml,Oral solution,Yes,1416.03,Direct Drop,"Efavirenz 30mg/ml [Stocrin/Sustiva], oral solution, Bottle, 180 ml",57.42,2052,34801.92,PMO - US,"MSD, Haarlem, NL",Efavirenz,16.96,9/30/11,SCMS-123880,FPQ-8327,09-08-11,ARV,104-CI-T30,10-Apr-12,Air,Pediatric,180,0.09,MERCK SHARP & DOHME IDEA GMBH (FORMALLY MERCK SHARP & DOHME B.V.),CIP,605
11090,DN-17,Generic,Mozambique,09-Jan-07,09-Jan-07,150/300mg,Tablet - FDC,No,See DN-17 (ID#:10541),From RDC,"Lamivudine/Zidovudine 150/300mg, tablets, 60 Tabs",MIssing,6156,68577.84,PMO - US,"Aurobindo Unit III, India",Lamivudine/Zidovudine,11.14,N/A - From RDC,SO-324,Pre-PQ Process,Pre-PQ Process,ARV,111-MZ-T01,09-Jan-07,Air,Adult,60,0.19,SCMS from RDC,N/A - From RDC,See DN-17 (ID#:10541)
53922,ASN-32108,Determine,South Sudan,07-Jul-15,07-Jul-15,MIssing,Test kit - Ancillary,Yes,Invoiced Separately,Direct Drop,"Chase Buffer, Determine, 100 Tests, 2.5ml x 1 Vial",0.09,15,75.0,PMO - US,"Alere Medical Co., Ltd.","Chase Buffer, Determine, 100 Tests, 2.5ml x 1 Vial",5.0,2/20/15,SCMS-272170,FPQ-15569,12/29/14,HRDT,105-SS-T30,02-Jul-15,Air,HIV test - Ancillary,1,5.0,"Orgenics, Ltd",EXW,Weight Captured Separately
54679,ASN-17658,Determine,Kenya,28-Feb-13,28-Feb-13,MIssing,Test kit,Yes,91.67,Direct Drop,"HIV 1/2, Determine Complete HIV Kit, 100 Tests",927.72,7435,661715.0,PMO - US,"Alere Medical Co., Ltd.","HIV 1/2, Determine Complete HIV Kit",89.0,11-06-12,SCMS-153910,FPQ-10314,07-12-12,HRDT,101-KE-T30,28-Feb-13,Air,HIV test,100,0.89,"Orgenics, Ltd",CIP,1479
82859,DN-1659,Generic,Zimbabwe,12-Mar-10,12-Mar-10,300mg,Tablet,Yes,3302.14,From RDC,"Zidovudine 300mg, tablets, 60 Tabs",95.46,5880,44276.4,PMO - US,Hetero Unit III Hyderabad IN,Zidovudine,7.53,N/A - From RDC,SO-35390,FPQ-4694,12-08-09,ARV,113-ZW-T30,31-Mar-10,Truck,Adult,60,0.13,SCMS from RDC,N/A - From RDC,679
70554,ASN-8883,OraQuick,Haiti,17-Dec-10,17-Dec-10,MIssing,Test kit,Yes,3254.23,Direct Drop,"HIV 1/2, OraQuick Advance HIV Rapid Antibody Kit, 100 Tests",64.14,85,29750.0,PMO - US,"Orasure Technologies, Inc","HIV 1/2, OraQuick Advance HIV Rapid Antibody Kit",350.0,11-04-10,SCMS-89580,FPQ-6485,10-07-10,HRDT,106-HT-T30,17-Dec-10,Air,HIV test,100,3.5,Orasure Technologies Inc.,EXW,187
84094,DN-2239,Generic,Zambia,20-Jun-11,20-Jun-11,200mg,Tablet,Yes,7962.26,From RDC,"Nevirapine 200mg, tablets, 60 Tabs",606.09,112000,281120.0,PMO - US,Hetero Unit III Hyderabad IN,Nevirapine,2.51,N/A - From RDC,SO-39410,FPQ-6482,10/15/10,ARV,110-ZM-T30,30-Apr-11,Truck,Adult,60,0.04,SCMS from RDC,N/A - From RDC,6449
86137,DN-3936,Generic,Uganda,01-Oct-14,21-Oct-14,300mg,Tablet,No,See DN-3936 (ID#:85530),From RDC,"Zidovudine 300mg, tablets, 60 Tabs",5.59,1000,5440.0,PMO - US,"Aurobindo Unit III, India",Zidovudine,5.44,N/A - From RDC,SO-48960,FPQ-14396,06-04-14,ARV,114-UG-T30,30-Sep-14,Air,Adult,60,0.09,SCMS from RDC,N/A - From RDC,See DN-3936 (ID#:85530)
17944,ASN-7538,Generic,South Africa,29-Jul-10,29-Jul-10,300mg,Tablet,Yes,1881.24,Direct Drop,"Tenofovir Disoproxil Fumarate 300mg, tablets, 30 Tabs",802.95,47625,372427.5,PMO - US,"Cipla, Goa, India",Tenofovir Disoproxil Fumarate,7.82,3/19/10,SCMS-68720,FPQ-5303,3/18/10,ARV,161-ZA-T30,19-Jul-10,Air,Adult,30,0.26,CIPLA LIMITED,DDP,3243
45977,ASN-23916,Generic,Tanzania,07-Mar-14,15-Mar-14,300mg,Tablet,Yes,5765.11,Direct Drop,"Zidovudine 300mg, tablets, 60 Tabs",135.49,20172,109533.96,PMO - US,"Aurobindo Unit III, India",Zidovudine,5.43,10/28/13,SCMS-210900,FPQ-13048,10-03-13,ARV,109-TZ-T30,07-Mar-14,Air,Adult,60,0.09,Aurobindo Pharma Limited,EXW,1104
65716,ASN-13152,Generic,Haiti,22-Dec-11,22-Dec-11,600/300/300mg,Tablet - FDC,Yes,4877.34,Direct Drop,"Efavirenz/Lamivudine/Tenofovir Disoproxil Fumarate 600/300/300mg, tablets, 30 Tabs",108.73,5500,77550.0,PMO - US,Mylan (formerly Matrix) Nashik,Efavirenz/Lamivudine/Tenofovir Disoproxil Fumarate,14.1,11-01-11,SCMS-126310,FPQ-8537,10/19/11,ARV,106-HT-T30,22-Dec-11,Air,Adult,30,0.47,MYLAN LABORATORIES LTD (FORMERLY MATRIX LABORATORIES),EXW,647
71487,ASN-12879,Determine,Nigeria,09-Dec-11,09-Dec-11,MIssing,Test kit,Yes,27136.6,Direct Drop,"HIV 1/2, Determine Complete HIV Kit, 100 Tests",355.23,2419,215291.0,PMO - US,"Alere Medical Co., Ltd.","HIV 1/2, Determine Complete HIV Kit",89.0,8/15/11,SCMS-118190,FPQ-8117,7/28/11,HRDT,133-NG-T30,19-Dec-11,Air,HIV test,100,0.89,"Orgenics, Ltd",EXW,933
82532,DN-2951,Generic,Uganda,01-Feb-13,01-Feb-13,150/300/200mg,Tablet - FDC,Yes,18337.82,From RDC,"Lamivudine/Nevirapine/Zidovudine 150/200/300mg, tablets, 60 Tabs",186.53,13830,133044.6,PMO - US,Hetero Unit III Hyderabad IN,Lamivudine/Nevirapine/Zidovudine,9.62,N/A - From RDC,SO-43190,FPQ-10556,8/30/12,ARV,114-UG-T30,01-Feb-13,Air,Adult,60,0.16,SCMS from RDC,N/A - From RDC,2400
63561,ASN-32051,Kaletra,Zimbabwe,21-May-15,21-May-15,80/20mg/ml,Oral solution,Yes,41141.5,Direct Drop,"Lopinavir/Ritonavir 80/20mg/ml [Kaletra], oral solution, cool, Bottle 5 x 60 ml",250.81,6914,213089.48,PMO - US,ABBVIE (Abbott) Logis. UK,Lopinavir/Ritonavir,30.82,1/16/15,SCMS-272350,FPQ-15625,01-06-15,ARV,103-ZW-T30,21-May-15,Air,Pediatric,300,0.1,ABBVIE LOGISTICS (FORMERLY ABBOTT LOGISTICS BV),FCA,6090
84682,DN-2420,Generic,CÃte dIvoire,19-Nov-11,19-Nov-11,300mg,Tablet,No,See DN-2420 (ID#:82989),From RDC,"Tenofovir Disoproxil Fumarate 300mg, tablets, 30 Tabs",32.2,3040,19516.8,PMO - US,Mylan (formerly Matrix) Nashik,Tenofovir Disoproxil Fumarate,6.42,N/A - From RDC,SO-40750,FPQ-8295,8/25/11,ARV,104-CI-T30,09-Dec-11,Truck,Adult,30,0.21,SCMS from RDC,N/A - From RDC,See DN-2420 (ID#:82989)
84224,DN-3017,Generic,"Congo, DRC",08-Aug-13,08-Aug-13,150/300/200mg,Tablet - FDC,No,See DN-3017 (ID#:83108),From RDC,"Lamivudine/Nevirapine/Zidovudine 150/200/300mg, tablets, 60 Tabs",10.51,990,8494.2,PMO - US,Hetero Unit III Hyderabad IN,Lamivudine/Nevirapine/Zidovudine,8.58,N/A - From RDC,SO-43750,FPQ-11096,11/20/12,ARV,101-CD-T30,18-Mar-13,Air,Adult,60,0.14,SCMS from RDC,N/A - From RDC,See DN-3017 (ID#:83108)
44694,ASN-5491,OraQuick,Botswana,30-Nov-09,30-Nov-09,MIssing,Test kit - Ancillary,Yes,304.76,Direct Drop,"#109435**HIV, OraQuick Controls Kit, 3 Vials",0.49,10,250.0,PMO - US,"Orasure Technologies, Inc USA","HIV, OraQuick Controls Kit, 3 Vials",25.0,9/30/09,SCMS-54210,FPQ-4167,09-09-09,HRDT,144-BW-T30,30-Nov-09,Air,HIV test - Ancillary,3,8.33,Orasure Technologies Inc.,EXW,6
80105,ASN-23225,Generic,Uganda,17-Jan-14,22-Jan-14,30/50/60mg,Chewable/dispersible tablet - FDC,Yes,2905.49,Direct Drop,"Lamivudine/Nevirapine/Zidovudine 30/50/60mg, dispersible tablets, 60 Tabs",25.49,6200,24800.0,PMO - US,"Cipla, Goa, India",Lamivudine/Nevirapine/Zidovudine,4.0,10/30/13,SCMS-212410,FPQ-13116,10/23/13,ARV,114-UG-T30,17-Jan-14,Air,Pediatric,60,0.07,CIPLA LIMITED,EXW,597
40841,ASN-27976,Generic,South Africa,27-Aug-14,27-Aug-14,300mg,Tablet,No,Freight Included in Commodity Cost,Direct Drop,"Tenofovir Disoproxil Fumarate 300mg, tablets, 30 Tabs",7.63,273,6169.93,PMO - US,"Aurobindo Unit III, India",Tenofovir Disoproxil Fumarate,22.6,8/27/14,SCMS-199283,FPQ-12522,07-11-13,ARV,116-ZA-T30,27-Aug-14,Truck,Adult,30,0.75,S. BUYS WHOLESALER,DDP,Weight Captured Separately
81909,ASN-22343,Determine,Nigeria,05-Nov-13,17-Nov-13,MIssing,Test kit,Yes,20705.23,Direct Drop,"HIV 1/2, Determine Complete HIV Kit, 100 Tests",333.69,3031,269759.0,PMO - US,"Alere Medical Co., Ltd.","HIV 1/2, Determine Complete HIV Kit",89.0,07-10-13,SCMS-196561,FPQ-12456,06-10-13,HRDT,133-NG-T30,07-Nov-13,Air,HIV test,100,0.89,"Orgenics, Ltd",EXW,1231
70260,ASN-5933,Ziagen,South Africa,29-Dec-09,29-Dec-09,300mg,Tablet - blister,No,Freight Included in Commodity Cost,Direct Drop,"Abacavir 300mg [Ziagen], tablets, Blister 6 x 10 Tabs",3.47,40,1607.43,PMO - US,GSK Ware (UK),Abacavir,40.19,12/23/09,SCMS-60170,FPQ-4770,12/17/09,ARV,116-ZA-T30,29-Dec-09,Truck,Adult,60,0.67,S. BUYS WHOLESALER,DDP,Weight Captured Separately
86268,DN-1650,Generic,Zambia,05-Mar-10,05-Mar-10,300mg,Tablet,Yes,3379.64,From RDC,"Zidovudine 300mg, tablets, 60 Tabs",895.61,60683,456942.99,PMO - US,Hetero Unit III Hyderabad IN,Zidovudine,7.53,N/A - From RDC,SO-35830,FPQ-4273,9/17/09,ARV,110-ZM-T30,15-Mar-10,Truck,Adult,60,0.13,SCMS from RDC,N/A - From RDC,3325
86488,DN-2714,Generic,Tanzania,25-Jul-12,25-Jul-12,10mg/ml,Oral suspension,Yes,3853.89,From RDC,"Nevirapine 10mg/ml, oral suspension w/syringe, Bottle, 240 ml",85.07,26439,51556.05,PMO - US,"Aurobindo Unit III, India",Nevirapine,1.95,N/A - From RDC,SO-40470,FPQ-8303,8/22/11,ARV,109-TZ-T30,07-Aug-12,Truck,Pediatric,240,0.01,SCMS from RDC,N/A - From RDC,9907
83013,DN-2541,Aluvia,Tanzania,12-Mar-12,12-Mar-12,200/50mg,Tablet,Yes,1698.83,From RDC,"Lopinavir/Ritonavir 200/50mg [Aluvia], tablets, 120 Tabs",948.08,17030,574592.2,PMO - US,ABBVIE Ludwigshafen Germany,Lopinavir/Ritonavir,33.74,N/A - From RDC,SO-40642,FPQ-8297,8/22/11,ARV,109-TZ-T30,23-Mar-12,Truck,Adult,120,0.28,SCMS from RDC,N/A - From RDC,3508
83591,DN-2663,Generic,Mozambique,28-Jun-12,28-Jun-12,150/300/200mg,Tablet - FDC,No,See DN-2663 (ID#:82478),From RDC,"Lamivudine/Nevirapine/Zidovudine 150/200/300mg, tablets, 60 Tabs",2885.32,200000,2058000.0,PMO - US,Mylan (formerly Matrix) Nashik,Lamivudine/Nevirapine/Zidovudine,10.29,N/A - From RDC,SO-41760,FPQ-9506,3/16/12,ARV,111-MZ-T30,03-Jul-12,Truck,Adult,60,0.17,SCMS from RDC,N/A - From RDC,See DN-2663 (ID#:82478)
82525,DN-2902,Generic,Nigeria,06-Nov-12,06-Nov-12,200mg,Tablet,Yes,15459.09,From RDC,"Nevirapine 200mg, tablets, 60 Tabs",678.57,200000,484000.0,PMO - US,"Strides, Bangalore, India.",Nevirapine,2.42,N/A - From RDC,SO-42683,FPQ-9968,5/23/12,ARV,151-NG-T30,06-Nov-12,Air,Adult,60,0.04,SCMS from RDC,N/A - From RDC,12028
22060,ASN-5866,Generic,South Africa,08-Dec-09,08-Dec-09,50mg,Capsule,Yes,Freight Included in Commodity Cost,Direct Drop,"Efavirenz 50mg, capsule, 30 Caps",33.78,4292,17235.27,PMO - US,"Aurobindo Unit III, India",Efavirenz,4.02,9/22/09,SCMS-50371,FPQ-3596,05-07-09,ARV,116-ZA-T30,08-Dec-09,Truck,Pediatric,30,0.13,S. BUYS WHOLESALER,DDP,Weight Captured Separately
11227,DN-560,Genie,CÃte dIvoire,21-Jan-08,21-Jan-08,MIssing,Test kit,Yes,3256,From RDC,"#108853** HIV, Genie II HIV-1/HIV-2 Kit, 40 Tests",86.34,710,53960.0,PMO - US,Bio-Rad Laboratories,"HIV, Genie II HIV-1/HIV-2 Kit",76.0,N/A - From RDC,SO-793,Pre-PQ Process,Pre-PQ Process,HRDT,104-CI-T01,21-Jan-08,MIssing,HIV test,40,1.9,SCMS from RDC,N/A - From RDC,771
84270,DN-3199,Generic,Nigeria,29-May-13,29-May-13,600mg,Tablet,Yes,20761,From RDC,"Efavirenz 600mg, tablets, 30 Tabs",185.36,45000,149850.0,PMO - US,"Cipla, Goa, India",Efavirenz,3.33,N/A - From RDC,SO-43850,FPQ-11022,11/15/12,ARV,151-NG-T30,04-Jun-13,Air Charter,Adult,30,0.11,SCMS from RDC,N/A - From RDC,16966
23223,ASN-27210,Reyataz,South Africa,11-Jul-14,11-Jul-14,150mg,Capsule,Yes,Freight Included in Commodity Cost,Direct Drop,"Atazanavir 150mg [Reyataz], capsules, 60 Caps",0.06,2,51.37,PMO - US,"BMS Evansville, US",Atazanavir,25.68,07-11-14,SCMS-199315,FPQ-12523,07-12-13,ARV,116-ZA-T30,11-Jul-14,Truck,Pediatric,60,0.43,S. BUYS WHOLESALER,DDP,Weight Captured Separately
27804,ASN-32716,Aluvia,Haiti,07-Jul-15,07-Jul-15,200/50mg,Tablet,No,See ASN-32716 (ID#:22417),Direct Drop,"Lopinavir/Ritonavir 200/50mg [Aluvia], tablets, 120 Tabs",114.87,6050,111743.5,PMO - US,ABBVIE Ludwigshafen Germany,Lopinavir/Ritonavir,18.47,1/30/15,SCMS-262890,FPQ-15038,10/22/14,ARV,106-HT-T30,07-Jul-15,Air,Adult,120,0.15,ABBVIE LOGISTICS (FORMERLY ABBOTT LOGISTICS BV),FCA,See ASN-32716 (ID#:22417)
51871,ASN-9950,Generic,South Africa,08-Apr-11,08-Apr-11,300mg,Tablet,Yes,5567.75,Direct Drop,"Tenofovir Disoproxil Fumarate 300mg, tablets, 30 Tabs",501.35,44293,303849.98,PMO - US,"Cipla, Goa, India",Tenofovir Disoproxil Fumarate,6.86,12/14/10,SCMS-93640,FPQ-6708,11/26/10,ARV,161-ZA-T30,05-Apr-11,Ocean,Adult,30,0.23,CIPLA LIMITED,DDP,2951
82302,DN-1692,Generic,Nigeria,31-Mar-10,31-Mar-10,200/300mg,Tablet - FDC,Yes,Freight Included in Commodity Cost,From RDC,"Emtricitabine/Tenofovir Disoproxil Fumarate 200/300mg, tablets, 30 Tabs",77.52,3060,35955.0,PMO - US,Mylan (formerly Matrix) Nashik,Emtricitabine/Tenofovir Disoproxil Fumarate,11.75,N/A - From RDC,SO-35077,FPQ-4537,11-06-09,ARV,151-NG-T30,19-Apr-10,Air Charter,Adult,30,0.39,SCMS from RDC,N/A - From RDC,247
83524,DN-2321,Generic,Ghana,11-Aug-11,11-Aug-11,200mg,Tablet,Yes,12676.4,From RDC,"Nevirapine 200mg, tablets, 60 Tabs",186.72,45084,113160.84,PMO - US,"Strides, Bangalore, India.",Nevirapine,2.51,N/A - From RDC,SO-40010,FPQ-7866,6/13/11,ARV,900-GH-T30,06-Sep-11,Air,Adult,60,0.04,SCMS from RDC,N/A - From RDC,2698
77494,ASN-22001,Generic,Uganda,18-Dec-13,20-Dec-13,150/300mg,Tablet - FDC,Yes,10833.06,Direct Drop,"Lamivudine/Zidovudine 150/300mg, tablets, 60 Tabs",79.38,9888,64173.12,PMO - US,Mylan (formerly Matrix) Nashik,Lamivudine/Zidovudine,6.49,8/27/13,SCMS-198721,FPQ-12477,07-08-13,ARV,114-UG-T30,18-Dec-13,Ocean,Adult,60,0.11,MYLAN LABORATORIES LTD (FORMERLY MATRIX LABORATORIES),EXW,858
6600,ASN-51,Generic,Vietnam,01-Sep-06,01-Sep-06,150mg,Tablet,Yes,10657.19,Direct Drop,"Lamivudine 150mg, tablets, 60 Tabs",MIssing,2080,8299.2,PMO - US,"Ranbaxy, Paonta Shahib, India",Lamivudine,3.99,Date Not Captured,SCMS-78,Pre-PQ Process,Pre-PQ Process,ARV,108-VN-T01,01-Sep-06,Air,Adult,60,0.07,SUN PHARMACEUTICAL INDUSTRIES LTD (RANBAXY LABORATORIES LIMITED),EXW,87
85051,DN-4317,Generic,Mozambique,20-Aug-15,03-Sep-15,600/300/300mg,Tablet - FDC,Yes,Freight Included in Commodity Cost,From RDC,"Efavirenz/Lamivudine/Tenofovir Disoproxil Fumarate 600/300/300mg, tablets, 30 Tabs",1581.48,134500,1343655.0,PMO - US,Cipla Ltd A-42 MIDC Mahar. IN,Efavirenz/Lamivudine/Tenofovir Disoproxil Fumarate,9.99,N/A - From RDC,SO-51410,FPQ-16268,4/23/15,ARV,111-MZ-T30,22-Oct-15,Truck,Adult,30,0.33,SCMS from RDC,N/A - From RDC,18177
83116,DN-3044,Generic,Haiti,21-Mar-13,21-Mar-13,30/6mg,Chewable/dispersible tablet - FDC,Yes,1779.74,From RDC,"Lamivudine/Stavudine 30/6mg, dispersible tablets, 60 Tabs",1.93,822,1561.8,PMO - US,"Cipla, Goa, India",Lamivudine/Stavudine,1.9,N/A - From RDC,SO-44440,FPQ-11526,1/30/13,ARV,106-HT-T30,30-Apr-13,Air,Pediatric,60,0.03,SCMS from RDC,N/A - From RDC,107
47953,ASN-18408,Generic,Vietnam,18-Mar-13,18-Mar-13,30/60mg,Tablet - FDC,No,See ASN-18408 (ID#:21705),Direct Drop,"Lamivudine/Zidovudine 30/60mg, tablets, 60 Tabs",5.8,2231,4685.1,PMO - US,Mylan (formerly Matrix) Nashik,Lamivudine/Zidovudine,2.1,11-07-12,SCMS-164570,FPQ-10811,10/15/12,ARV,108-VN-T30,18-Mar-13,Air,Pediatric,60,0.04,MYLAN LABORATORIES LTD (FORMERLY MATRIX LABORATORIES),EXW,See ASN-18408 (ID#:21705)
6884,ASN-1328,Capillus,Haiti,18-Feb-08,18-Feb-08,MIssing,Test kit,Yes,3238.79,Direct Drop,"HIV 1/2, Capillus HIV Kit, 100 Tests",1.78,8,1112.0,PMO - US,"Trinity Biotech, Plc","HIV 1/2, Capillus HIV Kit",139.0,02-04-08,SCMS-15590,Pre-PQ Process,Pre-PQ Process,HRDT,106-HT-T01,18-Feb-08,Air,HIV test,100,1.39,"Trinity Biotech, Plc",EXW,6
11356,DN-1463,Generic,Zambia,13-Oct-09,13-Oct-09,150/300mg,Tablet - FDC,Yes,4997.47,From RDC,"Lamivudine/Zidovudine 150/300mg, tablets, 60 Tabs",686.78,40000,350400.0,PMO - US,"Aurobindo Unit III, India",Lamivudine/Zidovudine,8.76,N/A - From RDC,SO-33022,Pre-PQ Process,Date Not Captured,ARV,110-ZM-T01,13-Oct-09,Truck,Adult,60,0.15,SCMS from RDC,N/A - From RDC,3626
82929,DN-2074,Generic,Ethiopia,09-Dec-10,09-Dec-10,200/50mg,Tablet,Yes,1842.95,From RDC,"Lopinavir/Ritonavir 200/50mg, tablets, 120 Tabs",302.7,3900,140400.0,PMO - US,"Aurobindo Unit III, India",Lopinavir/Ritonavir,36.0,N/A - From RDC,SO-37160,FPQ-5991,07-02-10,ARV,117-ET-T30,08-Dec-10,Air,Adult,120,0.3,SCMS from RDC,N/A - From RDC,950
84095,DN-2252,Generic,Benin,05-Jul-11,05-Jul-11,150/200/30mg,Tablet - FDC,Yes,10829.6,From RDC,"Lamivudine/Nevirapine/Stavudine 150/200/30mg, tablets, 60 Tabs",131.11,14770,79462.6,PMO - US,"Cipla, Goa, India",Lamivudine/Nevirapine/Stavudine,5.38,N/A - From RDC,SO-39800,FPQ-7658,5/15/11,ARV,100-BJ-T30,13-Jun-11,Air,Adult,60,0.09,SCMS from RDC,N/A - From RDC,2192
86389,DN-2231,Generic,Guyana,15-Jun-11,15-Jun-11,300mg,Tablet,No,See DN-2231 (ID#:82385),From RDC,"Zidovudine 300mg, tablets, 60 Tabs",10.62,917,6437.34,PMO - US,"Aurobindo Unit III, India",Zidovudine,7.02,N/A - From RDC,SO-39720,FPQ-7621,05-04-11,ARV,105-GY-T30,27-Oct-11,Air,Adult,60,0.12,SCMS from RDC,N/A - From RDC,See DN-2231 (ID#:82385)
11634,DN-1205,Generic,Haiti,19-May-09,19-May-09,15mg,Capsule,No,See DN-1205 (ID#:11314),From RDC,"Stavudine 15mg, capsules, 60 Caps",0.32,108,162.0,PMO - US,"Aurobindo Unit III, India",Stavudine,1.5,N/A - From RDC,SO-24830,Pre-PQ Process,Pre-PQ Process,ARV,106-HT-T01,19-May-09,Air,Adult,60,0.02,SCMS from RDC,N/A - From RDC,See DN-1205 (ID#:11314)
31648,ASN-6890,Generic,Rwanda,29-May-10,29-May-10,600mg,Tablet,Yes,33008.05,Direct Drop,"Efavirenz 600mg, tablets, 30 Tabs",699.83,59609,357057.91,PMO - US,"Emcure Plot No.P-2, I.T-B.T. Park, Phase II, MIDC, Hinjwadi, Pune, India",Efavirenz,5.99,7/15/09,SCMS-49100,FPQ-3859,6/30/09,ARV,107-RW-T30,29-May-10,Air,Adult,30,0.2,EMCURE PHARMACEUTICALS LTD,CIP,4227
57779,ASN-31820,Generic,Haiti,03-Jul-15,13-Jul-15,150/300/200mg,Tablet - FDC,No,See ASN-31820 (ID#:16098),Direct Drop,"Lamivudine/Nevirapine/Zidovudine 150/200/300mg, tablets, 60 Tabs",499.61,60000,486000.0,PMO - US,Mylan (formerly Matrix) Nashik,Lamivudine/Nevirapine/Zidovudine,8.1,12/24/14,SCMS-262840,FPQ-15038,10/22/14,ARV,106-HT-T30,03-Jul-15,Ocean,Adult,60,0.13,MYLAN LABORATORIES LTD (FORMERLY MATRIX LABORATORIES),EXW,See ASN-31820 (ID#:16098)
12278,DN-1217,Truvada,Nigeria,08-May-09,08-May-09,300/200mg,Tablet - FDC,Yes,15128.47,From RDC,"Emtricitabine/Tenofovir Disoproxil Fumarate 200/300mg [Truvada], tablets, 30 Tabs",1411.74,27439,720273.75,PMO - US,"Aspen-OSD, Port Elizabeth, SA",Emtricitabine/Tenofovir Disoproxil Fumarate,26.25,N/A - From RDC,SO-30021,Pre-PQ Process,Pre-PQ Process,ARV,151-NG-T01,08-May-09,Air Charter,Adult,30,0.88,SCMS from RDC,N/A - From RDC,2561
39850,ASN-17635,Generic,"Congo, DRC",30-Apr-13,30-Apr-13,500/25mg,Tablet - FDC,Yes,1731.89,Direct Drop,"Sulfadoxine/Pyrimethamine 500/25mg, tablets, 1000 Tabs",12.4,415,10026.4,PMO - US,"Micro Labs, Hosur, India",Sulfadoxine/Pyrimethamine,24.16,12-07-12,SCMS-169010,FPQ-11081,11/26/12,ANTM,101-CD-T30,30-Apr-13,Air,Malaria,1000,0.02,ACTION MEDEOR E.V.,EXW,329
60004,ASN-9456,Generic,South Africa,14-Feb-11,14-Feb-11,150mg,Tablet,Yes,13677.67,Direct Drop,"Lamivudine 150mg, tablets, 60 Tabs",1007.22,189137,467168.39,PMO - US,"Strides, Bangalore, India.",Lamivudine,2.47,9/21/10,SCMS-84230,FPQ-6262,8/31/10,ARV,161-ZA-T30,14-Feb-11,Ocean,Adult,60,0.04,STRIDES ARCOLAB LIMITED,DDP,9173
76069,ASN-20032,Uni-Gold,"Congo, DRC",04-Nov-13,03-Dec-13,MIssing,Test kit,Yes,3125.65,Direct Drop,"HIV 1/2, Uni-Gold HIV Kit, 20 Tests",18.56,469,15008.0,PMO - US,"Trinity Biotech, Plc","HIV 1/2, Uni-Gold HIV Kit",32.0,05-08-13,SCMS-186720,FPQ-12106,04-12-13,HRDT,101-CD-T30,04-Nov-13,Air,HIV test,20,1.6,"Trinity Biotech, Plc",EXW,170
11236,DN-617,Generic,Guyana,21-Feb-08,21-Feb-08,MIssing,Test kit - Ancillary,Yes,798.59,From RDC,"HIV, Lancet, Safety, for HIV Test kits, 100 Pcs",0,152,1.52,PMO - US,Inverness Japan,"HIV, Lancet, Safety, for HIV Test kits, 100 Pcs",0.01,N/A - From RDC,SO-1004,Pre-PQ Process,Pre-PQ Process,HRDT,102-GY-T01,21-Feb-08,MIssing,HIV test - Ancillary,100,0.0,SCMS from RDC,N/A - From RDC,45
82303,DN-1693,Generic,Nigeria,31-Mar-10,31-Mar-10,300/300mg,Tablet - FDC,Yes,Freight Included in Commodity Cost,From RDC,"Lamivudine/Tenofovir Disoproxil Fumarate 300/300mg, tablets, 30 Tabs",17.23,799,7990.0,PMO - US,Mylan (formerly Matrix) Nashik,Lamivudine/Tenofovir Disoproxil Fumarate,10.0,N/A - From RDC,SO-35083,FPQ-4537,11-06-09,ARV,151-NG-T30,19-Apr-10,Air Charter,Adult,30,0.33,SCMS from RDC,N/A - From RDC,65
10889,DN-381,Generic,Uganda,05-Nov-07,05-Nov-07,600mg,Tablet,Yes,1157.58,From RDC,"Efavirenz 600mg, tablets, 30 Tabs",34.12,1717,21325.14,PMO - US,"Aurobindo Unit III, India",Efavirenz,12.42,N/A - From RDC,SO-1123,Pre-PQ Process,Pre-PQ Process,ARV,114-UG-T01,05-Nov-07,Air,Adult,30,0.41,SCMS from RDC,N/A - From RDC,151
84016,DN-1903,Generic,Nigeria,28-Jun-10,28-Jun-10,600mg,Tablet,Yes,Freight Included in Commodity Cost,From RDC,"Efavirenz 600mg, tablets, 30 Tabs",7.97,804,3698.4,PMO - US,"Aurobindo Unit III, India",Efavirenz,4.6,N/A - From RDC,SO-36445,FPQ-5023,02-10-10,ARV,151-NG-T30,15-Jul-10,Air,Adult,30,0.15,SCMS from RDC,N/A - From RDC,68
5282,ASN-276,Generic,Vietnam,14-Mar-07,14-Mar-07,600mg,Tablet,No,See ASN-276 (ID#:2686),Direct Drop,"Efavirenz 600mg, tablets, 30 Tabs",MIssing,38300,641525.0,PMO - US,"Aurobindo Unit III, India",Efavirenz,16.75,11/14/06,SCMS-168,Pre-PQ Process,Pre-PQ Process,ARV,108-VN-T01,14-Mar-07,Air,Adult,30,0.56,Aurobindo Pharma Limited,EXW,See ASN-276 (ID#:2686)
55159,ASN-5853,Determine,Zambia,28-Jan-10,28-Jan-10,MIssing,Test kit,No,See ASN-5853 (ID#:24427),Direct Drop,"HIV 1/2, Determine Complete HIV Kit, 100 Tests",256.84,1820,131040.0,PMO - US,Inverness Japan,"HIV 1/2, Determine Complete HIV Kit",72.0,09-11-09,SCMS-53261,FPQ-4141,8/31/09,HRDT,110-ZM-T30,28-Jan-10,Air,HIV test,100,0.72,"Orgenics, Ltd",EXW,See ASN-5853 (ID#:24427)
83347,DN-4310,Generic,Uganda,23-Jul-15,23-Jul-15,150/300/200mg,Tablet - FDC,No,See DN-4310 (ID#:82811),From RDC,"Lamivudine/Nevirapine/Zidovudine 150/200/300mg, tablets, 60 Tabs",843.74,88392,716859.12,PMO - US,"Cipla, Goa, India",Lamivudine/Nevirapine/Zidovudine,8.11,N/A - From RDC,SO-50660,FPQ-15639,12/22/14,ARV,114-UG-T30,31-Jul-15,Truck,Adult,60,0.14,SCMS from RDC,N/A - From RDC,See DN-4310 (ID#:82811)
63807,ASN-23353,Generic,CÃte dIvoire,03-Jan-14,06-Jan-14,50mg,Chewable/dispersible tablet,Yes,4837.38,Direct Drop,"Nevirapine 50mg, dispersible tablets (tablets for oral suspension), 30 Tabs",10.05,6500,8125.0,PMO - US,"Aurobindo Unit III, India",Nevirapine,1.25,09-02-13,SCMS-205010,FPQ-12714,7/30/13,ARV,104-CI-T30,03-Jan-14,Air,Pediatric,30,0.04,Aurobindo Pharma Limited,EXW,406
86337,DN-2015,Generic,Haiti,07-Oct-10,07-Oct-10,50mg,Capsule,No,See DN-2015 (ID#:82917),From RDC,"Efavirenz 50mg, capsule, 30 Caps",0.34,70,156.8,PMO - US,"Aurobindo Unit III, India",Efavirenz,2.24,N/A - From RDC,SO-36741,FPQ-5523,4/19/10,ARV,106-HT-T30,30-Sep-10,Air,Pediatric,30,0.07,SCMS from RDC,N/A - From RDC,See DN-2015 (ID#:82917)
84153,DN-2590,Generic,Mozambique,24-May-12,24-May-12,150/300/200mg,Tablet - FDC,No,See DN-2590 (ID#:83019),From RDC,"Lamivudine/Nevirapine/Zidovudine 150/200/300mg, tablets, 60 Tabs",261.5,14125,158482.5,PMO - US,Mylan (formerly Matrix) Nashik,Lamivudine/Nevirapine/Zidovudine,11.22,N/A - From RDC,SO-40381,FPQ-8157,08-04-11,ARV,111-MZ-T30,07-May-12,Truck,Adult,60,0.19,SCMS from RDC,N/A - From RDC,See DN-2590 (ID#:83019)
21174,ASN-4979,Aluvia,CÃte dIvoire,08-Oct-09,08-Oct-09,200/50mg,Tablet,Yes,28238.31,Direct Drop,"Lopinavir/Ritonavir 200/50mg [Aluvia], tablets, 120 Tabs",813.63,11480,415116.8,PMO - US,ABBVIE Ludwigshafen Germany,Lopinavir/Ritonavir,36.16,8/24/09,SCMS-51810,FPQ-3882,7/24/09,ARV,104-CI-T30,08-Oct-09,Air,Adult,120,0.3,ABBVIE LOGISTICS (FORMERLY ABBOTT LOGISTICS BV),FCA,4794
85813,DN-2492,Generic,"Congo, DRC",14-Feb-12,14-Feb-12,600mg,Tablet,No,See DN-2492 (ID#:82999),From RDC,"Efavirenz 600mg, tablets, 30 Tabs",0.02,4,16.48,PMO - US,"Strides, Bangalore, India.",Efavirenz,4.12,N/A - From RDC,SO-41130,FPQ-8840,11/21/11,ARV,101-CD-T30,16-Mar-12,Air,Adult,30,0.14,SCMS from RDC,N/A - From RDC,See DN-2492 (ID#:82999)
83455,DN-1973,Generic,Nigeria,17-Aug-10,17-Aug-10,200/300mg,Tablet - FDC,Yes,6147.18,From RDC,"Emtricitabine/Tenofovir Disoproxil Fumarate 200/300mg, tablets, 30 Tabs",33.64,1328,15604.0,PMO - US,Mylan (formerly Matrix) Nashik,Emtricitabine/Tenofovir Disoproxil Fumarate,11.75,N/A - From RDC,SO-36915,FPQ-5688,5/27/10,ARV,151-NG-T30,31-Aug-10,Air Charter,Adult,30,0.39,SCMS from RDC,N/A - From RDC,122
80002,ASN-23851,Isentress,Haiti,12-Feb-14,14-Feb-14,400mg,Tablet,Yes,Freight Included in Commodity Cost,Direct Drop,"Raltegravir 400mg [Isentress], tablets, 60 Tabs",1.17,17,943.5,PMO - US,"MSD, Haarlem, NL",Raltegravir,55.5,10/22/13,SCMS-210420,FPQ-12590,8/21/13,ARV,106-HT-T30,12-Feb-14,Air,Adult,60,0.92,MERCK SHARP & DOHME IDEA GMBH (FORMALLY MERCK SHARP & DOHME B.V.),CIP,Weight Captured Separately
83826,DN-3837,Generic,South Sudan,17-Oct-14,21-Nov-14,10mg/ml,Oral suspension,Yes,9664.79,From RDC,"Nevirapine 10mg/ml, oral suspension w/syringe, Bottle, 240 ml",3.56,2125,3463.75,PMO - US,"Aurobindo Unit III, India",Nevirapine,1.63,N/A - From RDC,SO-49130,FPQ-14409,06-05-14,ARV,103-SS-T30,19-Aug-14,Air,Pediatric,240,0.01,SCMS from RDC,N/A - From RDC,759
86360,DN-2089,Generic,Guatemala,24-Jan-11,24-Jan-11,200mg,Tablet,No,See DN-2089 (ID#:83478),From RDC,"Nevirapine 200mg, tablets, 60 Tabs",3.74,879,2267.82,PMO - US,"Aurobindo Unit III, India",Nevirapine,2.58,N/A - From RDC,SO-38260,FPQ-6943,12/29/10,ARV,202-GT-T30,31-Jan-11,Air,Adult,60,0.04,SCMS from RDC,N/A - From RDC,See DN-2089 (ID#:83478)
30589,ASN-33470,Generic,South Africa,24-Jul-15,24-Jul-15,200mg,Capsule,No,Freight Included in Commodity Cost,Direct Drop,"Efavirenz 200mg, capsule, 90 Caps",0.19,10,182.5,PMO - US,"Aurobindo Unit III, India",Efavirenz,18.25,10-09-14,SCMS-259078,FPQ-14942,09-11-14,ARV,116-ZA-T30,24-Jul-15,Truck,Pediatric,90,0.2,PHARMACY DIRECT,DDP,Weight Captured Separately
40935,ASN-32776,Generic,Vietnam,27-Jul-15,27-Jul-15,150/300mg,Tablet - FDC,Yes,Invoiced Separately,Direct Drop,"Lamivudine/Zidovudine 150/300mg, tablets, 60 Tabs",99.3,13000,84370.0,PMO - US,Mylan (formerly Matrix) Nashik,Lamivudine/Zidovudine,6.49,2/17/15,SCMS-274350,FPQ-15692,1/28/15,ARV,108-VN-T30,27-Jul-15,Air,Adult,60,0.11,MYLAN LABORATORIES LTD (FORMERLY MATRIX LABORATORIES),EXW,Weight Captured Separately
85209,DN-2428,Generic,Haiti,20-Dec-11,20-Dec-11,20mg/ml,Oral solution,Yes,2053.52,From RDC,"Abacavir 20mg/ml, oral solution w/syringe, Bottle, 240 ml",6.6,320,4000.0,PMO - US,"Aurobindo Unit III, India",Abacavir,12.5,N/A - From RDC,SO-39743,FPQ-7653,05-11-11,ARV,106-HT-T30,31-Dec-11,Air,Pediatric,240,0.05,SCMS from RDC,N/A - From RDC,122
86276,DN-1679,Generic,Mozambique,28-Apr-10,28-Apr-10,150/30mg,Tablet - FDC,No,See DN-1679 (ID#:86275),From RDC,"Lamivudine/Stavudine 150/30mg, tablets, 60 Tabs",9.82,1340,4556.0,PMO - US,"Cipla, Goa, India",Lamivudine/Stavudine,3.4,N/A - From RDC,SO-35720,FPQ-4711,12/23/09,ARV,111-MZ-T30,28-Apr-10,Truck,Adult,60,0.06,SCMS from RDC,N/A - From RDC,See DN-1679 (ID#:86275)
38831,ASN-10879,Colloidal Gold,Haiti,06-Jun-11,06-Jun-11,MIssing,Test kit,Yes,2708.04,Direct Drop,"HIV 1/2, SKB Colloidal Gold, Diagnostic Kit, Antibody, 50 Tests",9.87,260,5980.0,PMO - US,"KHB Test Kit Facility, Shanghai China","HIV 1/2, Colloidal Gold, Diagnostic Kit, Antibody",23.0,4/20/11,SCMS-106610,FPQ-7438,3/29/11,HRDT,106-HT-T30,06-Jun-11,Air,HIV test,1,23.0,"SHANGHAI KEHUA BIOENGINEERING CO.,LTD.  (KHB)",EXW,197
21143,ASN-12152,Videx,Guatemala,12-Sep-11,12-Sep-11,50mg,Chewable/dispersible tablet,Yes,Freight Included in Commodity Cost,Direct Drop,"Didanosine 50mg [Videx], chewable tablets, 60 Tabs",23.96,192,14519.04,PMO - US,"BMS Meymac, France",Didanosine,75.62,1/25/11,SCMS-98040,FPQ-6944,1/17/11,ARV,202-GT-T30,12-Sep-11,Air,Pediatric,60,1.26,IDIS LIMITED,DDU,Weight Captured Separately
40933,ASN-5051,Norvir,South Africa,27-Aug-09,27-Aug-09,100mg,Capsule,Yes,Freight Included in Commodity Cost,Direct Drop,"Ritonavir 100mg [Norvir], capsules, cool, 84 Caps",2.64,123,1348.43,PMO - US,ABBVIE (Abbott) Logis. UK,Ritonavir,10.96,7/21/09,SCMS-49661,FPQ-3560,05-07-09,ARV,116-ZA-T30,27-Aug-09,Truck,Adult,84,0.13,S. BUYS WHOLESALER,DDP,Weight Captured Separately
58482,ASN-28036,Generic,South Africa,29-Aug-14,29-Aug-14,150/200/30mg,Tablet - FDC,No,Freight Included in Commodity Cost,Direct Drop,"Lamivudine/Nevirapine/Stavudine 150/200/30mg, tablets, 60 Tabs",0.26,7,211.71,PMO - US,"Cipla, Goa, India",Lamivudine/Nevirapine/Stavudine,30.24,8/29/14,SCMS-199289,FPQ-12522,07-11-13,ARV,116-ZA-T30,29-Aug-14,Truck,Adult,60,0.5,S. BUYS WHOLESALER,DDP,Weight Captured Separately
83546,DN-2412,Generic,Tanzania,12-Dec-11,12-Dec-11,10mg/ml,Oral suspension,Yes,45291.49,From RDC,"Nevirapine 10mg/ml, oral suspension w/syringe, Bottle, 240 ml",48.26,15000,29250.0,PMO - US,"Aurobindo Unit III, India",Nevirapine,1.95,N/A - From RDC,SO-40521,FPQ-8303,8/22/11,ARV,109-TZ-T30,29-Dec-11,Truck,Pediatric,240,0.01,SCMS from RDC,N/A - From RDC,5641
12276,DN-1214,Generic,Zimbabwe,12-May-09,12-May-09,150/30mg,Tablet - FDC,Yes,2698.04,From RDC,"Lamivudine/Stavudine 150/30mg, tablets, 60 Tabs",31.36,4000,16000.0,PMO - US,"Cipla, Goa, India",Lamivudine/Stavudine,4.0,N/A - From RDC,SO-18111,Pre-PQ Process,Pre-PQ Process,ARV,113-ZW-T01,12-May-09,Air,Adult,60,0.07,SCMS from RDC,N/A - From RDC,305
12887,DN-1254,Generic,Uganda,01-Jun-09,01-Jun-09,150/200/30mg,Tablet - FDC,Yes,2798.7,From RDC,"Lamivudine/Nevirapine/Stavudine 150/200/30mg, tablets, 60 Tabs",54.36,3895,27732.4,PMO - US,"Strides, Bangalore, India.",Lamivudine/Nevirapine/Stavudine,7.12,N/A - From RDC,SO-30070,Pre-PQ Process,Pre-PQ Process,ARV,114-UG-T01,01-Jun-09,Air,Adult,60,0.12,SCMS from RDC,N/A - From RDC,289
86664,DN-3598,Generic,CÃte dIvoire,10-Apr-14,06-May-14,600/300mg,Tablet - FDC,No,See DN-3598 (ID#:85452),From RDC,"Abacavir/Lamivudine 600/300mg, scored tablets, 30 Tabs",31.78,1900,25688.0,PMO - US,Mylan (formerly Matrix) Nashik,Abacavir/Lamivudine,13.52,N/A - From RDC,SO-45630,FPQ-12144,4/22/13,ARV,104-CI-T30,10-Apr-14,Truck,Adult,30,0.45,SCMS from RDC,N/A - From RDC,See DN-3598 (ID#:85452)
11417,DN-216,Bioline,Tanzania,18-Jul-07,18-Jul-07,MIssing,Test kit,Yes,9343.18,From RDC,"HIV 1/2, Bioline 3.0 Kit, Lancets, Capillary pipets, Alcohol swabs included, 25 Tests",206.46,6452,129040.0,PMO - US,"Standard Diagnostics, Korea","HIV 1/2, Bioline 3.0 Kit, Lancets, Capillary pipets, Alcohol swabs included",20.0,N/A - From RDC,SO-645,Pre-PQ Process,Pre-PQ Process,HRDT,109-TZ-T01,18-Jul-07,MIssing,HIV test,25,0.8,SCMS from RDC,N/A - From RDC,2334
12183,DN-841,Generic,Guyana,25-Jul-08,25-Jul-08,200mg,Tablet,No,See DN-841 (ID#:11540),From RDC,"Nevirapine 200mg, tablets, 60 Tabs",20.18,3710,12614.0,PMO - US,"Aurobindo Unit III, India",Nevirapine,3.4,N/A - From RDC,SO-11630,Pre-PQ Process,Pre-PQ Process,ARV,105-GY-T01,25-Jul-08,Air,Adult,60,0.06,SCMS from RDC,N/A - From RDC,See DN-841 (ID#:11540)
10681,DN-771,Generic,Zimbabwe,09-Jun-08,09-Jun-08,150/30mg,Tablet - FDC,Yes,2145.17,From RDC,"Lamivudine/Stavudine 150/30mg, tablets, 30 Tabs",5.12,1600,3200.0,PMO - US,"Cipla, Goa, India",Lamivudine/Stavudine,2.0,N/A - From RDC,SO-1608,Pre-PQ Process,Pre-PQ Process,ARV,100-ZW-T01,09-Jun-08,Truck,Adult,30,0.07,SCMS from RDC,N/A - From RDC,96
80394,ASN-15970,Uni-Gold,"Congo, DRC",01-Mar-13,01-Mar-13,MIssing,Test kit,Yes,2162.55,Direct Drop,"HIV 1/2, Uni-Gold HIV Kit, 20 Tests",13.1,292,9344.0,PMO - US,"Trinity Biotech, Plc","HIV 1/2, Uni-Gold HIV Kit",32.0,6/27/12,SCMS-149130,FPQ-10044,06-05-12,HRDT,101-CD-T30,01-Mar-13,Air,HIV test,20,1.6,"Trinity Biotech, Plc",EXW,99
83182,DN-3418,Generic,CÃte dIvoire,02-Dec-13,20-Dec-13,10mg/ml,Oral solution,Yes,4017.69,From RDC,"Zidovudine 10mg/ml, oral solution w/syringe, Bottle, 240 ml",5.54,2133,4479.3,PMO - US,"Aurobindo Unit III, India",Zidovudine,2.1,N/A - From RDC,SO-46360,FPQ-12800,08-09-13,ARV,104-CI-T30,16-Dec-13,Air,Pediatric,240,0.01,SCMS from RDC,N/A - From RDC,1784
41798,ASN-9195,Generic,South Africa,01-Feb-11,01-Feb-11,150mg,Tablet,No,See ASN-9195 (ID#:39724),Direct Drop,"Lamivudine 150mg, tablets, 60 Tabs",86.93,17013,40320.81,PMO - US,"Aurobindo Unit III, India",Lamivudine,2.37,9/24/10,SCMS-83790,FPQ-6262,8/31/10,ARV,161-ZA-T30,31-Jan-11,Ocean,Adult,60,0.04,Aurobindo Pharma Limited,DDP,See ASN-9195 (ID#:39724)
83787,DN-3679,Generic,CÃte dIvoire,12-May-14,30-Jun-14,30/50/60mg,Chewable/dispersible tablet - FDC,Yes,4625.27,From RDC,"Lamivudine/Nevirapine/Zidovudine 30/50/60mg, dispersible tablets, 60 Tabs",87.21,18800,70500.0,PMO - US,"Strides, Bangalore, India.",Lamivudine/Nevirapine/Zidovudine,3.75,N/A - From RDC,SO-46310,FPQ-12712,7/30/13,ARV,104-CI-T30,15-May-14,Truck,Pediatric,60,0.06,SCMS from RDC,N/A - From RDC,802
82467,DN-2605,Generic,Zimbabwe,10-Apr-12,10-Apr-12,150/300mg,Tablet - FDC,Yes,29250.68,From RDC,"Lamivudine/Zidovudine 150/300mg, tablets, 60 Tabs",44.15,3345,26760.0,PMO - US,"Aurobindo Unit VII, IN",Lamivudine/Zidovudine,8.0,N/A - From RDC,SO-40850,FPQ-8464,10-04-11,ARV,113-ZW-T30,13-Apr-12,Truck,Adult,60,0.13,SCMS from RDC,N/A - From RDC,21063
28515,ASN-9179,Generic,South Africa,31-Jan-11,31-Jan-11,10mg/ml,Oral suspension,Yes,1220.84,Direct Drop,"Nevirapine 10mg/ml, oral suspension w/syringe, Bottle, 240 ml",64.29,14065,29817.8,PMO - US,"Aurobindo Unit III, India",Nevirapine,2.12,9/24/10,SCMS-83790,FPQ-6262,8/31/10,ARV,161-ZA-T30,06-Jan-11,Ocean,Pediatric,240,0.01,Aurobindo Pharma Limited,DDP,6196
83762,DN-3535,Generic,Mozambique,19-Feb-14,19-Mar-14,150/300/200mg,Tablet - FDC,Yes,15392.43,From RDC,"Lamivudine/Nevirapine/Zidovudine 150/200/300mg, tablets, 60 Tabs",1543.2,145400,1247532.0,PMO - US,Mylan (formerly Matrix) Nashik,Lamivudine/Nevirapine/Zidovudine,8.58,N/A - From RDC,SO-45897,FPQ-12416,6/28/13,ARV,111-MZ-T30,31-Jan-14,Truck,Adult,60,0.14,SCMS from RDC,N/A - From RDC,10673
84346,DN-3580,Generic,Mozambique,14-Apr-14,17-Apr-14,600/300/300mg,Tablet - FDC,No,See DN-3580 (ID#:83772),From RDC,"Efavirenz/Lamivudine/Tenofovir Disoproxil Fumarate 600/300/300mg, tablets, 30 Tabs",53.06,4629,51613.35,PMO - US,"Aurobindo Unit VII, IN",Efavirenz/Lamivudine/Tenofovir Disoproxil Fumarate,11.15,N/A - From RDC,SO-47083,FPQ-13123,10/21/13,ARV,111-MZ-T30,15-Apr-14,Truck,Adult,30,0.37,SCMS from RDC,N/A - From RDC,See DN-3580 (ID#:83772)
60502,ASN-10556,Generic,South Africa,31-May-11,31-May-11,300mg,Tablet,Yes,8809.08,Direct Drop,"Tenofovir Disoproxil Fumarate 300mg, tablets, 30 Tabs",869.57,79250,527012.5,PMO - US,"Aurobindo Unit III, India",Tenofovir Disoproxil Fumarate,6.65,12/14/10,SCMS-93540,FPQ-6708,11/26/10,ARV,161-ZA-T30,31-May-11,Ocean,Adult,30,0.22,Aurobindo Pharma Limited,DDP,7397
55238,ASN-14517,Generic,Vietnam,16-May-12,16-May-12,300mg,Tablet,No,See ASN-14517 (ID#:44737),Direct Drop,"Abacavir 300mg, tablets, 60 Tabs",6.71,368,4784.0,PMO - US,Mylan (formerly Matrix) Nashik,Abacavir,13.0,1/16/12,SCMS-131690,FPQ-9001,12/15/11,ARV,108-VN-T30,16-May-12,Air,Adult,60,0.22,MYLAN LABORATORIES LTD (FORMERLY MATRIX LABORATORIES),EXW,See ASN-14517 (ID#:44737)
68553,ASN-18913,Generic,Vietnam,24-Apr-13,24-Apr-13,300mg,Tablet,Yes,10533.01,Direct Drop,"Tenofovir Disoproxil Fumarate 300mg, tablets, 30 Tabs",187.33,42660,151443.0,PMO - US,Hetero Unit III Hyderabad IN,Tenofovir Disoproxil Fumarate,3.55,1/22/13,SCMS-174420,FPQ-11417,01-10-13,ARV,108-VN-T30,24-Apr-13,Air,Adult,30,0.12,HETERO LABS LIMITED,EXW,3442
48879,ASN-7431,Generic,South Africa,19-Jul-10,19-Jul-10,300mg,Tablet,Yes,916.22,Direct Drop,"Tenofovir Disoproxil Fumarate 300mg, tablets, 30 Tabs",195.14,11574,90508.68,PMO - US,"Cipla, Goa, India",Tenofovir Disoproxil Fumarate,7.82,3/19/10,SCMS-68720,FPQ-5303,3/18/10,ARV,161-ZA-T30,19-Jul-10,Air,Adult,30,0.26,CIPLA LIMITED,DDP,793
33962,ASN-5630,Videx,Haiti,21-Dec-09,21-Dec-09,25mg,Chewable/dispersible tablet,Yes,260,Direct Drop,"Didanosine 25mg [Videx], chewable tablets, 60 Tabs",1.65,120,840.0,PMO - US,"BMS Meymac, France",Didanosine,7.0,11-06-09,SCMS-56120,FPQ-4337,10/13/09,ARV,106-HT-T30,21-Dec-09,Air,Pediatric,60,0.12,BRISTOL-MYERS SQUIBB,CIP,29
12828,DN-937,Bioline,Kenya,25-Sep-08,25-Sep-08,MIssing,Test kit,Yes,1250,From RDC,"HIV 1/2, Bioline 3.0 Kit, Lancets, Capillary pipets, Alcohol swabs included, 25 Tests",640,20000,400000.0,PMO - US,"Standard Diagnostics, Korea","HIV 1/2, Bioline 3.0 Kit, Lancets, Capillary pipets, Alcohol swabs included",20.0,N/A - From RDC,SO-11450,Pre-PQ Process,Pre-PQ Process,HRDT,102-KE-T01,25-Sep-08,Truck,HIV test,25,0.8,SCMS from RDC,N/A - From RDC,6067
49749,ASN-19142,Determine,South Sudan,20-Jul-13,20-Jul-13,MIssing,Test kit - Ancillary,No,See ASN-19142 (ID#:22600),Direct Drop,"Chase Buffer, Determine, 100 Tests, 2.5ml x 1 Vial",0.71,115,575.0,PMO - US,"Alere Medical Co., Ltd.","Chase Buffer, Determine, 100 Tests, 2.5ml x 1 Vial",5.0,2/26/13,SCMS-176930,FPQ-11539,1/24/13,HRDT,105-SS-T30,20-Jul-13,Air,HIV test - Ancillary,1,5.0,"Orgenics, Ltd",EXW,See ASN-19142 (ID#:22600)
75153,ASN-23200,Stat-Pak,Nigeria,03-Jan-14,13-Jan-14,MIssing,Test kit,Yes,5758.84,Direct Drop,"HIV 1/2, Stat-Pak HIV, Kit, 20 Tests",132.09,3337,106784.0,PMO - US,Chembio Diagnostics Sys. Inc.,"HIV 1/2, Stat-Pak HIV, Kit",32.0,11-01-13,SCMS-210340,FPQ-12812,8/13/13,HRDT,133-NG-T30,03-Jan-14,Air,HIV test,20,1.6,"CHEMBIO DIAGNOSTIC SYSTEMS, INC.",EXW,1252
85463,DN-3652,Generic,Mozambique,23-May-14,13-Jun-14,150/300/200mg,Tablet - FDC,Yes,30202.86,From RDC,"Lamivudine/Nevirapine/Zidovudine 150/200/300mg, tablets, 60 Tabs",833.71,100000,811000.0,PMO - US,Hetero Unit III Hyderabad IN,Lamivudine/Nevirapine/Zidovudine,8.11,N/A - From RDC,SO-47085,FPQ-13123,10/21/13,ARV,111-MZ-T30,16-Jun-14,Truck,Adult,60,0.14,SCMS from RDC,N/A - From RDC,48109
84651,DN-2237,Generic,Benin,09-Jun-11,09-Jun-11,300/300mg,Tablet - FDC,No,See DN-2237 (ID#:82954),From RDC,"Lamivudine/Tenofovir Disoproxil Fumarate 300/300mg, tablets, 30 Tabs",64.72,4545,39223.35,PMO - US,Mylan (formerly Matrix) Nashik,Lamivudine/Tenofovir Disoproxil Fumarate,8.63,N/A - From RDC,SO-39790,FPQ-7658,5/15/11,ARV,100-BJ-T30,13-Jun-11,Air,Adult,30,0.29,SCMS from RDC,N/A - From RDC,See DN-2237 (ID#:82954)
62634,ASN-32260,Generic,Vietnam,13-Jul-15,14-Jul-15,600/300/300mg,Tablet - FDC,Yes,3809.94,Direct Drop,"Efavirenz/Lamivudine/Tenofovir Disoproxil Fumarate 600/300/300mg, tablets, 30 Tabs",209.04,17760,177600.0,PMO - US,Hetero Unit III Hyderabad IN,Efavirenz/Lamivudine/Tenofovir Disoproxil Fumarate,10.0,2/17/15,SCMS-274370,FPQ-15692,1/28/15,ARV,108-VN-T30,13-Jul-15,Air,Adult,30,0.33,HETERO LABS LIMITED,EXW,2516
85668,DN-1703,Generic,Nigeria,31-Mar-10,31-Mar-10,200mg,Tablet,Yes,Freight Included in Commodity Cost,From RDC,"Nevirapine 200mg, tablets, 60 Tabs",115.96,19701,53783.73,PMO - US,Hetero Unit III Hyderabad IN,Nevirapine,2.73,N/A - From RDC,SO-34893,FPQ-4537,11-06-09,ARV,151-NG-T30,19-Apr-10,Air Charter,Adult,60,0.05,SCMS from RDC,N/A - From RDC,1150
86095,DN-3754,Generic,Zambia,04-Jul-14,08-Sep-14,300/300mg,Tablet - FDC,Yes,5236.92,From RDC,"Lamivudine/Tenofovir Disoproxil Fumarate 300/300mg, tablets, 30 Tabs",142.24,29440,138368.0,PMO - US,"Aurobindo Unit VII, IN",Lamivudine/Tenofovir Disoproxil Fumarate,4.7,N/A - From RDC,SO-48020,FPQ-13679,02-02-14,ARV,100-ZM-T30,30-Jun-14,Truck,Adult,30,0.16,SCMS from RDC,N/A - From RDC,2438
85260,DN-2651,Generic,Nigeria,30-Apr-12,30-Apr-12,300/300mg,Tablet - FDC,Yes,27441.25,From RDC,"Lamivudine/Tenofovir Disoproxil Fumarate 300/300mg, tablets, 30 Tabs",308.2,39680,219827.2,PMO - US,Mylan (formerly Matrix) Nashik,Lamivudine/Tenofovir Disoproxil Fumarate,5.54,N/A - From RDC,SO-41923,FPQ-9432,03-01-12,ARV,151-NG-T30,02-Aug-12,Air Charter,Adult,30,0.18,SCMS from RDC,N/A - From RDC,3329
55017,ASN-21502,Generic,Tanzania,23-Oct-13,23-Oct-13,600/200/300mg,Tablet - FDC,Yes,20312.64,Direct Drop,"Efavirenz/Emtricitabine/Tenofovir Disoproxil Fumarate 600/200/300mg, tablets, 30 Tabs",2532.72,163929,2047473.21,PMO - US,Mylan (formerly Matrix) Nashik,Efavirenz/Emtricitabine/Tenofovir Disoproxil Fumarate,12.49,8/27/13,SCMS-198801,FPQ-12540,07-03-13,ARV,109-TZ-T30,23-Oct-13,Ocean,Adult,30,0.42,MYLAN LABORATORIES LTD (FORMERLY MATRIX LABORATORIES),EXW,21675
86772,DN-4097,Generic,Nigeria,14-Jan-15,20-Jan-15,300/300mg,Tablet - FDC,No,See DN-4097 (ID#:85009),From RDC,"Lamivudine/Tenofovir Disoproxil Fumarate 300/300mg, tablets, 30 Tabs",1407.49,296996,1369151.56,PMO - US,Hetero Unit III Hyderabad IN,Lamivudine/Tenofovir Disoproxil Fumarate,4.61,N/A - From RDC,SO-48908,FPQ-14156,4/25/14,ARV,151-NG-T30,30-Jan-15,Air Charter,Adult,30,0.15,SCMS from RDC,N/A - From RDC,See DN-4097 (ID#:85009)
47312,ASN-23875,Generic,South Africa,13-Jan-14,13-Jan-14,200/300mg,Tablet - FDC,No,Freight Included in Commodity Cost,Direct Drop,"Emtricitabine/Tenofovir Disoproxil Fumarate 200/300mg, tablets, 30 Tabs",0.8,26,777.92,PMO - US,"Aurobindo Unit III, India",Emtricitabine/Tenofovir Disoproxil Fumarate,29.92,12-02-13,SCMS-215410,FPQ-13214,11/14/13,ARV,116-ZA-T30,13-Jan-14,Truck,Adult,30,1.0,S. BUYS WHOLESALER,DDP,Weight Captured Separately
85070,DN-1510,Generic,CÃte dIvoire,05-Nov-09,05-Nov-09,150/300mg,Tablet - FDC,No,See DN-1510 (ID#:84506),From RDC,"Lamivudine/Zidovudine 150/300mg, tablets, 60 Tabs",709.72,41336,362103.36,PMO - US,"Aurobindo Unit III, India",Lamivudine/Zidovudine,8.76,N/A - From RDC,SO-33040,FPQ-3964,7/24/09,ARV,104-CI-T30,01-Dec-09,Air,Adult,60,0.15,SCMS from RDC,N/A - From RDC,See DN-1510 (ID#:84506)
84949,DN-3805,Generic,Mozambique,05-Sep-14,08-Sep-14,300mg,Tablet,Yes,166.96,From RDC,"Tenofovir Disoproxil Fumarate 300mg, tablets, 30 Tabs",3.11,800,3024.0,PMO - US,Hetero Unit III Hyderabad IN,Tenofovir Disoproxil Fumarate,3.78,N/A - From RDC,SO-48871,FPQ-14226,05-02-14,ARV,111-MZ-T30,30-Sep-14,Truck,Adult,30,0.13,SCMS from RDC,N/A - From RDC,64
82323,DN-1863,Generic,Nigeria,28-Jun-10,28-Jun-10,150/300/200mg,Tablet - FDC,Yes,Freight Included in Commodity Cost,From RDC,"Lamivudine/Nevirapine/Zidovudine 150/200/300mg, tablets, 60 Tabs",1041.39,43050,483021.0,PMO - US,"Aurobindo Unit III, India",Lamivudine/Nevirapine/Zidovudine,11.22,N/A - From RDC,SO-36571,FPQ-4537,11-06-09,ARV,151-NG-T30,30-Jun-10,Air Charter,Adult,60,0.19,SCMS from RDC,N/A - From RDC,5067
1646,ASN-1612,Uni-Gold,Guyana,06-May-08,06-May-08,MIssing,Test kit,Yes,3740.04,Direct Drop,"HIV 1/2, Uni-Gold HIV Kit, 20 Tests",42.6,832,26624.0,PMO - US,"Trinity Biotech, Plc","HIV 1/2, Uni-Gold HIV Kit",32.0,2/28/08,SCMS-18490,Pre-PQ Process,Pre-PQ Process,HRDT,102-GY-T01,06-May-08,Air,HIV test,20,1.6,"Trinity Biotech, Plc",EXW,832
9179,ASN-4184,Uni-Gold,Botswana,19-Jun-09,19-Jun-09,MIssing,Test kit,Yes,808,Direct Drop,"HIV 1/2, Uni-Gold HIV Kit, 20 Tests",4.7,75,2400.0,PMO - US,"Trinity Biotech, Plc","HIV 1/2, Uni-Gold HIV Kit",32.0,5/18/09,SCMS-46110,Pre-PQ Process,Pre-PQ Process,HRDT,102-BW-T01,19-Jun-09,Air,HIV test,20,1.6,"Trinity Biotech, Plc",EXW,25
33263,ASN-16866,Videx,Haiti,08-Nov-12,08-Nov-12,2g,Powder for oral solution,Yes,1662.72,Direct Drop,"Didanosine 2g [Videx], powder for oral solution 10mg/ml, reconstitute to 200 ml",1.73,98,1233.82,PMO - US,Bristol-Myers Squibb Anagni IT,Didanosine,12.59,08-03-12,SCMS-147160,FPQ-9621,4/20/12,ARV,106-HT-T30,08-Nov-12,Air,Pediatric,200,0.06,LAWRENCE LABORATORIES (SUBSIDIARY OF BRISTOL MYERS SQUIBB),FCA,22
82631,DN-3481,Generic,Rwanda,10-Jan-14,31-Jan-14,150/300mg,Tablet - FDC,Yes,20049.08,From RDC,"Lamivudine/Zidovudine 150/300mg, tablets, 60 Tabs",138.54,16000,112000.0,PMO - US,"Cipla, Goa, India",Lamivudine/Zidovudine,7.0,N/A - From RDC,SO-46491,FPQ-12766,08-02-13,ARV,107-RW-T30,31-Jan-14,Truck,Adult,60,0.12,SCMS from RDC,N/A - From RDC,1412
85506,DN-3819,Generic,Zambia,23-Jul-14,28-Aug-14,600/300/300mg,Tablet - FDC,Yes,67855.39,From RDC,"Efavirenz/Lamivudine/Tenofovir Disoproxil Fumarate 600/300/300mg, tablets, 30 Tabs",3906.35,352500,3799950.0,PMO - US,Hetero Unit III Hyderabad IN,Efavirenz/Lamivudine/Tenofovir Disoproxil Fumarate,10.78,N/A - From RDC,SO-48000,FPQ-13692,02-06-14,ARV,110-ZM-T30,31-Jul-14,Truck,Adult,30,0.36,SCMS from RDC,N/A - From RDC,82137
37506,ASN-6189,Aluvia,Vietnam,22-Mar-10,22-Mar-10,200/50mg,Tablet,Yes,5417.87,Direct Drop,"Lopinavir/Ritonavir 200/50mg [Aluvia], tablets, 120 Tabs",738.13,4165,342363.0,PMO - US,ABBVIE Ludwigshafen Germany,Lopinavir/Ritonavir,82.2,01-11-10,SCMS-62370,FPQ-4720,01-04-09,ARV,108-VN-T30,22-Mar-10,Air,Adult,120,0.68,ABBVIE LOGISTICS (FORMERLY ABBOTT LOGISTICS BV),FCA,1010
84076,DN-2165,Generic,Nigeria,11-May-11,11-May-11,150/200/30mg,Tablet - FDC,Yes,12601.07,From RDC,"Lamivudine/Nevirapine/Stavudine 150/200/30mg, tablets, 60 Tabs",18.35,2000,11120.0,PMO - US,"Cipla, Goa, India",Lamivudine/Nevirapine/Stavudine,5.56,N/A - From RDC,SO-39160,FPQ-7217,2/21/11,ARV,151-NG-T30,15-Jun-11,Air Charter,Adult,60,0.09,SCMS from RDC,N/A - From RDC,209
86435,DN-2492,Generic,"Congo, DRC",14-Feb-12,14-Feb-12,150/300mg,Tablet - FDC,No,See DN-2492 (ID#:82999),From RDC,"Lamivudine/Zidovudine 150/300mg, tablets, 60 Tabs",0.23,20,165.2,PMO - US,"Aurobindo Unit III, India",Lamivudine/Zidovudine,8.26,N/A - From RDC,SO-41130,FPQ-8840,11/21/11,ARV,101-CD-T30,16-Mar-12,Air,Adult,60,0.14,SCMS from RDC,N/A - From RDC,See DN-2492 (ID#:82999)
4461,ASN-2293,Videx,South Africa,08-May-08,08-May-08,25mg,Chewable/dispersible tablet,No,Freight Included in Commodity Cost,Direct Drop,"Didanosine 25mg [Videx], chewable tablets, 60 Tabs",0.08,4,52.96,PMO - US,"BMS Meymac, France",Didanosine,13.24,Date Not Captured,SCMS-23500,Pre-PQ Process,Pre-PQ Process,ARV,116-ZA-T01,20-Aug-08,Truck,Pediatric,60,0.22,S. BUYS WHOLESALER,DDP,Weight Captured Separately
58111,ASN-8904,Generic,South Africa,06-Jan-11,06-Jan-11,10mg/ml,Oral suspension,Yes,8169.7,Direct Drop,"Nevirapine 10mg/ml, oral suspension w/syringe, Bottle, 240 ml",48.92,10702,22688.24,PMO - US,"Aurobindo Unit III, India",Nevirapine,2.12,9/24/10,SCMS-83790,FPQ-6262,8/31/10,ARV,161-ZA-T30,06-Jan-11,Ocean,Pediatric,240,0.01,Aurobindo Pharma Limited,DDP,3967
84909,DN-3589,Generic,Uganda,18-Apr-14,28-Apr-14,150/300mg,Tablet - FDC,No,See DN-3589 (ID#:82657),From RDC,"Lamivudine/Zidovudine 150/300mg, tablets, 60 Tabs",25.99,3757,25284.61,PMO - US,"Aurobindo Unit III, India",Lamivudine/Zidovudine,6.73,N/A - From RDC,SO-46870,FPQ-13108,10/16/13,ARV,114-UG-T30,20-Apr-14,Truck,Adult,60,0.11,SCMS from RDC,N/A - From RDC,See DN-3589 (ID#:82657)
85753,DN-2172,Generic,Nigeria,11-May-11,11-May-11,300mg,Tablet,Yes,12601.07,From RDC,"Tenofovir Disoproxil Fumarate 300mg, tablets, 30 Tabs",1.69,156,1024.92,PMO - US,Mylan (formerly Matrix) Nashik,Tenofovir Disoproxil Fumarate,6.57,N/A - From RDC,SO-39220,FPQ-6800,12-07-10,ARV,151-NG-T30,21-Jun-11,Air Charter,Adult,30,0.22,SCMS from RDC,N/A - From RDC,9
11616,DN-985,Generic,Uganda,09-Jan-09,09-Jan-09,150/200/30mg,Tablet - FDC,Yes,2331.03,From RDC,"Lamivudine/Nevirapine/Stavudine 150/200/30mg, tablets, 60 Tabs",47.61,3374,24292.8,PMO - US,"Strides, Bangalore, India.",Lamivudine/Nevirapine/Stavudine,7.2,N/A - From RDC,SO-17820,Pre-PQ Process,Pre-PQ Process,ARV,114-UG-T01,09-Jan-09,Air,Adult,60,0.12,SCMS from RDC,N/A - From RDC,250
85400,DN-3327,Generic,Zambia,17-Sep-13,17-Sep-13,300mg,Tablet,Yes,14316.94,From RDC,"Abacavir 300mg, tablets, 60 Tabs",878.91,62000,710520.0,PMO - US,Mylan (formerly Matrix) Nashik,Abacavir,11.46,N/A - From RDC,SO-45060,FPQ-12066,4/19/13,ARV,110-ZM-T30,30-Sep-13,Truck,Adult,60,0.19,SCMS from RDC,N/A - From RDC,6795
57928,ASN-6291,Determine,Zambia,18-Mar-10,18-Mar-10,MIssing,Test kit,Yes,16061.5,Direct Drop,"HIV 1/2, Determine Complete HIV Kit, 100 Tests",325.99,2100,151200.0,PMO - US,Inverness Japan,"HIV 1/2, Determine Complete HIV Kit",72.0,12/22/09,SCMS-60710,FPQ-4691,12/16/09,HRDT,110-ZM-T30,18-Mar-10,Air,HIV test,100,0.72,"Orgenics, Ltd",EXW,1016
84059,DN-2106,Generic,CÃte dIvoire,22-Feb-11,22-Feb-11,10mg/ml,Oral solution,No,See DN-2106 (ID#:82933),From RDC,"Lamivudine 10mg/ml, oral solution w/syringe, Bottle, 240 ml",14.6,3660,6771.0,PMO - US,"Aurobindo Unit III, India",Lamivudine,1.85,N/A - From RDC,SO-38380,FPQ-6144,08-03-10,ARV,104-CI-T30,31-Jan-11,Air,Pediatric,240,0.01,SCMS from RDC,N/A - From RDC,See DN-2106 (ID#:82933)
52460,ASN-13518,Generic,Rwanda,27-Jan-12,27-Jan-12,100/25mg,Tablet,Yes,3035.87,Direct Drop,"Lopinavir/Ritonavir 100/25mg [Aluvia], tablets, 60 Tabs",17.75,1395,10755.45,PMO - US,ABBVIE Ludwigshafen Germany,Lopinavir/Ritonavir,7.71,11-11-11,SCMS-126470,FPQ-8365,10/26/11,ARV,107-RW-T30,27-Jan-12,Air,Pediatric,60,0.13,ABBVIE LOGISTICS (FORMERLY ABBOTT LOGISTICS BV),FCA,188
35352,ASN-14125,Generic,Rwanda,30-Mar-12,30-Mar-12,250mg,Delayed-release capsules,No,See ASN-14125 (ID#:22658),Direct Drop,"Didanosine 250mg, delayed-release capsules, 30 Caps",25.42,1185,15405.0,PMO - US,"Aurobindo Unit III, India",Didanosine,13.0,11-09-11,SCMS-126490,FPQ-8365,10/26/11,ARV,107-RW-T30,30-Mar-12,Air,Adult,30,0.43,Aurobindo Pharma Limited,EXW,See ASN-14125 (ID#:22658)
22328,ASN-10249,Generic,South Africa,03-May-11,03-May-11,200mg,Capsule,Yes,4573.21,Direct Drop,"Efavirenz 200mg, capsule, 90 Caps",487.21,22643,225977.14,PMO - US,"Aurobindo Unit III, India",Efavirenz,9.98,9/24/10,SCMS-83730,FPQ-6262,8/31/10,ARV,161-ZA-T30,03-May-11,Ocean,Pediatric,90,0.11,Aurobindo Pharma Limited,DDP,3000
50078,ASN-5933,Videx EC,South Africa,29-Dec-09,29-Dec-09,400mg,Delayed-release capsules - blister,No,Freight Included in Commodity Cost,Direct Drop,"Didanosine EC 400mg [Videx EC], delayed-release capsules, Blister 3 x 10 Caps",1.82,30,846.07,PMO - US,"BMS Meymac, France",Didanosine EC,28.2,12/23/09,SCMS-60170,FPQ-4770,12/17/09,ARV,116-ZA-T30,29-Dec-09,Truck,Adult,30,0.94,S. BUYS WHOLESALER,DDP,Weight Captured Separately
46447,ASN-22706,Prezista,Uganda,20-Nov-13,21-Nov-13,300mg,Tablet,Yes,359.53,Direct Drop,"Darunavir 300mg [Prezista], tablets, 120 Tabs",69.29,841,56010.6,PMO - US,"Aspen-OSD, Port Elizabeth, SA",Darunavir,66.6,07-03-13,SCMS-192170,FPQ-12290,5/17/13,ARV,114-UG-T30,20-Nov-13,Air,Adult,120,0.55,ASPEN PHARMACARE,CIP,169
67142,ASN-9056,Aluvia,CÃte dIvoire,14-Jan-11,14-Jan-11,200/50mg,Tablet,Yes,13562.35,Direct Drop,"Lopinavir/Ritonavir 200/50mg [Aluvia], tablets, 120 Tabs",613.35,10280,371724.8,PMO - US,ABBVIE Ludwigshafen Germany,Lopinavir/Ritonavir,36.16,11-11-10,SCMS-91840,FPQ-6663,11-04-10,ARV,104-CI-T30,14-Jan-11,Air,Adult,120,0.3,ABBVIE LOGISTICS (FORMERLY ABBOTT LOGISTICS BV),FCA,2573
62814,ASN-22938,Generic,Zambia,13-Jan-14,30-Jan-14,150mg,Tablet,Yes,6020.81,Direct Drop,"Lamivudine 150mg, tablets, 60 Tabs",44.2,20000,43000.0,PMO - US,"Aurobindo Unit III, India",Lamivudine,2.15,10/21/13,SCMS-211060,FPQ-13084,10-11-13,ARV,110-ZM-T30,13-Jan-14,Air,Adult,60,0.04,Aurobindo Pharma Limited,EXW,980
1285,ASN-136,Uni-Gold,Guyana,29-Dec-06,29-Dec-06,MIssing,Test kit,Yes,4989.87,Direct Drop,"HIV 1/2, Uni-Gold HIV Kit, 20 Tests",MIssing,900,36000.0,PMO - US,"Trinity Biotech, Plc","HIV 1/2, Uni-Gold HIV Kit",40.0,Date Not Captured,SCMS-177,Pre-PQ Process,Pre-PQ Process,HRDT,102-GY-T01,29-Dec-06,Air,HIV test,20,2.0,"Trinity Biotech, Plc",EXW,316
60573,ASN-27980,Generic,South Africa,27-Aug-14,27-Aug-14,50mg,Capsule,No,Freight Included in Commodity Cost,Direct Drop,"Efavirenz 50mg, capsule, 30 Caps",0.07,16,53.06,PMO - US,"Aurobindo Unit III, India",Efavirenz,3.32,8/27/14,SCMS-199283,FPQ-12522,07-11-13,ARV,116-ZA-T30,27-Aug-14,Truck,Pediatric,30,0.11,S. BUYS WHOLESALER,DDP,Weight Captured Separately
82976,DN-2329,Generic,Uganda,24-Aug-11,24-Aug-11,600mg,Tablet,Yes,79938.08,From RDC,"Efavirenz 600mg, tablets, 30 Tabs",329.43,47312,199656.64,PMO - US,Mylan (formerly Matrix) Nashik,Efavirenz,4.22,N/A - From RDC,SO-38800,FPQ-7162,2/14/11,ARV,114-UG-T30,05-Aug-11,Truck,Adult,30,0.14,SCMS from RDC,N/A - From RDC,20230
82429,DN-2478,Generic,"Congo, DRC",03-Jan-12,03-Jan-12,150/300mg,Tablet - FDC,Yes,1182.25,From RDC,"Lamivudine/Zidovudine 150/300mg, tablets, 60 Tabs",17.37,1500,12390.0,PMO - US,"Aurobindo Unit III, India",Lamivudine/Zidovudine,8.26,N/A - From RDC,SO-41230,FPQ-9015,12-12-11,ARV,101-CD-T30,27-Dec-11,Air,Adult,60,0.14,SCMS from RDC,N/A - From RDC,147
45705,ASN-10555,Generic,South Africa,13-Jun-11,13-Jun-11,300mg,Tablet,Yes,Freight Included in Commodity Cost,Direct Drop,"Tenofovir Disoproxil Fumarate 300mg, tablets, 30 Tabs",317.18,28907,192231.55,PMO - US,"Aurobindo Unit III, India",Tenofovir Disoproxil Fumarate,6.65,12/14/10,SCMS-93530,FPQ-6708,11/26/10,ARV,161-ZA-T30,07-Apr-11,Ocean,Adult,30,0.22,Aurobindo Pharma Limited,DDP,Weight Captured Separately
82475,DN-2657,Generic,Zambia,28-May-12,28-May-12,600/200/300mg,Tablet - FDC,Yes,6079.27,From RDC,"Efavirenz/Emtricitabine/Tenofovir Disoproxil Fumarate 600/200/300mg, tablets, 30 Tabs",4026.82,150000,2440500.0,PMO - US,Mylan (formerly Matrix) Nashik,Efavirenz/Emtricitabine/Tenofovir Disoproxil Fumarate,16.27,N/A - From RDC,SO-40950,FPQ-8476,9/27/11,ARV,110-ZM-T30,01-Jun-12,Truck,Adult,30,0.54,SCMS from RDC,N/A - From RDC,17001
86504,DN-2790,Generic,Ethiopia,30-Aug-12,30-Aug-12,10mg/ml,Oral suspension,Yes,33216.14,From RDC,"Nevirapine 10mg/ml, oral suspension w/syringe, Bottle, 240 ml",82.02,30000,58500.0,PMO - US,"Aurobindo Unit III, India",Nevirapine,1.95,N/A - From RDC,SO-42910,FPQ-10308,7/23/12,ARV,117-ET-T30,30-Aug-12,Air,Pediatric,240,0.01,SCMS from RDC,N/A - From RDC,11101
6988,ASN-1552,Determine,Nigeria,08-May-08,08-May-08,MIssing,Test kit,Yes,1629,Direct Drop,"HIV 1/2, Determine HIV Kit, without Lancets, 100 Tests",36.48,285,22797.15,PMO - US,Inverness Japan,"HIV 1/2, Determine HIV Kit, without Lancets",79.99,03-11-08,SCMS-18740,Pre-PQ Process,Pre-PQ Process,HRDT,123-NG-T01,08-May-08,Air,HIV test,100,0.8,"Orgenics, Ltd",EXW,64
71386,ASN-32756,Determine,Nigeria,29-Jun-15,02-Jul-15,MIssing,Test kit,Yes,29274.16,Direct Drop,"HIV 1/2, Determine Complete HIV Kit, 100 Tests",665.18,6350,565150.0,PMO - US,"Alere Medical Co., Ltd.","HIV 1/2, Determine Complete HIV Kit",89.0,3/13/15,SCMS-270771,FPQ-15504,12-08-14,HRDT,133-NG-T30,30-Jun-15,Air,HIV test,100,0.89,"Orgenics, Ltd",EXW,2575
12843,DN-1098,Generic,CÃte dIvoire,27-Feb-09,27-Feb-09,10mg/ml,Oral solution,No,See DN-1098 (ID#:12242),From RDC,"Zidovudine 10mg/ml, oral solution, Bottle, 240 ml",11.52,2800,5880.0,PMO - US,"Aurobindo Unit III, India",Zidovudine,2.1,N/A - From RDC,SO-21841,Pre-PQ Process,Pre-PQ Process,ARV,104-CI-T01,27-Feb-09,Air,Pediatric,240,0.01,SCMS from RDC,N/A - From RDC,See DN-1098 (ID#:12242)
73152,ASN-31572,Generic,Haiti,11-May-15,13-May-15,150/300mg,Tablet - FDC,No,See ASN-31572 (ID#:24983),Direct Drop,"Lamivudine/Zidovudine 150/300mg, tablets, 60 Tabs",139.1,19987,135311.99,PMO - US,"Aurobindo Unit III, India",Lamivudine/Zidovudine,6.77,12/24/14,SCMS-263170,FPQ-15038,10/22/14,ARV,106-HT-T30,11-May-15,Air,Adult,60,0.11,Aurobindo Pharma Limited,EXW,See ASN-31572 (ID#:24983)
83564,DN-2511,Generic,"Congo, DRC",14-Mar-12,14-Mar-12,300mg,Tablet,No,See DN-2511 (ID#:83563),From RDC,"Zidovudine 300mg, tablets, 60 Tabs",16.73,1700,11934.0,PMO - US,Hetero Unit III Hyderabad IN,Zidovudine,7.02,N/A - From RDC,SO-41147,FPQ-8840,11/21/11,ARV,101-CD-T30,16-Mar-12,Air,Adult,60,0.12,SCMS from RDC,N/A - From RDC,See DN-2511 (ID#:83563)
82790,DN-4212,Generic,CÃte dIvoire,29-Apr-15,29-Apr-15,600/300mg,Tablet - FDC,Yes,1076.5,From RDC,"Abacavir/Lamivudine 600/300mg, tablets, 30 Tabs",15.33,1134,14912.1,PMO - US,Mylan (formerly Matrix) Nashik,Abacavir/Lamivudine,13.15,N/A - From RDC,SO-49072,FPQ-14370,5/23/14,ARV,104-CI-T30,29-May-15,Truck,Adult,30,0.44,SCMS from RDC,N/A - From RDC,121
75595,ASN-13447,Generic,Haiti,23-Jan-12,23-Jan-12,MIssing,Test kit,Yes,702.42,Direct Drop,"Malaria Antigen P.f , HRP2, Kit, 25 Tests",0.06,4,45.0,PMO - US,"Standard Diagnostics, Korea","Malaria Antigen P.f , HRP2, Kit",11.25,12/29/11,SCMS-131030,FPQ-8671,11-09-11,MRDT,122-HT-T30,23-Jan-12,Air,Malaria,25,0.45,"Standard Diagnostics, Inc.",EXW,2
12902,DN-1372,Generic,Haiti,27-Aug-09,27-Aug-09,10mg/ml,Oral solution,Yes,11774.5,From RDC,"Zidovudine 10mg/ml, oral solution, Bottle, 240 ml",11.35,2757,5789.7,PMO - US,"Aurobindo Unit III, India",Zidovudine,2.1,N/A - From RDC,SO-32750,Pre-PQ Process,Date Not Captured,ARV,106-HT-T01,27-Aug-09,Air,Pediatric,240,0.01,SCMS from RDC,N/A - From RDC,1038
85566,DN-4144,Generic,Burundi,28-Feb-15,05-Mar-15,30/60mg,Chewable/dispersible tablet - FDC,No,See DN-4144 (ID#:82781),From RDC,"Lamivudine/Zidovudine 30/60mg, dispersible tablets, 60 Tabs",0.76,325,646.75,PMO - US,"Cipla, Goa, India",Lamivudine/Zidovudine,1.99,N/A - From RDC,SO-50270,FPQ-15406,11/19/14,ARV,102-BI-T30,27-Feb-15,Air,Pediatric,60,0.03,SCMS from RDC,N/A - From RDC,See DN-4144 (ID#:82781)
85356,DN-3125,Generic,South Sudan,24-Apr-13,24-Apr-13,600/300/300mg,Tablet - FDC,No,See DN-3125 (ID#:82571),From RDC,"Efavirenz/Lamivudine/Tenofovir Disoproxil Fumarate 600/300/300mg, tablets, 30 Tabs",16.63,1278,13444.56,PMO - US,Hetero Unit III Hyderabad IN,Efavirenz/Lamivudine/Tenofovir Disoproxil Fumarate,10.52,N/A - From RDC,SO-44630,FPQ-11489,1/16/13,ARV,103-SS-T30,30-Apr-13,Air,Adult,30,0.35,SCMS from RDC,N/A - From RDC,See DN-3125 (ID#:82571)
11928,DN-1089,Generic,CÃte dIvoire,02-Mar-09,02-Mar-09,1mg/ml,Oral solution,Yes,1297.57,From RDC,"Stavudine 1mg/ml, powder for oral solution, 200 ml",3.29,1200,1680.0,PMO - US,"Aurobindo Unit III, India",Stavudine,1.4,N/A - From RDC,SO-16221,Pre-PQ Process,Pre-PQ Process,ARV,104-CI-T01,02-Mar-09,Air,Pediatric,200,0.01,SCMS from RDC,N/A - From RDC,115
52144,ASN-18600,Determine,Nigeria,20-Mar-13,20-Mar-13,MIssing,Test kit,Yes,26380.35,Direct Drop,"HIV 1/2, Determine Complete HIV Kit, 100 Tests",359.36,2880,256320.0,PMO - US,"Alere Medical Co., Ltd.","HIV 1/2, Determine Complete HIV Kit",89.0,10/16/12,SCMS-162440,FPQ-10765,10-05-12,HRDT,133-NG-T30,09-Jan-13,Air,HIV test,100,0.89,"Orgenics, Ltd",EXW,1249
543,ASN-2504,OraQuick,Haiti,30-Sep-08,30-Sep-08,MIssing,Test kit,Yes,782.13,Direct Drop,"HIV 1/2, OraQuick Advance HIV Rapid Antibody Kit, 100 Tests",15.68,28,9800.0,PMO - US,"Pacific Biotech, Thailand","HIV 1/2, OraQuick Advance HIV Rapid Antibody Kit",350.0,5/20/08,SCMS-23840,Pre-PQ Process,Pre-PQ Process,HRDT,106-HT-T01,30-Sep-08,Air,HIV test,100,3.5,Orasure Technologies Inc.,EXW,109
85075,DN-1533,Generic,Nigeria,20-Nov-09,20-Nov-09,150mg,Tablet,Yes,Freight Included in Commodity Cost,From RDC,"Lamivudine 150mg, tablets, 60 Tabs",239.12,50000,122000.0,PMO - US,"Aurobindo Unit III, India",Lamivudine,2.44,N/A - From RDC,SO-33280,FPQ-4071,08-12-09,ARV,123-NG-T30,24-Nov-09,Air Charter,Adult,60,0.04,SCMS from RDC,N/A - From RDC,2390
73087,ASN-9408,Generic,Vietnam,16-Feb-11,16-Feb-11,150/300mg,Tablet - FDC,No,See ASN-9408 (ID#:39263),Direct Drop,"Lamivudine/Zidovudine 150/300mg, tablets, 60 Tabs",630.09,35000,292250.0,PMO - US,Hetero Unit III Hyderabad IN,Lamivudine/Zidovudine,8.35,10/18/10,SCMS-87780,FPQ-6384,9/30/10,ARV,108-VN-T30,16-Feb-11,Air,Adult,60,0.14,HETERO LABS LIMITED,EXW,See ASN-9408 (ID#:39263)
6401,ASN-3752,Zerit,South Africa,21-Nov-08,21-Nov-08,1mg/ml,Powder for oral solution,No,Freight Included in Commodity Cost,Direct Drop,"Stavudine 1mg/ml [Zerit], powder for oral solution, Bottle, 200 ml",0.86,400,440.0,PMO - US,"BMS Meymac, France",Stavudine,1.1,Date Not Captured,SCMS-41140,Pre-PQ Process,Pre-PQ Process,ARV,116-ZA-T01,31-Mar-09,Air,Pediatric,200,0.01,S. BUYS WHOLESALER,DDP,Weight Captured Separately
85646,DN-1589,Generic,Haiti,16-Dec-09,16-Dec-09,10mg/ml,Oral solution,Yes,8329.13,From RDC,"Lamivudine 10mg/ml, oral solution, Bottle, 240 ml",16.7,4077,7746.3,PMO - US,"Aurobindo Unit III, India",Lamivudine,1.9,N/A - From RDC,SO-35180,FPQ-4469,9/23/09,ARV,106-HT-T30,22-Dec-09,Air,Pediatric,240,0.01,SCMS from RDC,N/A - From RDC,1404
82509,DN-2849,Generic,Uganda,30-Oct-12,30-Oct-12,600mg,Tablet,Yes,24889,From RDC,"Efavirenz 600mg, tablets, 30 Tabs",328.91,60000,234600.0,PMO - US,Hetero Unit III Hyderabad IN,Efavirenz,3.91,N/A - From RDC,SO-42590,FPQ-10048,06-06-12,ARV,900-UG-T30,30-Oct-12,Air,Adult,30,0.13,SCMS from RDC,N/A - From RDC,5000
12602,DN-1300,Generic,Uganda,15-Sep-09,15-Sep-09,200mg,Tablet,No,See DN-1300 (ID#:11669),From RDC,"Nevirapine 200mg, tablets, 60 Tabs",12.79,2250,6525.0,PMO - US,"Aurobindo Unit III, India",Nevirapine,2.9,N/A - From RDC,SO-31460,Pre-PQ Process,Date Not Captured,ARV,114-UG-T01,15-Sep-09,Air,Adult,60,0.05,SCMS from RDC,N/A - From RDC,See DN-1300 (ID#:11669)
1298,ASN-386,Generic,Vietnam,12-May-07,12-May-07,150/200/30mg,Tablet - FDC,Yes,31858.09,Direct Drop,"Lamivudine/Nevirapine/Stavudine 150/200/30mg, tablets, 60 Tabs",MIssing,70000,525000.0,PMO - US,"Cipla, Goa, India",Lamivudine/Nevirapine/Stavudine,7.5,01-09-07,SCMS-262,Pre-PQ Process,Pre-PQ Process,ARV,108-VN-T01,12-May-07,Air,Adult,60,0.12,CIPLA LIMITED,EXW,6813
8737,ASN-2947,Uni-Gold,Namibia,22-Dec-08,22-Dec-08,MIssing,Test kit,Yes,7936.81,Direct Drop,"HIV 1/2, Uni-Gold HIV Kit, 20 Tests",40.77,650,20800.0,PMO - US,"Trinity Biotech, Plc","HIV 1/2, Uni-Gold HIV Kit",32.0,10/14/08,SCMS-31790,Pre-PQ Process,Pre-PQ Process,HRDT,119-NA-T01,22-Dec-08,Air,HIV test,20,1.6,"Trinity Biotech, Plc",EXW,278
76766,ASN-33362,Determine,Zambia,06-Aug-15,12-Aug-15,MIssing,Test kit,Yes,Invoiced Separately,Direct Drop,"HIV 1/2, Determine Complete HIV Kit, 100 Tests",49.9,530,42400.0,PMO - US,"Alere Medical Co., Ltd.","HIV 1/2, Determine Complete HIV Kit",80.0,6/16/15,SCMS-291890,FPQ-16227,4/23/15,HRDT,A01-ZM-T50,06-Aug-15,Air,HIV test,100,0.8,"Orgenics, Ltd",EXW,Weight Captured Separately
84109,DN-2348,Generic,Guyana,03-Oct-11,03-Oct-11,10mg/ml,Oral solution,No,See DN-2348 (ID#:82402),From RDC,"Zidovudine 10mg/ml, oral solution w/syringe, Bottle, 240 ml",1.28,385,777.7,PMO - US,"Aurobindo Unit III, India",Zidovudine,2.02,N/A - From RDC,SO-40440,FPQ-8023,8/19/11,ARV,105-GY-T30,18-Oct-11,Air,Pediatric,240,0.01,SCMS from RDC,N/A - From RDC,See DN-2348 (ID#:82402)
11284,DN-900,Generic,Zimbabwe,12-Sep-08,12-Sep-08,600mg,Tablet,Yes,30585.17,From RDC,"Efavirenz 600mg, tablets, 30 Tabs",76.86,4000,48040.0,PMO - US,"Aurobindo Unit III, India",Efavirenz,12.01,N/A - From RDC,SO-2503,Pre-PQ Process,Pre-PQ Process,ARV,113-ZW-T01,12-Sep-08,Truck,Adult,30,0.4,SCMS from RDC,N/A - From RDC,8481
13151,ASN-13217,Determine,Mozambique,30-Nov-11,30-Nov-11,MIssing,Test kit,Yes,Invoiced Separately,Direct Drop,"HIV 1/2, Determine HIV Kit, without Lancets, 100 Tests",0.13,1,77.7,PMO - US,Inverness Japan,"HIV 1/2, Determine HIV Kit, without Lancets",77.7,8/24/11,SCMS-118360,FPQ-8116,08-04-11,HRDT,111-MZ-T30,12-Dec-11,Air,HIV test,100,0.78,"Orgenics, Ltd",EXW,Weight Captured Separately
1282,ASN-272,Generic,Vietnam,14-Mar-07,14-Mar-07,150/300mg,Tablet - FDC,Yes,18772.94,Direct Drop,"Lamivudine/Zidovudine 150/300mg, tablets, 60 Tabs",MIssing,25100,276100.0,PMO - US,"Cipla, Goa, India",Lamivudine/Zidovudine,11.0,11/15/06,SCMS-169,Pre-PQ Process,Pre-PQ Process,ARV,108-VN-T01,14-Mar-07,Air,Adult,60,0.18,CIPLA LIMITED,EXW,2575
84159,DN-2619,Generic,Rwanda,29-Mar-12,29-Mar-12,20mg/ml,Oral solution,Yes,5044.26,From RDC,"Abacavir 20mg/ml, oral solution w/syringe, Bottle, 240 ml",26.09,1489,18612.5,PMO - US,"Aurobindo Unit III, India",Abacavir,12.5,N/A - From RDC,SO-41740,FPQ-9442,03-01-12,ARV,107-RW-T30,09-Apr-12,Air,Pediatric,240,0.05,SCMS from RDC,N/A - From RDC,557
82985,DN-2392,Generic,Mozambique,14-Dec-11,14-Dec-11,10mg/ml,Oral suspension,No,See DN-2392 (ID#:82413),From RDC,"Nevirapine 10mg/ml, oral suspension, Bottle, 240 ml",6.08,2047,3684.6,PMO - US,"Aurobindo Unit III, India",Nevirapine,1.8,N/A - From RDC,SO-38642,FPQ-7053,1/24/11,ARV,111-MZ-T30,14-Dec-11,Truck,Pediatric,240,0.01,SCMS from RDC,N/A - From RDC,See DN-2392 (ID#:82413)
68481,ASN-19634,Determine,CÃte dIvoire,04-Jun-13,04-Jun-13,MIssing,Test kit,Yes,36428.24,Direct Drop,"HIV 1/2, Determine Complete HIV Kit, 100 Tests",59.47,601,48080.0,PMO - US,"Alere Medical Co., Ltd.","HIV 1/2, Determine Complete HIV Kit",80.0,1/15/13,SCMS-173131,FPQ-11294,12/14/12,HRDT,104-CI-T30,04-Jun-13,Air,HIV test,100,0.8,"Orgenics, Ltd",EXW,264
11275,DN-1030,Generic,CÃte dIvoire,19-Dec-08,19-Dec-08,150/300mg,Tablet - FDC,Yes,2739.3,From RDC,"Lamivudine/Zidovudine 150/300mg, tablets, 60 Tabs",124.36,6786,63449.1,PMO - US,"Aurobindo Unit III, India",Lamivudine/Zidovudine,9.35,N/A - From RDC,SO-19320,Pre-PQ Process,Pre-PQ Process,ARV,104-CI-T01,19-Dec-08,Air,Adult,60,0.16,SCMS from RDC,N/A - From RDC,620
78103,ASN-27940,Generic,Zimbabwe,03-Nov-14,03-Nov-14,30/50/60mg,Chewable/dispersible tablet - FDC,Yes,22059.25,Direct Drop,"Lamivudine/Nevirapine/Zidovudine 30/50/60mg, dispersible tablets, 60 Tabs",757.6,204713,736966.8,PMO - US,Mylan (formerly Matrix) Nashik,Lamivudine/Nevirapine/Zidovudine,3.6,6/20/14,SCMS-239231,FPQ-13969,04-08-14,ARV,103-ZW-T30,03-Nov-14,Ocean,Pediatric,60,0.06,MYLAN LABORATORIES LTD (FORMERLY MATRIX LABORATORIES),EXW,11430
86735,DN-3957,Generic,Mozambique,01-Dec-14,01-Dec-14,600/300/300mg,Tablet - FDC,No,See DN-3957 (ID#:83283),From RDC,"Efavirenz/Lamivudine/Tenofovir Disoproxil Fumarate 600/300/300mg, tablets, 30 Tabs",216.01,19492,210123.76,PMO - US,Mylan (formerly Matrix) Nashik,Efavirenz/Lamivudine/Tenofovir Disoproxil Fumarate,10.78,N/A - From RDC,SO-48885,FPQ-14226,05-02-14,ARV,111-MZ-T30,31-Dec-14,Truck,Adult,30,0.36,SCMS from RDC,N/A - From RDC,See DN-3957 (ID#:83283)
48419,ASN-11379,Generic,South Africa,02-Nov-11,02-Nov-11,200mg,Tablet,Yes,19007.72,Direct Drop,"Nevirapine 200mg, tablets, 60 Tabs",48.55,10817,29422.24,PMO - US,"Cipla, Goa, India",Nevirapine,2.72,3/28/11,SCMS-104060,FPQ-7175,03-10-11,ARV,161-ZA-T30,06-Dec-11,Ocean,Adult,60,0.05,CIPLA LIMITED,DDP,1172
83750,DN-3476,Generic,Nigeria,10-Jan-14,16-Jan-14,150/300/200mg,Tablet - FDC,No,See DN-3476 (ID#:83198),From RDC,"Lamivudine/Nevirapine/Zidovudine 150/200/300mg, tablets, 60 Tabs",1507.11,142000,1218360.0,PMO - US,"Aurobindo Unit III, India",Lamivudine/Nevirapine/Zidovudine,8.58,N/A - From RDC,SO-45662,FPQ-12248,05-06-13,ARV,151-NG-T30,17-Jan-14,Air Charter,Adult,60,0.14,SCMS from RDC,N/A - From RDC,See DN-3476 (ID#:83198)
31892,ASN-5843,Generic,Ethiopia,22-Jan-10,22-Jan-10,150/30mg,Tablet - FDC,Yes,11789.31,Direct Drop,"Lamivudine/Stavudine 150/30mg, tablets, 60 Tabs",290.19,39939,134594.43,PMO - US,"Strides, Bangalore, India.",Lamivudine/Stavudine,3.37,12/29/09,SCMS-61150,FPQ-4752,12/23/09,ARV,117-ET-T30,22-Jan-10,Air,Adult,60,0.06,STRIDES ARCOLAB LIMITED,EXW,2038
11817,DN-545,Determine,CÃte dIvoire,25-Jan-08,25-Jan-08,MIssing,Test kit,Yes,2372.8,From RDC,"HIV 1/2, Determine HIV Kit, without Lancets, 100 Tests",143.98,1250,89987.5,PMO - US,Inverness Japan,"HIV 1/2, Determine HIV Kit, without Lancets",71.99,N/A - From RDC,SO-1482,Pre-PQ Process,Pre-PQ Process,HRDT,104-CI-T01,25-Jan-08,Air,HIV test,100,0.72,SCMS from RDC,N/A - From RDC,296
11295,DN-1084,Truvada,Uganda,05-Mar-09,05-Mar-09,300/200mg,Tablet - FDC,Yes,2151.27,From RDC,"Emtricitabine/Tenofovir Disoproxil Fumarate 200/300mg [Truvada], tablets, 30 Tabs",19.65,382,10027.5,PMO - US,"Aspen-OSD, Port Elizabeth, SA",Emtricitabine/Tenofovir Disoproxil Fumarate,26.25,N/A - From RDC,SO-17753,Pre-PQ Process,Pre-PQ Process,ARV,114-UG-T01,05-Mar-09,Air,Adult,30,0.88,SCMS from RDC,N/A - From RDC,177
11573,DN-1009,Generic,Nigeria,17-Nov-08,17-Nov-08,200mg,Tablet,Yes,4401.4,From RDC,"Nevirapine 200mg, tablets, 60 Tabs",16.35,2454,8343.6,PMO - US,"Aurobindo Unit III, India",Nevirapine,3.4,N/A - From RDC,SO-10650,Pre-PQ Process,Pre-PQ Process,ARV,130-NG-T01,17-Nov-08,Air,Adult,60,0.06,SCMS from RDC,N/A - From RDC,231
84814,DN-3143,Generic,Nigeria,03-May-13,03-May-13,600mg,Tablet,Yes,14547.55,From RDC,"Efavirenz 600mg, tablets, 30 Tabs",329.54,80000,266400.0,PMO - US,"Strides, Bangalore, India.",Efavirenz,3.33,N/A - From RDC,SO-43851,FPQ-11022,11/15/12,ARV,151-NG-T30,04-Jun-13,Air Charter,Adult,30,0.11,SCMS from RDC,N/A - From RDC,4847
11832,DN-488,Generic,Zimbabwe,14-Jan-08,14-Jan-08,150/200/30mg,Tablet - FDC,No,See DN-488 (ID#:10652),From RDC,"Lamivudine/Nevirapine/Stavudine 150/200/30mg, tablets, 60 Tabs",411.23,34732,257016.8,PMO - US,"Cipla, Goa, India",Lamivudine/Nevirapine/Stavudine,7.4,N/A - From RDC,SO-710,Pre-PQ Process,Pre-PQ Process,ARV,100-ZW-T01,14-Jan-08,Air,Adult,60,0.12,SCMS from RDC,N/A - From RDC,See DN-488 (ID#:10652)
11350,DN-1395,Generic,Mozambique,07-Oct-09,07-Oct-09,600mg,Tablet,Yes,1588.05,From RDC,"Efavirenz 600mg, tablets, 30 Tabs",160.75,8438,82017.36,PMO - US,"Aurobindo Unit III, India",Efavirenz,9.72,N/A - From RDC,SO-32560,Pre-PQ Process,Date Not Captured,ARV,111-MZ-T01,07-Oct-09,Truck,Adult,30,0.32,SCMS from RDC,N/A - From RDC,1404
86473,DN-2656,Generic,Zimbabwe,25-May-12,25-May-12,150/300/200mg,Tablet - FDC,No,See DN-2656 (ID#:83032),From RDC,"Lamivudine/Nevirapine/Zidovudine 150/200/300mg, tablets, 60 Tabs",196.51,11574,119096.46,PMO - US,Mylan (formerly Matrix) Nashik,Lamivudine/Nevirapine/Zidovudine,10.29,N/A - From RDC,SO-40870,FPQ-8464,10-04-11,ARV,113-ZW-T30,12-Jun-12,Truck,Adult,60,0.17,SCMS from RDC,N/A - From RDC,See DN-2656 (ID#:83032)
86535,DN-2958,Generic,CÃte dIvoire,14-Jan-13,14-Jan-13,30/60mg,Tablet - FDC,No,See DN-2958 (ID#:83097),From RDC,"Lamivudine/Zidovudine 30/60mg, tablets, 60 Tabs",26.31,6800,18768.0,PMO - US,Mylan (formerly Matrix) Nashik,Lamivudine/Zidovudine,2.76,N/A - From RDC,SO-42980,FPQ-10405,7/24/12,ARV,104-CI-T30,01-Feb-13,Truck,Pediatric,60,0.05,SCMS from RDC,N/A - From RDC,See DN-2958 (ID#:83097)
85445,DN-3571,Generic,Zimbabwe,24-Mar-14,04-Apr-14,30/50/60mg,Chewable/dispersible tablet - FDC,Yes,18090.64,From RDC,"Lamivudine/Nevirapine/Zidovudine 30/50/60mg, dispersible tablets, 60 Tabs",1345.24,290000,1087500.0,PMO - US,Mylan (formerly Matrix) Nashik,Lamivudine/Nevirapine/Zidovudine,3.75,N/A - From RDC,SO-45140,FPQ-12086,4/19/13,ARV,103-ZW-T30,31-Mar-14,Truck,Pediatric,60,0.06,SCMS from RDC,N/A - From RDC,16192
28676,ASN-20054,Uni-Gold,Guyana,01-Jul-13,01-Jul-13,MIssing,Test kit,Yes,10304.62,Direct Drop,"HIV 1/2, Uni-Gold HIV Kit, 20 Tests",124.29,3140,100480.0,PMO - US,"Trinity Biotech, Plc","HIV 1/2, Uni-Gold HIV Kit",32.0,5/22/13,SCMS-190760,FPQ-12235,05-06-13,HRDT,105-GY-T30,01-Jul-13,Air,HIV test,20,1.6,"Trinity Biotech, Plc",EXW,1024
25083,ASN-16585,Uni-Gold,Swaziland,18-Jun-13,18-Jun-13,MIssing,Test kit,Yes,752.58,Direct Drop,"HIV 1/2, Uni-Gold HIV Kit, 20 Tests",6.73,150,4800.0,PMO - US,"Trinity Biotech, Plc","HIV 1/2, Uni-Gold HIV Kit",32.0,09-12-12,SCMS-159080,FPQ-10537,8/23/12,HRDT,102-SZ-T30,18-Jun-13,Air,HIV test,20,1.6,"Trinity Biotech, Plc",EXW,54
85008,DN-4082,Generic,Zambia,19-Feb-15,20-Feb-15,150/300mg,Tablet - FDC,Yes,22520.71,From RDC,"Lamivudine/Zidovudine 150/300mg, tablets, 60 Tabs",895.59,132000,871200.0,PMO - US,Mylan (formerly Matrix) Nashik,Lamivudine/Zidovudine,6.6,N/A - From RDC,SO-48680,FPQ-14162,4/24/14,ARV,110-ZM-T30,30-Jan-15,Truck,Adult,60,0.11,SCMS from RDC,N/A - From RDC,10615
83701,DN-3216,Generic,CÃte dIvoire,06-Aug-13,06-Aug-13,200/50mg,Tablet,Yes,17548.42,From RDC,"Lopinavir/Ritonavir 200/50mg, tablets, 120 Tabs",519.54,20000,420000.0,PMO - US,"Aurobindo Unit III, India",Lopinavir/Ritonavir,21.0,N/A - From RDC,SO-44220,FPQ-11253,12/14/12,ARV,104-CI-T30,31-Jul-13,Truck,Adult,120,0.18,SCMS from RDC,N/A - From RDC,5633
11210,DN-494,Kaletra,Zambia,28-Dec-07,28-Dec-07,80/20mg/ml,Oral solution,Yes,4522.03,From RDC,"Lopinavir/Ritonavir 80/20mg/ml [Kaletra], oral solution, cool, Bottle 5 x 60 ml",41.43,630,25893.0,PMO - US,ABBVIE (Abbott) Logis. UK,Lopinavir/Ritonavir,41.1,N/A - From RDC,SO-1362,Pre-PQ Process,Pre-PQ Process,ARV,110-ZM-T01,28-Dec-07,MIssing,Pediatric,300,0.14,SCMS from RDC,N/A - From RDC,83
85596,DN-4260,Generic,Nigeria,28-Apr-15,29-Apr-15,150/300/200mg,Tablet - FDC,Yes,107573.94,From RDC,"Lamivudine/Nevirapine/Zidovudine 150/200/300mg, tablets, 60 Tabs",1861.18,234519,1810486.68,PMO - US,"Cipla, Goa, India",Lamivudine/Nevirapine/Zidovudine,7.72,N/A - From RDC,SO-49935,FPQ-14989,9/19/14,ARV,151-NG-T30,30-Jun-15,Air Charter,Adult,60,0.13,SCMS from RDC,N/A - From RDC,51833
83748,DN-3554,Generic,Mozambique,28-Mar-14,04-Apr-14,600/300mg,Tablet - FDC,Yes,8406.81,From RDC,"Abacavir/Lamivudine 600/300mg, scored tablets, 30 Tabs",80.9,4837,65396.24,PMO - US,Mylan (formerly Matrix) Nashik,Abacavir/Lamivudine,13.52,N/A - From RDC,SO-46170,FPQ-12573,6/28/13,ARV,111-MZ-T30,31-Mar-14,Truck,Adult,30,0.45,SCMS from RDC,N/A - From RDC,1102
84476,DN-4290,Generic,Nigeria,02-Jun-15,17-Jun-15,150/300/200mg,Tablet - FDC,No,See DN-4290 (ID#:83340),From RDC,"Lamivudine/Nevirapine/Zidovudine 150/200/300mg, tablets, 60 Tabs",370.58,46695,360485.4,PMO - US,"Hetero, Jadcherla, unit 5, IN",Lamivudine/Nevirapine/Zidovudine,7.72,N/A - From RDC,SO-51427,FPQ-14989,9/19/14,ARV,151-NG-T30,30-Jun-15,Air Charter,Adult,60,0.13,SCMS from RDC,N/A - From RDC,See DN-4290 (ID#:83340)
83348,DN-4314,Generic,CÃte dIvoire,06-Aug-15,07-Aug-15,150/300mg,Tablet - FDC,No,See DN-4314 (ID#:82812),From RDC,"Lamivudine/Zidovudine 150/300mg, tablets, 60 Tabs",375.48,48928,319010.56,PMO - US,Hetero Unit III Hyderabad IN,Lamivudine/Zidovudine,6.52,N/A - From RDC,SO-50111,FPQ-15259,10/24/14,ARV,104-CI-T30,31-Jul-15,Truck,Adult,60,0.11,SCMS from RDC,N/A - From RDC,See DN-4314 (ID#:82812)
86211,DN-4323,Generic,Rwanda,25-Aug-15,27-Aug-15,300mg,Tablet,Yes,149.65,From RDC,"Tenofovir Disoproxil Fumarate 300mg, tablets, 30 Tabs",1.61,385,1366.75,PMO - US,Mylan (formerly Matrix) Nashik,Tenofovir Disoproxil Fumarate,3.55,N/A - From RDC,SO-51530,FPQ-16284,5/27/15,ARV,107-RW-T30,18-Aug-15,Air,Adult,30,0.12,SCMS from RDC,N/A - From RDC,25
9056,ASN-4602,Videx,South Africa,16-Apr-09,16-Apr-09,100mg,Chewable/dispersible tablet,No,Freight Included in Commodity Cost,Direct Drop,"Didanosine 100mg [Videx],chewable tablets, 60 Tabs",143.58,6840,73256.4,PMO - US,"BMS Meymac, France",Didanosine,10.71,3/27/09,SCMS-41587,Pre-PQ Process,Pre-PQ Process,ARV,116-ZA-T01,25-Jun-09,Air,Pediatric,60,0.18,S. BUYS WHOLESALER,DDP,Weight Captured Separately
83213,DN-3561,Generic,"Congo, DRC",19-May-14,26-Jun-14,300mg,Tablet,No,See DN-3561 (ID#:82654),From RDC,"Tenofovir Disoproxil Fumarate 300mg, tablets, 30 Tabs",5.15,1240,5009.6,PMO - US,Mylan (formerly Matrix) Nashik,Tenofovir Disoproxil Fumarate,4.04,N/A - From RDC,SO-47630,FPQ-13554,1/15/14,ARV,101-CD-T30,30-May-14,Air,Adult,30,0.13,SCMS from RDC,N/A - From RDC,See DN-3561 (ID#:82654)
82332,DN-1877,Generic,CÃte dIvoire,05-Jul-10,05-Jul-10,10mg/ml,Oral suspension,Yes,5121.68,From RDC,"Nevirapine 10mg/ml, oral suspension, Bottle, 240 ml",15.28,3872,7085.76,PMO - US,"Aurobindo Unit III, India",Nevirapine,1.83,N/A - From RDC,SO-36370,FPQ-5201,03-03-10,ARV,104-CI-T30,09-Jul-10,Air,Pediatric,240,0.01,SCMS from RDC,N/A - From RDC,1438
29125,ASN-9123,Generic,Rwanda,23-Dec-10,23-Dec-10,200/50mg,Tablet,Yes,1398,Direct Drop,"Lopinavir/Ritonavir 200/50mg, tablets, 120 Tabs",564.54,7634,261846.2,PMO - US,Cipla Ltd A-42 MIDC Mahar. IN,Lopinavir/Ritonavir,34.3,9/27/10,SCMS-84410,FPQ-6185,09-03-10,ARV,107-RW-T30,23-Dec-10,Air,Adult,120,0.29,CIPLA LIMITED,CIP,2386
82863,DN-1671,Generic,CÃte dIvoire,10-Mar-10,10-Mar-10,150mg,Tablet,Yes,4519.97,From RDC,"Lamivudine 150mg, tablets, 60 Tabs",38.31,8010,19544.4,PMO - US,"Aurobindo Unit III, India",Lamivudine,2.44,N/A - From RDC,SO-34412,FPQ-4378,10/15/09,ARV,104-CI-T30,09-Mar-10,Air,Adult,60,0.04,SCMS from RDC,N/A - From RDC,5350
