id,asn_dn,brand,country,delivered_to_client_date,delivery_recorded_date,dosage,dosage_form,first_line_designation,freight_cost,fulfill_via,item_description,line_item_insurance,line_item_quantity,line_item_value,managed_by,manufacturing_site,molecule_test_type,pack_price,po_sent_to_vendor_date,po_so,pq,pq_first_sent_to_client_date,product_group,project_code,scheduled_delivery_date,shipment_mode,sub_classification,unit_of_measure,unit_price,vendor,vendor_inco_term,weight
83964,DN-1530,Generic,Haiti,30-Nov-09,30-Nov-09,20mg,Capsule,Yes,11091.78,From RDC,"Stavudine 20mg, capsules, 60 Caps",0.39,108,180.36,PMO - US,"Aurobindo Unit III, India",Stavudine,1.67,N/A - From RDC,SO-34240,FPQ-4469,9/23/09,ARV,106-HT-T30,30-Nov-09,Air,Adult,60,0.03,SCMS from RDC,N/A - From RDC,1857
83788,DN-3683,Generic,Haiti,12-May-14,24-Jun-14,150/300mg,Tablet - FDC,Yes,3282.33,From RDC,"Lamivudine/Zidovudine 150/300mg, tablets, 60 Tabs",27.14,4000,26400.0,PMO - US,Mylan (formerly Matrix) Nashik,Lamivudine/Zidovudine,6.6,N/A - From RDC,SO-47680,FPQ-13608,1/22/14,ARV,106-HT-T30,15-May-14,Air,Adult,60,0.11,SCMS from RDC,N/A - From RDC,305
73211,ASN-21522,Norvir,Uganda,23-Sep-13,23-Sep-13,100mg,Tablet,Yes,852.02,Direct Drop,"Ritonavir 100mg [Norvir], film coated tablets, 60 Tabs",1.78,210,1438.5,PMO - US,ABBVIE Ludwigshafen Germany,Ritonavir,6.85,6/13/13,SCMS-192070,FPQ-12290,5/17/13,ARV,114-UG-T30,23-Sep-13,Air,Adult,60,0.11,ABBVIE LOGISTICS (FORMERLY ABBOTT LOGISTICS BV),FCA,32
1110,ASN-4423,Norvir,CÃte dIvoire,22-Jul-09,22-Jul-09,100mg,Capsule,Yes,7642.97,Direct Drop,"Ritonavir 100mg [Norvir], capsules, cool, 4 x 84 Caps",30.07,400,15344.0,PMO - US,ABBVIE (Abbott) Logis. UK,Ritonavir,38.36,3/30/09,SCMS-42230,Pre-PQ Process,Pre-PQ Process,ARV,104-CI-T01,22-Jul-09,Air,Adult,336,0.11,ABBVIE LOGISTICS (FORMERLY ABBOTT LOGISTICS BV),FCA,175
83403,DN-1668,Generic,Haiti,03-Mar-10,03-Mar-10,50mg,Capsule,Yes,6036.96,From RDC,"Efavirenz 50mg, capsule, 30 Caps",3.32,688,1541.12,PMO - US,"Aurobindo Unit III, India",Efavirenz,2.24,N/A - From RDC,SO-35930,FPQ-4384,10/23/09,ARV,106-HT-T30,07-Apr-10,Air,Pediatric,30,0.07,SCMS from RDC,N/A - From RDC,465
11434,DN-309,Generic,Zambia,21-Aug-07,21-Aug-07,10mg/ml,Oral suspension,Yes,13116,From RDC,"Nevirapine 10mg/ml, oral suspension, Bottle, 240 ml",105.39,10624,65868.8,PMO - US,"Aurobindo Unit III, India",Nevirapine,6.2,N/A - From RDC,SO-942,Pre-PQ Process,Pre-PQ Process,ARV,110-ZM-T01,21-Aug-07,Air,Pediatric,240,0.03,SCMS from RDC,N/A - From RDC,3785
67134,ASN-27980,Generic,South Africa,27-Aug-14,27-Aug-14,150mg,Tablet,No,Freight Included in Commodity Cost,Direct Drop,"Lamivudine 150mg, tablets, 60 Tabs",1.8,148,1457.49,PMO - US,Hetero Unit III Hyderabad IN,Lamivudine,9.85,8/27/14,SCMS-199283,FPQ-12522,07-11-13,ARV,116-ZA-T30,27-Aug-14,Truck,Adult,60,0.16,S. BUYS WHOLESALER,DDP,Weight Captured Separately
42138,ASN-17806,Generic,Vietnam,02-Feb-13,02-Feb-13,30/50/60mg,Chewable/dispersible tablet - FDC,No,See ASN-17806 (ID#:37475),Direct Drop,"Lamivudine/Nevirapine/Zidovudine 30/50/60mg, dispersible tablets, 60 Tabs",72.68,12492,51841.8,PMO - US,Mylan (formerly Matrix) Nashik,Lamivudine/Nevirapine/Zidovudine,4.15,8/14/12,SCMS-156281,FPQ-10287,7/25/12,ARV,108-VN-T30,02-Feb-13,Air,Pediatric,60,0.07,MYLAN LABORATORIES LTD (FORMERLY MATRIX LABORATORIES),EXW,See ASN-17806 (ID#:37475)
76318,ASN-22687,Generic,Vietnam,13-Dec-13,13-Dec-13,150mg,Tablet,Yes,1457.92,Direct Drop,"Lamivudine 150mg, tablets, 60 Tabs",14.22,6493,11492.61,PMO - US,"Micro labs, Verna, Goa, India",Lamivudine,1.77,7/25/13,SCMS-199770,FPQ-12539,07-11-13,ARV,108-VN-T30,13-Dec-13,Air,Adult,60,0.03,MICRO LABS LIMITED,EXW,301
71391,ASN-15068,Uni-Gold,Namibia,16-Jul-12,16-Jul-12,MIssing,Test kit,Yes,1640.99,Direct Drop,"HIV 1/2, Uni-Gold HIV Kit, 20 Tests",18.66,416,13312.0,PMO - US,"Trinity Biotech, Plc","HIV 1/2, Uni-Gold HIV Kit",32.0,05-02-12,SCMS-144300,FPQ-9698,04-12-12,HRDT,153-NA-T30,16-Jul-12,Air,HIV test,20,1.6,"Trinity Biotech, Plc",EXW,249
84996,DN-4016,Generic,CÃte dIvoire,02-Dec-14,08-Dec-14,60/30mg,Chewable/dispersible tablet - FDC,Yes,7726.12,From RDC,"Abacavir/Lamivudine 60/30mg, dispersible tablets, 60 Tabs",0.72,137,697.33,PMO - US,"Cipla, Patalganga, India",Abacavir/Lamivudine,5.09,N/A - From RDC,SO-47882,FPQ-13628,1/29/14,ARV,104-CI-T30,28-Nov-14,Truck,Pediatric,60,0.08,SCMS from RDC,N/A - From RDC,2014
82553,DN-3041,Generic,Uganda,06-Mar-13,06-Mar-13,30/60mg,Tablet - FDC,Yes,936.81,From RDC,"Lamivudine/Zidovudine 30/60mg, tablets, 60 Tabs",4.84,1731,3912.06,PMO - US,Mylan (formerly Matrix) Nashik,Lamivudine/Zidovudine,2.26,N/A - From RDC,SO-43970,FPQ-11143,12/13/12,ARV,114-UG-T30,29-Mar-13,Truck,Pediatric,60,0.04,SCMS from RDC,N/A - From RDC,76
82371,DN-2127,Generic,Zimbabwe,17-Mar-11,17-Mar-11,300/300mg,Tablet - FDC,Yes,16222.85,From RDC,"Lamivudine/Tenofovir Disoproxil Fumarate 300/300mg, tablets, 30 Tabs",1846.45,97100,856422.0,PMO - US,Mylan (formerly Matrix) Nashik,Lamivudine/Tenofovir Disoproxil Fumarate,8.82,N/A - From RDC,SO-37830,FPQ-6470,10/13/10,ARV,113-ZW-T30,31-Mar-11,Truck,Adult,30,0.29,SCMS from RDC,N/A - From RDC,14340
3386,ASN-2403,Determine,Mozambique,03-Oct-08,03-Oct-08,MIssing,Test kit,Yes,2648.82,Direct Drop,"HIV 1/2, Determine HIV Kit, without Lancets, 100 Tests",115.18,1000,71990.0,PMO - US,Inverness Japan,"HIV 1/2, Determine HIV Kit, without Lancets",71.99,8/29/08,SCMS-29440,Pre-PQ Process,Pre-PQ Process,HRDT,111-MZ-T01,03-Oct-08,Air,HIV test,100,0.72,"Orgenics, Ltd",EXW,296
68572,ASN-25604,Generic,Tanzania,27-May-14,28-May-14,300/100mg,Tablet,Yes,6758.01,Direct Drop,"Atazanavir/Ritonavir 300/100mg, tablets, 30 Tabs",217.22,10565,211300.0,PMO - US,Mylan (formerly Matrix) Nashik,Atazanavir/Ritonavir,20.0,2/14/14,SCMS-225820,FPQ-13569,1/21/14,ARV,109-TZ-T30,27-May-14,Air,Adult,30,0.67,MYLAN LABORATORIES LTD (FORMERLY MATRIX LABORATORIES),EXW,1412
86553,DN-3030,Generic,Zimbabwe,14-Mar-13,14-Mar-13,300/300mg,Tablet - FDC,No,See DN-3030 (ID#:82549),From RDC,"Lamivudine/Tenofovir Disoproxil Fumarate 300/300mg, tablets, 30 Tabs",135.21,20519,96439.3,PMO - US,"Aurobindo Unit VII, IN",Lamivudine/Tenofovir Disoproxil Fumarate,4.7,N/A - From RDC,SO-43210,FPQ-10632,09-11-12,ARV,113-ZW-T30,14-Mar-13,Truck,Adult,30,0.16,SCMS from RDC,N/A - From RDC,See DN-3030 (ID#:82549)
33773,ASN-33477,Generic,South Africa,24-Jul-15,24-Jul-15,150mg,Tablet,No,Freight Included in Commodity Cost,Direct Drop,"Lamivudine 150mg, tablets, 60 Tabs",0.44,65,429.44,PMO - US,"Aurobindo Unit III, India",Lamivudine,6.61,10-09-14,SCMS-259077,FPQ-14942,09-11-14,ARV,116-ZA-T30,24-Jul-15,Truck,Adult,60,0.11,PHARMACY DIRECT,DDP,Weight Captured Separately
10724,DN-1027,Generic,Ethiopia,12-Dec-08,12-Dec-08,150/300mg,Tablet - FDC,Yes,10073.76,From RDC,"Lamivudine/Zidovudine 150/300mg, tablets, 60 Tabs",532.26,31000,271560.0,PMO - US,"Aurobindo Unit III, India",Lamivudine/Zidovudine,8.76,N/A - From RDC,SO-19400,Pre-PQ Process,Pre-PQ Process,ARV,117-ET-T01,12-Dec-08,Air,Adult,60,0.15,SCMS from RDC,N/A - From RDC,1787
23509,ASN-5157,Aluvia,South Africa,12-Aug-09,12-Aug-09,200/50mg,Tablet,Yes,Freight Included in Commodity Cost,Direct Drop,"Lopinavir/Ritonavir 200/50mg [Aluvia], tablets, 120 Tabs",736.73,8000,375880.98,PMO - US,ABBVIE Ludwigshafen Germany,Lopinavir/Ritonavir,46.99,7/21/09,SCMS-49641,FPQ-3560,05-07-09,ARV,116-ZA-T30,12-Aug-09,Truck,Adult,120,0.39,S. BUYS WHOLESALER,DDP,Weight Captured Separately
82908,DN-1964,Generic,Haiti,23-Aug-10,23-Aug-10,600mg,Tablet,Yes,69748.5,From RDC,"Efavirenz 600mg, tablets, 30 Tabs",377.17,39312,174938.4,PMO - US,"Strides, Bangalore, India.",Efavirenz,4.45,N/A - From RDC,SO-36760,FPQ-5523,4/19/10,ARV,106-HT-T30,10-Aug-10,Air,Adult,30,0.15,SCMS from RDC,N/A - From RDC,7225
76828,ASN-28627,Generic,South Africa,03-Oct-14,03-Oct-14,200/300mg,Tablet - FDC,No,Freight Included in Commodity Cost,Direct Drop,"Emtricitabine/Tenofovir Disoproxil Fumarate 200/300mg, tablets, 30 Tabs",0.25,8,241.69,PMO - US,"Aurobindo Unit III, India",Emtricitabine/Tenofovir Disoproxil Fumarate,30.21,10-03-14,SCMS-238554,FPQ-13973,4/30/14,ARV,116-ZA-T30,03-Oct-14,Truck,Adult,30,1.01,PHARMACY DIRECT,DDP,Weight Captured Separately
66233,ASN-11216,Determine,CÃte dIvoire,12-Jul-11,12-Jul-11,MIssing,Test kit,Yes,37173.01,Direct Drop,"HIV 1/2, Determine Complete HIV Kit, 100 Tests",427.15,3236,258880.0,PMO - US,Inverness Japan,"HIV 1/2, Determine Complete HIV Kit",80.0,05-05-11,SCMS-106590,FPQ-7325,03-09-11,HRDT,104-CI-T30,12-Jul-11,Air,HIV test,100,0.8,"Orgenics, Ltd",EXW,1543
23664,ASN-8446,Generic,Vietnam,09-Nov-10,09-Nov-10,600mg,Tablet,Yes,10711.06,Direct Drop,"Efavirenz 600mg, tablets, 30 Tabs",397.12,42836,184194.8,PMO - US,Mylan (formerly Matrix) Nashik,Efavirenz,4.3,3/29/10,SCMS-69730,FPQ-5317,3/22/10,ARV,108-VN-T30,09-Nov-10,Air,Adult,30,0.14,MYLAN LABORATORIES LTD (FORMERLY MATRIX LABORATORIES),EXW,3494
81031,ASN-31240,Kaletra,Rwanda,26-Mar-15,26-Mar-15,80/20mg/ml,Oral solution,Yes,1952.77,Direct Drop,"Lopinavir/Ritonavir 80/20mg/ml [Kaletra], oral solution, cool, Bottle 5 x 60 ml",2.72,86,2650.52,PMO - US,ABBVIE (Abbott) Logis. UK,Lopinavir/Ritonavir,30.82,12/15/14,SCMS-260920,FPQ-14813,10-09-14,ARV,107-RW-T30,26-Mar-15,Air,Pediatric,300,0.1,ABBVIE LOGISTICS (FORMERLY ABBOTT LOGISTICS BV),FCA,100
44908,ASN-5525,Trizivir,Mozambique,04-Dec-09,04-Dec-09,300/150/300mg,Tablet - FDC,No,Freight Included in Commodity Cost,Direct Drop,"Abacavir/Lamivudine/Zidovudine 300/150/300mg [Trizivir], tablets, 60 Tabs",107.38,1020,54784.2,PMO - US,GSK Ware (UK),Abacavir/Lamivudine/Zidovudine,53.71,5/13/09,SCMS-45670,FPQ-3588,3/25/09,ARV,111-MZ-T30,04-Dec-09,Air,Adult,60,0.9,GLAXOSMITHKLINE EXPORT LIMITED,CIP,Weight Captured Separately
12433,DN-434,Generic,CÃte dIvoire,22-Nov-07,22-Nov-07,600mg,Tablet,No,See DN-434 (ID#:11483),From RDC,"Efavirenz 600mg, tablets, 30 Tabs",676.05,34020,422528.4,PMO - US,"Strides, Bangalore, India.",Efavirenz,12.42,N/A - From RDC,SO-1101,Pre-PQ Process,Pre-PQ Process,ARV,104-CI-T01,22-Nov-07,Air,Adult,30,0.41,SCMS from RDC,N/A - From RDC,See DN-434 (ID#:11483)
31917,ASN-27927,Generic,Zimbabwe,04-Sep-14,28-Oct-14,30/50/60mg,Chewable/dispersible tablet - FDC,Yes,7510,Direct Drop,"Lamivudine/Nevirapine/Zidovudine 30/50/60mg, dispersible tablets, 60 Tabs",610.45,164950,593820.0,PMO - US,Mylan (formerly Matrix) Nashik,Lamivudine/Nevirapine/Zidovudine,3.6,5/16/14,SCMS-239230,FPQ-13969,04-08-14,ARV,103-ZW-T30,04-Sep-14,Air,Pediatric,60,0.06,MYLAN LABORATORIES LTD (FORMERLY MATRIX LABORATORIES),CIP,9210
12715,DN-349,Invirase,CÃte dIvoire,12-Sep-07,12-Sep-07,200mg,Capsule,No,See DN-349 (ID#:10885),From RDC,"Saquinavir 200mg [Invirase], capsules, 270 Caps",0.88,7,550.48,PMO - US,Roche Basel,Saquinavir,78.64,N/A - From RDC,SO-999,Pre-PQ Process,Pre-PQ Process,ARV,104-CI-T01,12-Sep-07,MIssing,Adult,270,0.29,SCMS from RDC,N/A - From RDC,See DN-349 (ID#:10885)
4794,ASN-3308,Videx,Zambia,20-Feb-09,20-Feb-09,25mg,Chewable/dispersible tablet,Yes,Freight Included in Commodity Cost,Direct Drop,"Didanosine 25mg [Videx], chewable tablets, 60 Tabs",7.48,545,3815.0,PMO - US,"BMS Meymac, France",Didanosine,7.0,11-04-08,SCMS-33150,Pre-PQ Process,Pre-PQ Process,ARV,110-ZM-T01,20-Feb-09,Air,Pediatric,60,0.12,BRISTOL-MYERS SQUIBB,CIP,Weight Captured Separately
36871,ASN-17696,Generic,Vietnam,30-Jan-13,30-Jan-13,200mg,Capsule,No,See ASN-17696 (ID#:31712),Direct Drop,"Efavirenz 200mg, capsule, 90 Caps",4.35,702,3102.84,PMO - US,"Micro labs, Verna, Goa, India",Efavirenz,4.42,8/15/12,SCMS-156260,FPQ-10287,7/25/12,ARV,108-VN-T30,30-Jan-13,Air,Pediatric,90,0.05,MICRO LABS LIMITED,EXW,See ASN-17696 (ID#:31712)
84249,DN-3126,Generic,South Sudan,17-Apr-13,17-Apr-13,300mg,Tablet,Yes,2089,From RDC,"Zidovudine 300mg, tablets, 60 Tabs",12.26,1466,9910.16,PMO - US,"Aurobindo Unit III, India",Zidovudine,6.76,N/A - From RDC,SO-44100,FPQ-11272,12/17/12,ARV,900-SS-T30,30-Apr-13,Air,Adult,60,0.11,SCMS from RDC,N/A - From RDC,83
17207,ASN-7249,Generic,Rwanda,01-Jul-10,01-Jul-10,200mg,Tablet,Yes,20194.78,Direct Drop,"Nevirapine 200mg, tablets, 60 Tabs",404.72,66825,206489.25,PMO - US,Hetero Unit III Hyderabad IN,Nevirapine,3.09,7/16/09,SCMS-49090,FPQ-3859,6/30/09,ARV,107-RW-T30,01-Jul-10,Air,Adult,60,0.05,HETERO LABS LIMITED,CIP,3845
5052,ASN-3732,Invirase,South Africa,21-Jan-09,21-Jan-09,200mg,Capsule,No,Freight Included in Commodity Cost,Direct Drop,"Saquinavir 200mg [Invirase], capsules, 270 Caps",3.09,28,1578.92,PMO - US,Roche Basel,Saquinavir,56.39,Date Not Captured,SCMS-41190,Pre-PQ Process,Pre-PQ Process,ARV,116-ZA-T01,30-Mar-09,Air,Adult,270,0.21,S. BUYS WHOLESALER,DDP,Weight Captured Separately
64946,ASN-30498,Generic,Ghana,10-Apr-15,13-Apr-15,60/30mg,Tablet - FDC,Yes,4659.75,Direct Drop,"Abacavir/Lamivudine 60/30mg, tablets, 60 Tabs",36.84,9073,35838.35,PMO - US,Mylan (formerly Matrix) Nashik,Abacavir/Lamivudine,3.95,9/25/14,SCMS-254770,FPQ-14667,08-11-14,ARV,105-GH-T30,10-Apr-15,Air,Pediatric,60,0.07,MYLAN LABORATORIES LTD (FORMERLY MATRIX LABORATORIES),EXW,437
50876,ASN-16610,Generic,Rwanda,11-Jan-13,11-Jan-13,150/200/30mg,Tablet - FDC,Yes,17075.43,Direct Drop,"Lamivudine/Nevirapine/Stavudine 150/200/30mg, tablets, 60 Tabs",390.27,63410,278369.9,PMO - US,Hetero Unit III Hyderabad IN,Lamivudine/Nevirapine/Stavudine,4.39,7/16/12,SCMS-152980,FPQ-10223,07-05-12,ARV,107-RW-T30,11-Jan-13,Ocean,Adult,60,0.07,HETERO LABS LIMITED,EXW,6589
79352,ASN-13475,Generic,Vietnam,01-Mar-12,01-Mar-12,150/300mg,Tablet - FDC,No,See ASN-13475 (ID#:15772),Direct Drop,"Lamivudine/Zidovudine 150/300mg, tablets, 60 Tabs",193.99,14789,117572.55,PMO - US,"Aurobindo Unit III, India",Lamivudine/Zidovudine,7.95,10-04-11,SCMS-123520,FPQ-8428,9/21/11,ARV,108-VN-T30,01-Mar-12,Air,Adult,60,0.13,Aurobindo Pharma Limited,EXW,See ASN-13475 (ID#:15772)
56496,ASN-18895,Generic,Guyana,18-Apr-13,18-Apr-13,50mg,Capsule,Yes,783.21,Direct Drop,"Efavirenz 50mg, capsule, 30 Caps",0.16,65,130.0,PMO - US,"Micro labs, Verna, Goa, India",Efavirenz,2.0,03-06-13,SCMS-180010,FPQ-11562,02-07-13,ARV,105-GY-T30,18-Apr-13,Air,Pediatric,30,0.07,MICRO LABS LIMITED,EXW,4
83244,DN-3681,Generic,CÃte dIvoire,12-May-14,30-Jun-14,30/50/60mg,Chewable/dispersible tablet - FDC,Yes,1137.18,From RDC,"Lamivudine/Nevirapine/Zidovudine 30/50/60mg, dispersible tablets, 60 Tabs",14.84,3200,12000.0,PMO - US,Mylan (formerly Matrix) Nashik,Lamivudine/Nevirapine/Zidovudine,3.75,N/A - From RDC,SO-44141,FPQ-11254,12/14/12,ARV,104-CI-T30,15-May-14,Truck,Pediatric,60,0.06,SCMS from RDC,N/A - From RDC,166
42221,ASN-6266,Generic,Vietnam,19-Mar-10,19-Mar-10,300mg,Tablet,No,See ASN-6266 (ID#:15368),Direct Drop,"Abacavir 300mg, tablets, 60 Tabs",7.41,200,3780.0,PMO - US,"Aurobindo Unit III, India",Abacavir,18.9,11/13/09,SCMS-57130,FPQ-4265,10/20/09,ARV,108-VN-T30,19-Mar-10,Air,Adult,60,0.32,Aurobindo Pharma Limited,EXW,See ASN-6266 (ID#:15368)
12426,DN-422,Generic,Nigeria,09-Nov-07,09-Nov-07,150/200/30mg,Tablet - FDC,No,See DN-422 (ID#:10634),From RDC,"Lamivudine/Nevirapine/Stavudine 150/200/30mg, tablets, 60 Tabs",14.95,1246,9345.0,PMO - US,"Cipla, Goa, India",Lamivudine/Nevirapine/Stavudine,7.5,N/A - From RDC,SO-1109,Pre-PQ Process,Pre-PQ Process,ARV,112-NG-T01,09-Nov-07,Air,Adult,60,0.12,SCMS from RDC,N/A - From RDC,See DN-422 (ID#:10634)
84956,DN-3842,Generic,South Sudan,01-Sep-14,02-Sep-14,60/30mg,Chewable/dispersible tablet - FDC,No,See DN-3842 (ID#:82706),From RDC,"Abacavir/Lamivudine 60/30mg, dispersible tablets, 60 Tabs",18.95,3274,18432.62,PMO - US,"Cipla, Patalganga, India",Abacavir/Lamivudine,5.63,N/A - From RDC,SO-49120,FPQ-14409,06-05-14,ARV,103-SS-T30,01-Sep-14,Air,Pediatric,60,0.09,SCMS from RDC,N/A - From RDC,See DN-3842 (ID#:82706)
49003,ASN-12088,Aluvia,Tanzania,24-Oct-11,24-Oct-11,200/50mg,Tablet,Yes,21584.02,Direct Drop,"Lopinavir/Ritonavir 200/50mg [Aluvia], tablets, 120 Tabs",1112.1,20000,674000.0,PMO - US,ABBVIE Ludwigshafen Germany,Lopinavir/Ritonavir,33.7,6/22/11,SCMS-111640,FPQ-7680,06-06-11,ARV,109-TZ-T30,24-Oct-11,Air,Adult,120,0.28,ABBVIE LOGISTICS (FORMERLY ABBOTT LOGISTICS BV),FCA,4727
56464,ASN-33865,Generic,South Africa,24-Aug-15,24-Aug-15,400mg,Delayed-release capsules,No,Freight Included in Commodity Cost,Direct Drop,"Didanosine 400mg, delayed-release capsules, 30 Caps",0.13,8,122.18,PMO - US,"Aurobindo Unit III, India",Didanosine,15.27,8/24/15,SCMS-295800,FPQ-14942,09-11-14,ARV,116-ZA-T30,24-Aug-15,Truck,Adult,30,0.51,PHARMACY DIRECT,DDP,Weight Captured Separately
85490,DN-3898,Generic,CÃte dIvoire,08-Sep-14,19-Sep-14,10mg/ml,Oral solution,Yes,4783.36,From RDC,"Zidovudine 10mg/ml, oral solution w/syringe, Bottle, 240 ml",7.32,3393,7125.3,PMO - US,"Cipla, Goa, India",Zidovudine,2.1,N/A - From RDC,SO-47550,FPQ-13509,12/24/13,ARV,104-CI-T30,30-Sep-14,Truck,Pediatric,240,0.01,SCMS from RDC,N/A - From RDC,1273
49656,ASN-23875,Generic,South Africa,13-Jan-14,13-Jan-14,300mg,Tablet,No,Freight Included in Commodity Cost,Direct Drop,"Zidovudine 300mg, tablets, 60 Tabs",0.81,32,790.81,PMO - US,"Aurobindo Unit III, India",Zidovudine,24.71,12-02-13,SCMS-215410,FPQ-13214,11/14/13,ARV,116-ZA-T30,13-Jan-14,Truck,Adult,60,0.41,S. BUYS WHOLESALER,DDP,Weight Captured Separately
83897,DN-4162,Generic,Rwanda,24-Mar-15,24-Mar-15,60/30mg,Chewable/dispersible tablet - FDC,No,See DN-4162 (ID#:82783),From RDC,"Abacavir/Lamivudine 60/30mg, dispersible tablets, 60 Tabs",126.49,24174,123045.66,PMO - US,"Cipla, Patalganga, India",Abacavir/Lamivudine,5.09,N/A - From RDC,SO-49940,FPQ-14811,10/15/14,ARV,107-RW-T30,31-Mar-15,Truck,Pediatric,60,0.08,SCMS from RDC,N/A - From RDC,See DN-4162 (ID#:82783)
86405,DN-2329,Generic,Uganda,24-Aug-11,24-Aug-11,300/300mg,Tablet - FDC,No,See DN-2329 (ID#:82976),From RDC,"Lamivudine/Tenofovir Disoproxil Fumarate 300/300mg, tablets, 30 Tabs",407.38,30000,246900.0,PMO - US,Mylan (formerly Matrix) Nashik,Lamivudine/Tenofovir Disoproxil Fumarate,8.23,N/A - From RDC,SO-38800,FPQ-7162,2/14/11,ARV,114-UG-T30,05-Aug-11,Truck,Adult,30,0.27,SCMS from RDC,N/A - From RDC,See DN-2329 (ID#:82976)
68482,ASN-15788,Kaletra,Haiti,20-Aug-12,20-Aug-12,80/20mg/ml,Oral solution,Yes,Invoiced Separately,Direct Drop,"Lopinavir/Ritonavir 80/20mg/ml [Kaletra], oral solution, cool, Bottle 5 x 60 ml",1.73,40,1232.8,PMO - US,ABBVIE (Abbott) Logis. UK,Lopinavir/Ritonavir,30.82,6/13/12,SCMS-147130,FPQ-9621,4/20/12,ARV,106-HT-T30,20-Aug-12,Air,Pediatric,300,0.1,ABBVIE LOGISTICS (FORMERLY ABBOTT LOGISTICS BV),FCA,Weight Captured Separately
85141,DN-1991,Generic,Nigeria,17-Aug-10,17-Aug-10,200mg,Tablet,Yes,6147.18,From RDC,"Nevirapine 200mg, tablets, 60 Tabs",19.55,3322,9069.06,PMO - US,"Aurobindo Unit III, India",Nevirapine,2.73,N/A - From RDC,SO-36469,FPQ-5023,02-10-10,ARV,151-NG-T30,12-Aug-10,Air Charter,Adult,60,0.05,SCMS from RDC,N/A - From RDC,377
83430,DN-1838,Generic,Guyana,27-May-10,27-May-10,150mg,Tablet,No,See DN-1838 (ID#:82887),From RDC,"Lamivudine 150mg, tablets, 60 Tabs",0.66,126,307.44,PMO - US,"Strides, Bangalore, India.",Lamivudine,2.44,N/A - From RDC,SO-36700,FPQ-5599,4/28/10,ARV,105-GY-T30,07-Jun-10,Air,Adult,60,0.04,SCMS from RDC,N/A - From RDC,See DN-1838 (ID#:82887)
64506,ASN-4929,Uni-Gold,Mozambique,29-Sep-09,29-Sep-09,MIssing,Test kit,Yes,23097.81,Direct Drop,"HIV 1/2, Uni-Gold HIV Kit, 20 Tests",263.42,4200,134400.0,PMO - US,"Trinity Biotech, Plc","HIV 1/2, Uni-Gold HIV Kit",32.0,7/25/09,SCMS-50180,FPQ-3999,7/15/09,HRDT,111-MZ-T30,29-Sep-09,Air,HIV test,20,1.6,"Trinity Biotech, Plc",EXW,1462
11248,DN-777,Generic,Zambia,19-Jun-08,19-Jun-08,600mg,Tablet,Yes,5936.99,From RDC,"Efavirenz 600mg, tablets, 30 Tabs",960.8,50000,600500.0,PMO - US,Mylan (formerly Matrix) Nashik,Efavirenz,12.01,N/A - From RDC,SO-1893,Pre-PQ Process,Pre-PQ Process,ARV,110-ZM-T01,19-Jun-08,Truck,Adult,30,0.4,SCMS from RDC,N/A - From RDC,3422
85000,DN-4032,Generic,Mozambique,02-Mar-15,09-Mar-15,300mg,Tablet,No,See DN-4032 (ID#:82757),From RDC,"Tenofovir Disoproxil Fumarate 300mg, tablets, 30 Tabs",1.48,380,1436.4,PMO - US,Hetero Unit III Hyderabad IN,Tenofovir Disoproxil Fumarate,3.78,N/A - From RDC,SO-48880,FPQ-14226,05-02-14,ARV,111-MZ-T30,02-Mar-15,Truck,Adult,30,0.13,SCMS from RDC,N/A - From RDC,See DN-4032 (ID#:82757)
51531,ASN-30377,Generic,South Africa,26-Jan-15,26-Jan-15,10mg/ml,Oral solution,No,Freight Included in Commodity Cost,Direct Drop,"Lamivudine 10mg/ml, oral solution, Bottle, 240 ml",0.06,11,56.85,PMO - US,"Aurobindo Unit III, India",Lamivudine,5.17,1/26/15,SCMS-259072,FPQ-14942,09-11-14,ARV,116-ZA-T30,26-Jan-15,Truck,Pediatric,240,0.02,PHARMACY DIRECT,DDP,Weight Captured Separately
86509,DN-2812,Generic,"Congo, DRC",14-Feb-13,14-Feb-13,150/300/200mg,Tablet - FDC,No,See DN-2812 (ID#:83068),From RDC,"Lamivudine/Nevirapine/Zidovudine 150/200/300mg, tablets, 60 Tabs",55.39,4027,39504.87,PMO - US,Hetero Unit III Hyderabad IN,Lamivudine/Nevirapine/Zidovudine,9.81,N/A - From RDC,SO-42340,FPQ-9906,5/15/12,ARV,102-CD-T30,14-Feb-13,Air,Adult,60,0.16,SCMS from RDC,N/A - From RDC,See DN-2812 (ID#:83068)
10867,DN-356,Genie,CÃte dIvoire,19-Sep-07,19-Sep-07,MIssing,Test kit,Yes,6056.76,From RDC,"#108853** HIV, Genie II HIV-1/HIV-2 Kit, 40 Tests",27.97,230,17480.0,PMO - US,Bio-Rad Laboratories,"HIV, Genie II HIV-1/HIV-2 Kit",76.0,N/A - From RDC,SO-792,Pre-PQ Process,Pre-PQ Process,HRDT,104-CI-T01,19-Sep-07,MIssing,HIV test,40,1.9,SCMS from RDC,N/A - From RDC,917
85123,DN-1858,Generic,Uganda,15-Jun-10,15-Jun-10,200mg,Tablet,Yes,3661.42,From RDC,"Nevirapine 200mg, tablets, 60 Tabs",14.71,2500,6825.0,PMO - US,"Strides, Bangalore, India.",Nevirapine,2.73,N/A - From RDC,SO-36132,FPQ-5239,03-02-10,ARV,114-UG-T30,30-Jun-10,Air,Adult,60,0.05,SCMS from RDC,N/A - From RDC,132
86419,DN-2413,Generic,Tanzania,15-Nov-11,15-Nov-11,10mg/ml,Oral suspension,Yes,4417.96,From RDC,"Nevirapine 10mg/ml, oral suspension w/syringe, Bottle, 240 ml",7.64,2374,4629.3,PMO - US,"Aurobindo Unit III, India",Nevirapine,1.95,N/A - From RDC,SO-40522,FPQ-8303,8/22/11,ARV,109-TZ-T30,29-Dec-11,Truck,Pediatric,240,0.01,SCMS from RDC,N/A - From RDC,888
86077,DN-3655,Generic,CÃte dIvoire,01-May-14,11-Jun-14,10mg/ml,Oral suspension,No,See DN-3655 (ID#:83237),From RDC,"Nevirapine 10mg/ml, oral suspension w/syringe, Bottle, 100 ml",5.35,4000,5200.0,PMO - US,"Aurobindo Unit III, India",Nevirapine,1.3,N/A - From RDC,SO-47130,FPQ-13142,10/22/13,ARV,104-CI-T30,21-Apr-14,Truck,Pediatric,100,0.01,SCMS from RDC,N/A - From RDC,See DN-3655 (ID#:83237)
12836,DN-1034,Crixivan,Mozambique,21-Feb-09,21-Feb-09,400mg,Capsule,No,See DN-1034 (ID#:10732),From RDC,"Indinavir 400mg [Crixivan], capsules, 180 Caps",24.7,252,12600.0,PMO - US,"MSD, Haarlem, NL",Indinavir,50.0,N/A - From RDC,SO-15080,Pre-PQ Process,Pre-PQ Process,ARV,111-MZ-T01,21-Feb-09,Air,Adult,180,0.28,SCMS from RDC,N/A - From RDC,See DN-1034 (ID#:10732)
10985,DN-1025,Generic,Mozambique,20-Jan-09,20-Jan-09,150/300mg,Tablet - FDC,Yes,772.04,From RDC,"Lamivudine/Zidovudine 150/300mg, tablets, 60 Tabs",13.19,720,6732.0,PMO - US,"Aurobindo Unit III, India",Lamivudine/Zidovudine,9.35,N/A - From RDC,SO-15085,Pre-PQ Process,Pre-PQ Process,ARV,111-MZ-T01,20-Jan-09,Air,Adult,60,0.16,SCMS from RDC,N/A - From RDC,66
28913,ASN-23076,Generic,Uganda,15-Jan-14,15-Jan-14,300/100mg,Tablet,Yes,4139.95,Direct Drop,"Atazanavir/Ritonavir 300/100mg, tablets, 30 Tabs",123.36,6000,120000.0,PMO - US,Mylan (formerly Matrix) Nashik,Atazanavir/Ritonavir,20.0,10/30/13,SCMS-212360,FPQ-13122,10/16/13,ARV,114-UG-T30,15-Jan-14,Air,Adult,30,0.67,MYLAN LABORATORIES LTD (FORMERLY MATRIX LABORATORIES),EXW,811
83330,DN-4233,Generic,Mozambique,09-Jun-15,15-Jun-15,150/300mg,Tablet - FDC,Yes,5443.53,From RDC,"Lamivudine/Zidovudine 150/300mg, tablets, 60 Tabs",506.28,75535,492488.2,PMO - US,Mylan (formerly Matrix) Nashik,Lamivudine/Zidovudine,6.52,N/A - From RDC,SO-48888,FPQ-14226,05-02-14,ARV,111-MZ-T30,29-May-15,Truck,Adult,60,0.11,SCMS from RDC,N/A - From RDC,6237
78946,ASN-26120,Generic,Zimbabwe,14-Jun-14,16-Jun-14,300/300mg,Tablet - FDC,Yes,20407.95,Direct Drop,"Lamivudine/Tenofovir Disoproxil Fumarate 300/300mg, tablets, 30 Tabs",117.31,24540,114111.0,PMO - US,"Aurobindo Unit VII, IN",Lamivudine/Tenofovir Disoproxil Fumarate,4.65,05-08-14,SCMS-234720,FPQ-13939,04-01-14,ARV,113-ZW-T30,14-Jun-14,Air,Adult,30,0.16,Aurobindo Pharma Limited,EXW,2448
83187,DN-3428,Generic,Mozambique,30-Jan-14,17-Feb-14,300mg,Tablet,No,See DN-3428 (ID#:83186),From RDC,"Abacavir 300mg, tablets, 60 Tabs",88.95,6275,71911.5,PMO - US,Mylan (formerly Matrix) Nashik,Abacavir,11.46,N/A - From RDC,SO-45893,FPQ-12416,6/28/13,ARV,111-MZ-T30,29-Nov-13,Truck,Adult,60,0.19,SCMS from RDC,N/A - From RDC,See DN-3428 (ID#:83186)
10727,DN-909,Generic,Nigeria,22-Sep-08,22-Sep-08,200mg,Tablet,Yes,3487.94,From RDC,"Nevirapine 200mg, tablets, 60 Tabs",11.24,2066,7024.4,PMO - US,"Aurobindo Unit III, India",Nevirapine,3.4,N/A - From RDC,SO-10580,Pre-PQ Process,Pre-PQ Process,ARV,130-NG-T01,22-Sep-08,Air,Adult,60,0.06,SCMS from RDC,N/A - From RDC,451
11688,DN-1467,Generic,Mozambique,07-Nov-09,07-Nov-09,150/300mg,Tablet - FDC,Yes,4764.16,From RDC,"Lamivudine/Zidovudine 150/300mg, tablets, 60 Tabs",283.71,16524,144750.24,PMO - US,"Aurobindo Unit III, India",Lamivudine/Zidovudine,8.76,N/A - From RDC,SO-33580,Pre-PQ Process,Date Not Captured,ARV,111-MZ-T01,07-Nov-09,Air,Adult,60,0.15,SCMS from RDC,N/A - From RDC,1488
3096,ASN-1887,Generic,Vietnam,17-Jun-08,17-Jun-08,30mg,Capsule,Yes,2789.74,Direct Drop,"Stavudine 30mg, capsules, 60 Caps",6.22,2576,3889.76,PMO - US,"Strides, Bangalore, India.",Stavudine,1.51,3/31/08,SCMS-20430,Pre-PQ Process,Pre-PQ Process,ARV,108-VN-T01,17-Jun-08,Air,Adult,60,0.03,STRIDES ARCOLAB LIMITED,EXW,121
39967,ASN-21883,Generic,CÃte dIvoire,07-Oct-13,08-Oct-13,100mg,Capsule,Yes,1921.02,Direct Drop,"Zidovudine 100mg, capsules, 100 Caps",3.73,670,3015.0,PMO - US,"Aurobindo Unit III, India",Zidovudine,4.5,09-02-13,SCMS-205000,FPQ-12714,7/30/13,ARV,104-CI-T30,07-Oct-13,Air,Pediatric,100,0.04,Aurobindo Pharma Limited,EXW,76
86554,DN-3048,Generic,Zimbabwe,23-Mar-13,23-Mar-13,200mg,Tablet,No,See DN-3048 (ID#:84235),From RDC,"Nevirapine 200mg, tablets, 60 Tabs",92.3,29131,65836.06,PMO - US,Hetero Unit III Hyderabad IN,Nevirapine,2.26,N/A - From RDC,SO-43212,FPQ-10632,09-11-12,ARV,113-ZW-T30,15-Apr-13,Truck,Adult,60,0.04,SCMS from RDC,N/A - From RDC,See DN-3048 (ID#:84235)
12922,DN-1473,Kaletra,Ghana,12-Aug-09,12-Aug-09,80/20mg/ml,Oral solution,No,See DN-1473 (ID#:11358),From RDC,"Lopinavir/Ritonavir 80/20mg/ml [Kaletra], oral solution, cool, Bottle 5 x 60 ml",0.01,276,2.76,PMO - US,ABBVIE (Abbott) Logis. UK,Lopinavir/Ritonavir,0.01,N/A - From RDC,SO-33650,Pre-PQ Process,Date Not Captured,ARV,100-GH-T01,30-Sep-09,Truck,Pediatric,300,0.0,SCMS from RDC,N/A - From RDC,See DN-1473 (ID#:11358)
84123,DN-2444,Generic,Tanzania,19-Dec-11,19-Dec-11,300mg,Tablet,Yes,2682.2,From RDC,"Zidovudine 300mg, tablets, 60 Tabs",74.13,6400,44928.0,PMO - US,Mylan (formerly Matrix) Nashik,Zidovudine,7.02,N/A - From RDC,SO-40611,FPQ-8297,8/22/11,ARV,109-TZ-T30,07-Feb-12,Truck,Adult,60,0.12,SCMS from RDC,N/A - From RDC,355
39873,ASN-27131,Aluvia,Vietnam,16-Aug-14,25-Aug-14,200/50mg,Tablet,Yes,3824.06,Direct Drop,"Lopinavir/Ritonavir 200/50mg [Aluvia], tablets, 120 Tabs",325.12,5200,316264.0,PMO - US,ABBVIE Ludwigshafen Germany,Lopinavir/Ritonavir,60.82,5/27/14,SCMS-226231,FPQ-13524,02-06-14,ARV,108-VN-T30,16-Aug-14,Air,Adult,120,0.51,ABBVIE LOGISTICS (FORMERLY ABBOTT LOGISTICS BV),FCA,1272
23557,ASN-5004,Viread,South Africa,12-Aug-09,12-Aug-09,300mg,Tablet,Yes,Freight Included in Commodity Cost,Direct Drop,"Tenofovir Disoproxil Fumarate 300mg [Viread], tablets, 30 Tabs",143.14,2837,73030.7,PMO - US,"Aspen-OSD, Port Elizabeth, SA",Tenofovir Disoproxil Fumarate,25.74,7/21/09,SCMS-49610,FPQ-3560,05-07-09,ARV,116-ZA-T30,11-Aug-09,Truck,Adult,30,0.86,S. BUYS WHOLESALER,DDP,Weight Captured Separately
6933,ASN-1462,Stat-Pak,Nigeria,27-Mar-08,27-Mar-08,MIssing,Test kit,Yes,13535.55,Direct Drop,"HIV 1/2, Stat-Pak HIV, Kit, 20 Tests",352.21,8153,220131.0,PMO - US,Chembio Diagnostics Sys. Inc.,"HIV 1/2, Stat-Pak HIV, Kit",27.0,01-07-08,SCMS-16880,Pre-PQ Process,Pre-PQ Process,HRDT,102-NG-T01,21-Apr-08,Air,HIV test,20,1.35,"CHEMBIO DIAGNOSTIC SYSTEMS, INC.",EXW,2707
82938,DN-2119,Generic,Mozambique,30-Mar-11,30-Mar-11,10mg/ml,Oral solution,Yes,3567.53,From RDC,"Zidovudine 10mg/ml, oral solution w/syringe, Bottle, 240 ml",9.78,2823,5928.3,PMO - US,"Aurobindo Unit III, India",Zidovudine,2.1,N/A - From RDC,SO-38370,FPQ-6981,01-06-11,ARV,111-MZ-T30,31-Mar-11,Truck,Pediatric,240,0.01,SCMS from RDC,N/A - From RDC,1098
84376,DN-3888,Generic,Zambia,23-Sep-14,17-Oct-14,300/300mg,Tablet - FDC,Yes,1966.09,From RDC,"Lamivudine/Tenofovir Disoproxil Fumarate 300/300mg, tablets, 30 Tabs",84.73,17801,82418.63,PMO - US,"Aurobindo Unit VII, IN",Lamivudine/Tenofovir Disoproxil Fumarate,4.63,N/A - From RDC,SO-47200,FPQ-13221,10/31/13,ARV,110-ZM-T30,29-Aug-14,Truck,Adult,30,0.15,SCMS from RDC,N/A - From RDC,1667
15240,ASN-26559,Generic,Haiti,18-Jul-14,31-Jul-14,20mg/ml,Oral solution,Yes,2949.23,Direct Drop,"Abacavir 20mg/ml, oral solution, Bottle, 240 ml",2.63,375,2561.25,PMO - US,"Aurobindo Unit III, India",Abacavir,6.83,06-02-14,SCMS-240220,FPQ-14083,05-11-14,ARV,106-HT-T30,18-Jul-14,Air,Pediatric,240,0.03,Aurobindo Pharma Limited,EXW,300
12248,DN-1056,Truvada,Zambia,16-Feb-09,16-Feb-09,300/200mg,Tablet - FDC,Yes,14036.31,From RDC,"Emtricitabine/Tenofovir Disoproxil Fumarate 200/300mg [Truvada], tablets, 30 Tabs",5145,100000,2625000.0,PMO - US,"Aspen-OSD, Port Elizabeth, SA",Emtricitabine/Tenofovir Disoproxil Fumarate,26.25,N/A - From RDC,SO-2544,Pre-PQ Process,Pre-PQ Process,ARV,110-ZM-T01,16-Feb-09,Truck,Adult,30,0.88,SCMS from RDC,N/A - From RDC,9000
16099,ASN-10250,Generic,South Africa,03-May-11,03-May-11,200mg,Capsule,Yes,4134.92,Direct Drop,"Efavirenz 200mg, capsule, 90 Caps",32.6,1515,15119.7,PMO - US,"Aurobindo Unit III, India",Efavirenz,9.98,9/24/10,SCMS-83790,FPQ-6262,8/31/10,ARV,161-ZA-T30,01-Feb-11,Ocean,Pediatric,90,0.11,Aurobindo Pharma Limited,DDP,201
46,ASN-93,Generic,Nigeria,07-Dec-06,07-Dec-06,30mg,Capsule,No,See ASN-93 (ID#:1281),Direct Drop,"Stavudine 30mg, capsules, 60 Caps",MIssing,273,532.35,PMO - US,"Aurobindo Unit III, India",Stavudine,1.95,Date Not Captured,SCMS-156,Pre-PQ Process,Pre-PQ Process,ARV,112-NG-T01,07-Dec-06,Air,Adult,60,0.03,Aurobindo Pharma Limited,EXW,See ASN-93 (ID#:1281)
41957,ASN-32137,Intelence,South Africa,12-May-15,12-May-15,100mg,Tablet,Yes,Freight Included in Commodity Cost,Direct Drop,"Etravirine 100mg [Intelence], tablets, 120 Tabs",0.05,2,51.19,PMO - US,"Janssen-Cilag, Latina, IT",Etravirine,25.6,05-11-15,SCMS-259075,FPQ-14942,09-11-14,ARV,116-ZA-T30,12-May-15,Truck,Adult,120,0.21,PHARMACY DIRECT,DDP,Weight Captured Separately
10881,DN-351,Generic,Zambia,12-Sep-07,12-Sep-07,200mg,Capsule,Yes,944.21,From RDC,"Efavirenz 200mg, capsule, 90 Caps",27.24,1064,17024.0,PMO - US,"Aurobindo Unit III, India",Efavirenz,16.0,N/A - From RDC,SO-752,Pre-PQ Process,Pre-PQ Process,ARV,110-ZM-T01,12-Sep-07,MIssing,Pediatric,90,0.18,SCMS from RDC,N/A - From RDC,128
83661,DN-3015,Generic,Haiti,14-Mar-13,14-Mar-13,200/50mg,Tablet,No,See DN-3015 (ID#:82554),From RDC,"Lopinavir/Ritonavir 200/50mg, tablets, 120 Tabs",188.67,6160,152521.6,PMO - US,Mylan (formerly Matrix) Nashik,Lopinavir/Ritonavir,24.76,N/A - From RDC,SO-44400,FPQ-11281,1/16/13,ARV,106-HT-T30,09-Apr-13,Air,Adult,120,0.21,SCMS from RDC,N/A - From RDC,See DN-3015 (ID#:82554)
83324,DN-4195,Generic,"Congo, DRC",06-Jul-15,06-Jul-15,10mg/ml,Oral solution,Yes,1334.92,From RDC,"Zidovudine 10mg/ml, oral solution w/syringe, Bottle, 240 ml",0.02,10,19.9,PMO - US,"Aurobindo Unit III, India",Zidovudine,1.99,N/A - From RDC,SO-50910,FPQ-15787,1/26/15,ARV,101-CD-T30,06-May-15,Air,Pediatric,240,0.01,SCMS from RDC,N/A - From RDC,71
10988,DN-1006,Generic,Zambia,01-Dec-08,01-Dec-08,200mg,Tablet,Yes,3629.37,From RDC,"Nevirapine 200mg, tablets, 60 Tabs",296.09,44432,151068.8,PMO - US,Hetero Unit III Hyderabad IN,Nevirapine,3.4,N/A - From RDC,SO-2495,Pre-PQ Process,Pre-PQ Process,ARV,110-ZM-T01,01-Dec-08,Truck,Adult,60,0.06,SCMS from RDC,N/A - From RDC,2503
83517,DN-2295,Generic,CÃte dIvoire,22-Jul-11,22-Jul-11,10mg/ml,Oral suspension,Yes,Invoiced Separately,From RDC,"Nevirapine 10mg/ml, oral suspension w/syringe, Bottle, 240 ml",16.17,3846,7499.7,PMO - US,"Aurobindo Unit III, India",Nevirapine,1.95,N/A - From RDC,SO-38750,FPQ-6495,10-04-10,ARV,104-CI-T30,22-Jul-11,Air,Pediatric,240,0.01,SCMS from RDC,N/A - From RDC,Weight Captured Separately
11864,DN-749,Generic,Zambia,29-May-08,29-May-08,200mg,Tablet,Yes,6002.19,From RDC,"Nevirapine 200mg, tablets, 60 Tabs",272,50000,170000.0,PMO - US,"Aurobindo Unit III, India",Nevirapine,3.4,N/A - From RDC,SO-2475,Pre-PQ Process,Pre-PQ Process,ARV,110-ZM-T01,29-May-08,Air,Adult,60,0.06,SCMS from RDC,N/A - From RDC,4733
44099,ASN-19666,Generic,Haiti,20-Jun-13,20-Jun-13,100/25mg,Tablet,Yes,1286.68,Direct Drop,"Lopinavir/Ritonavir 100/25mg [Aluvia], tablets, 60 Tabs",4.5,612,3635.28,PMO - US,ABBVIE Ludwigshafen Germany,Lopinavir/Ritonavir,5.94,02-05-13,SCMS-176280,FPQ-11286,1/16/13,ARV,106-HT-T30,20-Jun-13,Air,Pediatric,60,0.1,ABBVIE LOGISTICS (FORMERLY ABBOTT LOGISTICS BV),FCA,76
8437,ASN-1908,Determine,Botswana,31-Jul-08,31-Jul-08,MIssing,Test kit,Yes,641.06,Direct Drop,"HIV 1/2, Determine HIV Kit, without Lancets, 100 Tests",11.52,100,7199.0,PMO - US,Inverness Japan,"HIV 1/2, Determine HIV Kit, without Lancets",71.99,4/28/08,SCMS-22700,Pre-PQ Process,Pre-PQ Process,HRDT,102-BW-T01,31-Jul-08,Air,HIV test,100,0.72,"Orgenics, Ltd",EXW,28
6524,ASN-3988,Clearview,Namibia,15-May-09,15-May-09,MIssing,Test kit,Yes,87.73,Direct Drop,"HIV 1/2, Clearview Complete Kit, 25 Tests",1.03,7,525.0,PMO - US,Chembio Diagnostics Sys. Inc.,"HIV 1/2, Clearview Complete Kit",75.0,4/30/09,SCMS-45420,Pre-PQ Process,Pre-PQ Process,HRDT,139-NA-T01,15-May-09,Air,HIV test,25,3.0,"Orgenics, Ltd",DDP,5
85667,DN-1730,Generic,Nigeria,31-Mar-10,31-Mar-10,200/300mg,Tablet - FDC,Yes,Freight Included in Commodity Cost,From RDC,"Emtricitabine/Tenofovir Disoproxil Fumarate 200/300mg, tablets, 30 Tabs",785.32,31000,364250.0,PMO - US,Mylan (formerly Matrix) Nashik,Emtricitabine/Tenofovir Disoproxil Fumarate,11.75,N/A - From RDC,SO-35071,FPQ-4537,11-06-09,ARV,151-NG-T30,19-Apr-10,Air Charter,Adult,30,0.39,SCMS from RDC,N/A - From RDC,2501
85448,DN-3579,Generic,Rwanda,02-Apr-14,14-Apr-14,300/300mg,Tablet - FDC,No,See DN-3579 (ID#:83217),From RDC,"Lamivudine/Tenofovir Disoproxil Fumarate 300/300mg, tablets, 30 Tabs",211.66,36406,171108.2,PMO - US,Hetero Unit III Hyderabad IN,Lamivudine/Tenofovir Disoproxil Fumarate,4.7,N/A - From RDC,SO-46480,FPQ-12766,08-02-13,ARV,107-RW-T30,28-Mar-14,Truck,Adult,30,0.16,SCMS from RDC,N/A - From RDC,See DN-3579 (ID#:83217)
2148,ASN-3228,INSTi,Zimbabwe,03-Feb-09,03-Feb-09,MIssing,Test kit,Yes,Freight Included in Commodity Cost,Direct Drop,"#109440**HIV 1/2, INSTI HIV Antibody Individual POC, 1 Test",24.91,5000,12706.65,PMO - US,bioLytical Laboratories,"HIV 1/2, INSTI HIV Antibody Individual POC, 1 Test",2.54,10/28/08,SCMS-32660,Pre-PQ Process,Pre-PQ Process,HRDT,113-ZW-T01,03-Feb-09,Air,HIV test,1,2.54,BIOLYTICAL LABORATORIES INC.,CIP,Weight Captured Separately
83099,DN-2968,Generic,CÃte dIvoire,27-Dec-12,27-Dec-12,300mg,Tablet,Yes,3026.62,From RDC,"Tenofovir Disoproxil Fumarate 300mg, tablets, 30 Tabs",39.57,5856,28225.92,PMO - US,Mylan (formerly Matrix) Nashik,Tenofovir Disoproxil Fumarate,4.82,N/A - From RDC,SO-42960,FPQ-10405,7/24/12,ARV,104-CI-T30,28-Feb-13,Truck,Adult,30,0.16,SCMS from RDC,N/A - From RDC,354
76227,ASN-31338,Determine,South Sudan,03-Jun-15,05-Jun-15,MIssing,Test kit,No,See ASN-31338 (ID#:38992),Direct Drop,"HIV 1/2, Determine Complete HIV Kit, 100 Tests",20.95,200,17800.0,PMO - US,"Alere Medical Co., Ltd.","HIV 1/2, Determine Complete HIV Kit",89.0,2/20/15,SCMS-272160,FPQ-15569,12/29/14,HRDT,105-SS-T30,03-Jun-15,Air,HIV test,100,0.89,"Orgenics, Ltd",EXW,See ASN-31338 (ID#:38992)
30186,ASN-7730,Generic,Vietnam,03-Nov-10,03-Nov-10,300mg,Tablet,Yes,3587.81,Direct Drop,"Abacavir 300mg, tablets, 60 Tabs",6.79,200,3148.0,PMO - US,Mylan (formerly Matrix) Nashik,Abacavir,15.74,6/30/10,SCMS-77270,FPQ-5899,6/23/10,ARV,108-VN-T30,03-Nov-10,Air,Adult,60,0.26,MYLAN LABORATORIES LTD (FORMERLY MATRIX LABORATORIES),EXW,22
82842,DN-1479,Generic,Haiti,18-Oct-09,18-Oct-09,20mg/ml,Oral solution,Yes,1576.32,From RDC,"Abacavir 20mg/ml, oral solution, Bottle, 240 ml",2.75,96,1405.44,PMO - US,"Aurobindo Unit III, India",Abacavir,14.64,N/A - From RDC,SO-33730,FPQ-4277,9/22/09,ARV,106-HT-T30,18-Nov-09,Air,Pediatric,240,0.06,SCMS from RDC,N/A - From RDC,54
81293,ASN-5689,Bioline,Kenya,07-Jan-10,07-Jan-10,MIssing,Test kit,Yes,21825.6,Direct Drop,"HIV 1/2, Bioline 3.0 Kit, Lancets, Capillary pipets, Alcohol swabs included, 25 Tests",334.18,8525,170500.0,PMO - US,"Standard Diagnostics, Korea","HIV 1/2, Bioline 3.0 Kit, Lancets, Capillary pipets, Alcohol swabs included",20.0,10/23/09,SCMS-55900,FPQ-4250,9/16/09,HRDT,102-KE-T30,07-Jan-10,Air,HIV test,25,0.8,"Standard Diagnostics, Inc.",EXW,2842
41905,ASN-31155,Generic,Uganda,08-Apr-15,08-Apr-15,100/25mg,Tablet,Yes,1488.99,Direct Drop,"Lopinavir/Ritonavir 100/25mg, tablets, 60 Tabs",22.1,2335,18773.4,PMO - US,"Aurobindo Unit III, India",Lopinavir/Ritonavir,8.04,11/25/14,SCMS-264930,FPQ-15303,11-11-14,ARV,114-UG-T30,08-Apr-15,Air,Pediatric,60,0.13,Aurobindo Pharma Limited,EXW,237
11682,DN-1422,Generic,CÃte dIvoire,16-Sep-09,16-Sep-09,10mg/ml,Oral solution,Yes,11005.67,From RDC,"Zidovudine 10mg/ml, oral solution, Bottle, 240 ml",22.75,5527,11606.7,PMO - US,"Aurobindo Unit III, India",Zidovudine,2.1,N/A - From RDC,SO-33220,Pre-PQ Process,Date Not Captured,ARV,104-CI-T01,16-Sep-09,Air,Pediatric,240,0.01,SCMS from RDC,N/A - From RDC,5317
83415,DN-1759,Generic,CÃte dIvoire,01-Apr-10,01-Apr-10,300mg,Tablet,No,See DN-1759 (ID#:82875),From RDC,"Tenofovir Disoproxil Fumarate 300mg, tablets, 30 Tabs",3.99,250,2035.0,PMO - US,Mylan (formerly Matrix) Nashik,Tenofovir Disoproxil Fumarate,8.14,N/A - From RDC,SO-34370,FPQ-4378,10/15/09,ARV,104-CI-T30,06-Apr-10,Air,Adult,30,0.27,SCMS from RDC,N/A - From RDC,See DN-1759 (ID#:82875)
3358,ASN-2503,Zerit,South Africa,14-Aug-08,14-Aug-08,40mg,Capsule,No,Freight Included in Commodity Cost,Direct Drop,"Stavudine 40mg [Zerit], capsules, 60 Caps",1.03,130,644.8,PMO - US,"BMS Meymac, France",Stavudine,4.96,Date Not Captured,SCMS-28830,Pre-PQ Process,Pre-PQ Process,ARV,116-ZA-T01,25-Aug-08,Truck,Adult,60,0.08,S. BUYS WHOLESALER,DDP,Weight Captured Separately
49211,ASN-12989,Generic,South Africa,31-Jan-12,31-Jan-12,200mg,Tablet,Yes,7175.28,Direct Drop,"Nevirapine 200mg, tablets, 60 Tabs",259.97,57925,157556.0,PMO - US,"Cipla, Goa, India",Nevirapine,2.72,3/28/11,SCMS-104090,FPQ-7175,03-10-11,ARV,161-ZA-T30,31-Jan-12,Ocean,Adult,60,0.05,CIPLA LIMITED,DDP,6220
10239,ASN-3698,Uni-Gold,Zambia,09-Apr-09,09-Apr-09,MIssing,Test kit,Yes,25513.66,Direct Drop,"HIV 1/2, Uni-Gold HIV Kit, 20 Tests",501.76,8000,256000.0,PMO - US,"Trinity Biotech, Plc","HIV 1/2, Uni-Gold HIV Kit",32.0,1/27/09,SCMS-37780,Pre-PQ Process,Pre-PQ Process,HRDT,110-ZM-T01,09-Apr-09,Air,HIV test,20,1.6,"Trinity Biotech, Plc",EXW,2657
84175,DN-2692,Generic,Zimbabwe,17-Jun-12,17-Jun-12,200mg,Tablet,Yes,5530.11,From RDC,"Nevirapine 200mg, tablets, 60 Tabs",277.94,69037,168450.28,PMO - US,Hetero Unit III Hyderabad IN,Nevirapine,2.44,N/A - From RDC,SO-40871,FPQ-8464,10-04-11,ARV,113-ZW-T30,17-Jun-12,Truck,Adult,60,0.04,SCMS from RDC,N/A - From RDC,4353
85347,DN-3075,Generic,CÃte dIvoire,30-Mar-13,30-Mar-13,150/300/200mg,Tablet - FDC,No,See DN-3075 (ID#:83129),From RDC,"Lamivudine/Nevirapine/Zidovudine 150/200/300mg, tablets, 60 Tabs",601.46,50000,429000.0,PMO - US,"Strides, Bangalore, India.",Lamivudine/Nevirapine/Zidovudine,8.58,N/A - From RDC,SO-43330,FPQ-10633,09-11-12,ARV,104-CI-T30,28-Mar-13,Truck,Adult,60,0.14,SCMS from RDC,N/A - From RDC,See DN-3075 (ID#:83129)
32150,ASN-33526,Aluvia,Vietnam,14-Sep-15,14-Sep-15,200/50mg,Tablet,Yes,Invoiced Separately,Direct Drop,"Lopinavir/Ritonavir 200/50mg [Aluvia], tablets, 120 Tabs",21.47,300,18240.0,PMO - US,ABBVIE Ludwigshafen Germany,Lopinavir/Ritonavir,60.8,03-04-15,SCMS-277270,FPQ-15823,2/13/15,ARV,108-VN-T30,14-Sep-15,Air,Adult,120,0.51,ABBVIE LOGISTICS (FORMERLY ABBOTT LOGISTICS BV),FCA,Weight Captured Separately
31941,ASN-21652,Generic,Vietnam,24-Sep-13,24-Sep-13,600mg,Tablet,Yes,3353.3,Direct Drop,"Efavirenz 600mg, tablets, 30 Tabs",108.96,27186,88082.64,PMO - US,"Hetero, Jadcherla, unit 5, IN",Efavirenz,3.24,5/21/13,SCMS-190500,FPQ-12051,05-03-13,ARV,108-VN-T30,24-Sep-13,Air,Adult,30,0.11,HETERO LABS LIMITED,EXW,2321
9585,ASN-2532,Uni-Gold,Mozambique,17-Oct-08,17-Oct-08,MIssing,Test kit,Yes,32437.45,Direct Drop,"HIV 1/2, Uni-Gold HIV Kit, 20 Tests",271.36,5300,169600.0,PMO - US,"Trinity Biotech, Plc","HIV 1/2, Uni-Gold HIV Kit",32.0,02-06-08,SCMS-17260,Pre-PQ Process,Pre-PQ Process,HRDT,111-MZ-T01,17-Oct-08,Air,HIV test,20,1.6,"Trinity Biotech, Plc",EXW,1796
13231,ASN-27978,Generic,South Africa,27-Aug-14,27-Aug-14,300mg,Tablet,Yes,Freight Included in Commodity Cost,Direct Drop,"Zidovudine 300mg, tablets, 60 Tabs",0.48,14,389.56,PMO - US,"Aurobindo Unit III, India",Zidovudine,27.83,8/27/14,SCMS-199283,FPQ-12522,07-11-13,ARV,116-ZA-T30,27-Aug-14,Truck,Adult,60,0.46,S. BUYS WHOLESALER,DDP,Weight Captured Separately
27269,ASN-27963,Norvir,Rwanda,16-Sep-14,25-Sep-14,100mg,Tablet,Yes,1949.64,Direct Drop,"Ritonavir 100mg [Norvir], film coated tablets, 60 Tabs",10.66,1514,10370.9,PMO - US,ABBVIE Ludwigshafen Germany,Ritonavir,6.85,08-06-14,SCMS-236481,FPQ-13852,3/19/14,ARV,107-RW-T30,16-Sep-14,Air,Adult,60,0.11,ABBVIE LOGISTICS (FORMERLY ABBOTT LOGISTICS BV),FCA,204
80528,ASN-5449,Generic,South Africa,08-Oct-09,08-Oct-09,150mg,Tablet,Yes,Freight Included in Commodity Cost,Direct Drop,"Lamivudine 150mg, tablets, 60 Tabs",16.21,808,8268.79,PMO - US,"Aurobindo Unit III, India",Lamivudine,10.23,9/22/09,SCMS-50361,FPQ-3596,05-07-09,ARV,116-ZA-T30,08-Oct-09,Truck,Adult,60,0.17,S. BUYS WHOLESALER,DDP,Weight Captured Separately
84103,DN-2296,Generic,CÃte dIvoire,22-Jul-11,22-Jul-11,600/300mg,Tablet - FDC,Yes,3545.1,From RDC,"Abacavir/Lamivudine 600/300mg, scored tablets, 30 Tabs",58.32,1571,35347.5,PMO - US,Mylan (formerly Matrix) Nashik,Abacavir/Lamivudine,22.5,N/A - From RDC,SO-38571,FPQ-6891,12/21/10,ARV,104-CI-T30,22-Jul-11,Air,Adult,30,0.75,SCMS from RDC,N/A - From RDC,151
12215,DN-1047,Generic,CÃte dIvoire,19-Jan-09,19-Jan-09,150/300/200mg,Tablet - FDC,Yes,5048.32,From RDC,"Lamivudine/Nevirapine/Zidovudine 150/200/300mg, tablets, 60 Tabs",231.28,10000,118000.0,PMO - US,"Aurobindo Unit III, India",Lamivudine/Nevirapine/Zidovudine,11.8,N/A - From RDC,SO-16210,Pre-PQ Process,Pre-PQ Process,ARV,104-CI-T01,19-Jan-09,Air,Adult,60,0.2,SCMS from RDC,N/A - From RDC,1456
86054,DN-3565,Generic,Zambia,25-Mar-14,04-Apr-14,150mg,Tablet,No,See DN-3565 (ID#:84903),From RDC,"Lamivudine 150mg, tablets, 60 Tabs",27.59,10000,22300.0,PMO - US,"Aurobindo Unit III, India",Lamivudine,2.23,N/A - From RDC,SO-45940,FPQ-12497,6/20/13,ARV,100-ZM-T30,25-Mar-14,Truck,Adult,60,0.04,SCMS from RDC,N/A - From RDC,See DN-3565 (ID#:84903)
12805,DN-697,Generic,Kenya,31-Mar-08,31-Mar-08,MIssing,Test kit - Ancillary,No,See DN-697 (ID#:12202),From RDC,"HIV, Lancet, Safety, for HIV Test kits, 100 Pcs",0.03,2000,20.0,PMO - US,Inverness Japan,"HIV, Lancet, Safety, for HIV Test kits, 100 Pcs",0.01,N/A - From RDC,SO-1973,Pre-PQ Process,Pre-PQ Process,HRDT,102-KE-T01,31-Mar-08,Truck,HIV test - Ancillary,100,0.0,SCMS from RDC,N/A - From RDC,See DN-697 (ID#:12202)
1183,ASN-4420,Generic,Vietnam,10-Jul-09,10-Jul-09,150/300/200mg,Tablet - FDC,Yes,6341.88,Direct Drop,"Lamivudine/Nevirapine/Zidovudine 150/200/300mg, tablets, 60 Tabs",76.49,3500,39025.0,PMO - US,"Aurobindo Unit III, India",Lamivudine/Nevirapine/Zidovudine,11.15,4/29/09,SCMS-45080,Pre-PQ Process,Pre-PQ Process,ARV,108-VN-T01,10-Jul-09,Air,Adult,60,0.19,Aurobindo Pharma Limited,EXW,1804
59442,ASN-15742,Generic,Rwanda,06-Aug-12,06-Aug-12,150/300mg,Tablet - FDC,Yes,18779.99,Direct Drop,"Lamivudine/Zidovudine 150/300mg, tablets, 60 Tabs",359.07,35820,256113.0,PMO - US,"Aurobindo Unit III, India",Lamivudine/Zidovudine,7.15,7/16/12,SCMS-152840,FPQ-10223,07-05-12,ARV,107-RW-T30,06-Aug-12,Air,Adult,60,0.12,Aurobindo Pharma Limited,EXW,3114
39133,ASN-22109,Determine,Tanzania,02-Dec-13,02-Dec-13,MIssing,Test kit,Yes,925.04,Direct Drop,"HIV 1/2, Determine Complete HIV Kit, 100 Tests",0.3,3,240.0,PMO - US,"Alere Medical Co., Ltd.","HIV 1/2, Determine Complete HIV Kit",80.0,09-11-13,SCMS-205480,FPQ-11919,3/25/13,HRDT,109-TZ-T30,02-Dec-13,Air,HIV test,100,0.8,"Orgenics, Ltd",EXW,2
83094,DN-2934,Generic,Haiti,14-Nov-12,14-Nov-12,150/300mg,Tablet - FDC,Yes,39513.54,From RDC,"Lamivudine/Zidovudine 150/300mg, tablets, 60 Tabs",279.04,29220,225578.4,PMO - US,Mylan (formerly Matrix) Nashik,Lamivudine/Zidovudine,7.72,N/A - From RDC,SO-43600,FPQ-10883,10/30/12,ARV,106-HT-T30,03-Dec-12,Air,Adult,60,0.13,SCMS from RDC,N/A - From RDC,3809
40627,ASN-11462,Generic,South Africa,16-Sep-11,16-Sep-11,200mg,Tablet,Yes,15222.94,Direct Drop,"Nevirapine 200mg, tablets, 60 Tabs",710.32,150000,430500.0,PMO - US,"Strides, Bangalore, India.",Nevirapine,2.87,3/28/11,SCMS-103950,FPQ-7175,03-10-11,ARV,161-ZA-T30,16-Sep-11,Ocean,Adult,60,0.05,STRIDES ARCOLAB LIMITED,DDP,9282
40934,ASN-21378,Norvir,Vietnam,16-Sep-13,16-Sep-13,100mg,Tablet,Yes,493.42,Direct Drop,"Ritonavir 100mg [Norvir], film coated tablets, 30 Tabs",2.04,71,1651.46,PMO - US,ABBVIE Ludwigshafen Germany,Ritonavir,23.26,8/19/13,SCMS-188570,FPQ-12051,05-03-13,ARV,108-VN-T30,16-Sep-13,Air,Adult,30,0.78,ABBVIE LOGISTICS (FORMERLY ABBOTT LOGISTICS BV),FCA,15
20697,ASN-17075,Generic,Vietnam,29-Nov-12,29-Nov-12,10mg/ml,Oral suspension,Yes,10770.55,Direct Drop,"Nevirapine 10mg/ml, oral suspension w/syringe, Bottle, 240 ml",1.54,564,1099.8,PMO - US,"Aurobindo Unit III, India",Nevirapine,1.95,8/14/12,SCMS-156130,FPQ-10286,7/25/12,ARV,108-VN-T30,29-Nov-12,Air,Pediatric,240,0.01,Aurobindo Pharma Limited,EXW,5939
84797,DN-3053,Generic,Zambia,22-Mar-13,22-Mar-13,200mg,Tablet,Yes,5520.86,From RDC,"Nevirapine 200mg, tablets, 60 Tabs",114.3,40000,92400.0,PMO - US,Hetero Unit III Hyderabad IN,Nevirapine,2.31,N/A - From RDC,SO-44473,FPQ-11553,1/28/13,ARV,110-ZM-T30,25-Jun-13,Truck,Adult,60,0.04,SCMS from RDC,N/A - From RDC,2452
8642,ASN-2575,Colloidal Gold,Ethiopia,06-Oct-08,06-Oct-08,MIssing,Test kit,Yes,44347.71,Direct Drop,"HIV 1/2, SKB Colloidal Gold, Diagnostic Kit, Antibody, 50 Tests",257.67,7002,161046.0,PMO - US,"KHB Test Kit Facility, Shanghai China","HIV 1/2, Colloidal Gold, Diagnostic Kit, Antibody",23.0,8/22/08,SCMS-28710,Pre-PQ Process,Pre-PQ Process,HRDT,117-ET-T01,07-Oct-08,Air,HIV test,1,23.0,"SHANGHAI KEHUA BIOENGINEERING CO.,LTD.  (KHB)",EXW,5057
40033,ASN-31156,Generic,Uganda,08-Apr-15,08-Apr-15,100/25mg,Tablet,Yes,1488.99,Direct Drop,"Lopinavir/Ritonavir 100/25mg, tablets, 60 Tabs",40.22,4250,34170.0,PMO - US,"Aurobindo Unit III, India",Lopinavir/Ritonavir,8.04,11/25/14,SCMS-264940,FPQ-15303,11-11-14,ARV,114-UG-T30,08-Apr-15,Air,Pediatric,60,0.13,Aurobindo Pharma Limited,EXW,424
22387,ASN-12170,Generic,South Africa,03-Nov-11,03-Nov-11,600mg,Tablet,Yes,9323.3,Direct Drop,"Efavirenz 600mg, tablets, 30 Tabs",478.61,64316,290065.16,PMO - US,"Aurobindo Unit III, India",Efavirenz,4.51,3/24/11,SCMS-103390,FPQ-7175,03-10-11,ARV,161-ZA-T30,10-Oct-11,Ocean,Adult,30,0.15,Aurobindo Pharma Limited,DDP,5467
83683,DN-3144,Generic,Nigeria,03-May-13,03-May-13,600/300mg,Tablet - FDC,Yes,14547.55,From RDC,"Abacavir/Lamivudine 600/300mg, scored tablets, 30 Tabs",68.85,3820,55657.4,PMO - US,"Aurobindo Unit III, India",Abacavir/Lamivudine,14.57,N/A - From RDC,SO-44751,FPQ-11771,2/28/13,ARV,151-NG-T30,21-Aug-13,Air Charter,Adult,30,0.49,SCMS from RDC,N/A - From RDC,3917
4085,ASN-834,Generic,Guyana,21-Sep-07,21-Sep-07,MIssing,Test kit - Ancillary,Yes,Invoiced Separately,Direct Drop,"HIV, Lancet, Safety, for HIV Test kits, 100 Pcs",0.01,442,4.42,PMO - US,Inverness Japan,"HIV, Lancet, Safety, for HIV Test kits, 100 Pcs",0.01,8/28/07,SCMS-11650,Pre-PQ Process,Pre-PQ Process,HRDT,102-GY-T01,21-Sep-07,Air,HIV test - Ancillary,100,0.0,"Orgenics, Ltd",EXW,Weight Captured Separately
72639,ASN-7945,Stat-Pak,CÃte dIvoire,27-Aug-10,27-Aug-10,MIssing,Test kit,Yes,5557.27,Direct Drop,"HIV 1/2, Stat-Pak HIV, Kit, 20 Tests",120.38,2068,55836.0,PMO - US,Chembio Diagnostics Sys. Inc.,"HIV 1/2, Stat-Pak HIV, Kit",27.0,06-07-10,SCMS-75361,FPQ-5207,2/25/10,HRDT,104-CI-T30,27-Aug-10,Air,HIV test,20,1.35,"CHEMBIO DIAGNOSTIC SYSTEMS, INC.",EXW,685
49320,ASN-14696,Norvir,Uganda,04-May-12,04-May-12,100mg,Tablet,Yes,1060.22,Direct Drop,"Ritonavir 100mg [Norvir], film coated tablets, 60 Tabs",4.12,429,2938.65,PMO - US,ABBVIE Ludwigshafen Germany,Ritonavir,6.85,04-04-12,SCMS-142250,FPQ-9365,3/15/12,ARV,114-UG-T30,04-May-12,Air,Adult,60,0.11,ABBVIE LOGISTICS (FORMERLY ABBOTT LOGISTICS BV),FCA,62
85779,DN-2307,Generic,Zimbabwe,05-Sep-11,05-Sep-11,600mg,Tablet,Yes,1709.78,From RDC,"Efavirenz 600mg, tablets, 30 Tabs",59.81,6392,27741.28,PMO - US,Hetero Unit III Hyderabad IN,Efavirenz,4.34,N/A - From RDC,SO-37840,FPQ-6470,10/13/10,ARV,113-ZW-T30,06-Sep-11,Truck,Adult,30,0.14,SCMS from RDC,N/A - From RDC,539
15778,ASN-18311,Determine,Tanzania,10-Apr-13,10-Apr-13,MIssing,Test kit,Yes,2082.39,Direct Drop,"HIV 1/2, Determine Complete HIV Kit, 100 Tests",21.57,218,17440.0,PMO - US,"Alere Medical Co., Ltd.","HIV 1/2, Determine Complete HIV Kit",80.0,10/18/12,SCMS-162861,FPQ-10809,10-11-12,HRDT,109-TZ-T30,10-Apr-13,Air,HIV test,100,0.8,"Orgenics, Ltd",EXW,91
34760,ASN-20773,Kaletra,"Congo, DRC",20-Nov-13,26-Nov-13,80/20mg/ml,Oral solution,Yes,460.91,Direct Drop,"Lopinavir/Ritonavir 80/20mg/ml [Kaletra], oral solution, cool, Bottle 5 x 60 ml",7.01,184,5670.88,PMO - US,ABBVIE (Abbott) Logis. UK,Lopinavir/Ritonavir,30.82,5/23/13,SCMS-189060,FPQ-12093,4/23/13,ARV,101-CD-T30,20-Nov-13,Air,Pediatric,300,0.1,ABBVIE LOGISTICS (FORMERLY ABBOTT LOGISTICS BV),FCA,288
10680,DN-830,Bioline,Kenya,30-May-08,30-May-08,MIssing,Test kit,Yes,417.42,From RDC,"HIV, Bioline HIV 1/2 3.0 Kit, [DON] 25 Tests",0.02,997,9.97,PMO - US,"Standard Diagnostics, Korea","HIV, Bioline HIV 1/2 3.0 Kit",0.01,N/A - From RDC,SO-1720,Pre-PQ Process,Pre-PQ Process,HRDT,102-KE-T01,30-May-08,Truck,HIV test,25,0.0,SCMS from RDC,N/A - From RDC,399
12281,DN-1225,Generic,Uganda,22-May-09,22-May-09,30mg,Capsule,Yes,526.41,From RDC,"Stavudine 30mg, capsules, 60 Caps",0.18,60,89.4,PMO - US,"Aurobindo Unit III, India",Stavudine,1.49,N/A - From RDC,SO-26160,Pre-PQ Process,Pre-PQ Process,ARV,114-UG-T01,22-May-09,Air,Adult,60,0.02,SCMS from RDC,N/A - From RDC,4
75882,ASN-26117,Generic,Zimbabwe,14-Jun-14,16-Jun-14,300/300mg,Tablet - FDC,Yes,25955.06,Direct Drop,"Lamivudine/Tenofovir Disoproxil Fumarate 300/300mg, tablets, 30 Tabs",159.85,33439,155491.35,PMO - US,"Aurobindo Unit VII, IN",Lamivudine/Tenofovir Disoproxil Fumarate,4.65,05-08-14,SCMS-234720,FPQ-13939,04-01-14,ARV,113-ZW-T30,14-Jun-14,Air,Adult,30,0.16,Aurobindo Pharma Limited,EXW,3232
83905,DN-4218,Generic,Uganda,14-May-15,15-May-15,300/300mg,Tablet - FDC,No,See DN-4218 (ID#:83326),From RDC,"Lamivudine/Tenofovir Disoproxil Fumarate 300/300mg, tablets, 30 Tabs",652.3,120742,554205.78,PMO - US,"Cipla, Kurkumbh, India",Lamivudine/Tenofovir Disoproxil Fumarate,4.59,N/A - From RDC,SO-50050,FPQ-15294,11-03-14,ARV,114-UG-T30,15-Jun-15,Truck,Adult,30,0.15,SCMS from RDC,N/A - From RDC,See DN-4218 (ID#:83326)
83885,DN-4123,Generic,Nigeria,05-Feb-15,10-Feb-15,150/300mg,Tablet - FDC,Yes,34099.18,From RDC,"Lamivudine/Zidovudine 150/300mg, tablets, 60 Tabs",1118.59,164867,1088122.2,PMO - US,Mylan (formerly Matrix) Nashik,Lamivudine/Zidovudine,6.6,N/A - From RDC,SO-48909,FPQ-14156,4/25/14,ARV,151-NG-T30,02-Mar-15,Air Charter,Adult,60,0.11,SCMS from RDC,N/A - From RDC,14794
85587,DN-4218,Generic,Uganda,14-May-15,15-May-15,200mg,Tablet,No,See DN-4218 (ID#:83326),From RDC,"Nevirapine 200mg, tablets, 60 Tabs",203.36,79258,172782.44,PMO - US,Hetero Unit III Hyderabad IN,Nevirapine,2.18,N/A - From RDC,SO-50050,FPQ-15294,11-03-14,ARV,114-UG-T30,15-Jun-15,Truck,Adult,60,0.04,SCMS from RDC,N/A - From RDC,See DN-4218 (ID#:83326)
83441,DN-1925,Generic,Nigeria,28-Jun-10,28-Jun-10,150/300mg,Tablet - FDC,Yes,Freight Included in Commodity Cost,From RDC,"Lamivudine/Zidovudine 150/300mg, tablets, 60 Tabs",1.89,100,876.0,PMO - US,"Aurobindo Unit III, India",Lamivudine/Zidovudine,8.76,N/A - From RDC,SO-36671,FPQ-4537,11-06-09,ARV,151-NG-T30,21-Jul-10,Air,Adult,60,0.15,SCMS from RDC,N/A - From RDC,4582
83719,DN-3340,Generic,Zambia,05-Nov-13,12-Nov-13,150/300mg,Tablet - FDC,Yes,10651.44,From RDC,"Lamivudine/Zidovudine 150/300mg, tablets, 60 Tabs",660.2,67271,470897.0,PMO - US,"Cipla, Goa, India",Lamivudine/Zidovudine,7.0,N/A - From RDC,SO-43462,FPQ-10728,10-05-12,ARV,110-ZM-T30,05-Nov-13,Truck,Adult,60,0.12,SCMS from RDC,N/A - From RDC,6041
75641,ASN-16218,Generic,Tanzania,09-Oct-12,09-Oct-12,600mg,Tablet,Yes,20136.28,Direct Drop,"Efavirenz 600mg, tablets, 30 Tabs",281.1,60757,200498.1,PMO - US,"Aurobindo Unit III, India",Efavirenz,3.3,08-09-12,SCMS-156500,FPQ-10394,7/26/12,ARV,900-TZ-T30,09-Oct-12,Air,Adult,30,0.11,Aurobindo Pharma Limited,EXW,5215
34700,ASN-27475,Determine,Nigeria,26-Aug-14,07-Sep-14,MIssing,Test kit,Yes,38029.42,Direct Drop,"HIV 1/2, Determine Complete HIV Kit, 100 Tests",583.26,6375,567375.0,PMO - US,"Alere Medical Co., Ltd.","HIV 1/2, Determine Complete HIV Kit",89.0,06-02-14,SCMS-240830,FPQ-14305,5/16/14,HRDT,133-NG-T30,19-Aug-14,Air,HIV test,100,0.89,"Orgenics, Ltd",EXW,3764
84796,DN-3049,Generic,Zimbabwe,23-Mar-13,23-Mar-13,200mg,Tablet,Yes,15000,From RDC,"Nevirapine 200mg, tablets, 60 Tabs",114.25,40869,92363.94,PMO - US,Hetero Unit III Hyderabad IN,Nevirapine,2.26,N/A - From RDC,SO-43701,FPQ-11002,11/16/12,ARV,113-ZW-T30,30-Apr-13,Truck,Adult,60,0.04,SCMS from RDC,N/A - From RDC,2520
37416,ASN-30448,Kaletra,South Africa,29-Jan-15,29-Jan-15,80/20mg/ml,Oral solution,Yes,Freight Included in Commodity Cost,Direct Drop,"Lopinavir/Ritonavir 80/20mg/ml [Kaletra], oral solution, cool, Bottle 5 x 60 ml",0.03,2,31.89,PMO - US,ABBVIE (Abbott) Logis. UK,Lopinavir/Ritonavir,15.94,1/29/15,SCMS-259082,FPQ-14942,09-11-14,ARV,116-ZA-T30,29-Jan-15,Truck,Pediatric,300,0.05,PHARMACY DIRECT,DDP,Weight Captured Separately
48517,ASN-6754,Determine,Zimbabwe,20-May-10,20-May-10,MIssing,Test kit,Yes,18841.09,Direct Drop,"HIV 1/2, Determine Complete HIV Kit, 100 Tests",286.4,1845,132840.0,PMO - US,Inverness Japan,"HIV 1/2, Determine Complete HIV Kit",72.0,2/17/10,SCMS-65350,FPQ-5018,02-02-10,HRDT,100-ZW-T30,20-May-10,Air,HIV test,100,0.72,"Orgenics, Ltd",EXW,1000
84213,DN-2976,Generic,Rwanda,07-Feb-13,07-Feb-13,600/300/300mg,Tablet - FDC,Yes,20994.85,From RDC,"Efavirenz/Lamivudine/Tenofovir Disoproxil Fumarate 600/300/300mg, tablets, 30 Tabs",1901.68,112007,1356404.77,PMO - US,Mylan (formerly Matrix) Nashik,Efavirenz/Lamivudine/Tenofovir Disoproxil Fumarate,12.11,N/A - From RDC,SO-42431,FPQ-9969,5/25/12,ARV,107-RW-T30,07-Feb-13,Air,Adult,30,0.4,SCMS from RDC,N/A - From RDC,12757
84727,DN-2675,Generic,Uganda,12-Jun-12,12-Jun-12,200mg,Tablet,No,See DN-2675 (ID#:83038),From RDC,"Nevirapine 200mg, tablets, 60 Tabs",44.38,12974,31656.56,PMO - US,Mylan (formerly Matrix) Nashik,Nevirapine,2.44,N/A - From RDC,SO-42050,FPQ-9875,05-09-12,ARV,114-UG-T30,04-Jul-12,Air,Adult,60,0.04,SCMS from RDC,N/A - From RDC,See DN-2675 (ID#:83038)
83068,DN-2812,Generic,"Congo, DRC",14-Feb-13,14-Feb-13,150/300mg,Tablet - FDC,Yes,25634.47,From RDC,"Lamivudine/Zidovudine 150/300mg, tablets, 60 Tabs",13.25,1224,9449.28,PMO - US,Mylan (formerly Matrix) Nashik,Lamivudine/Zidovudine,7.72,N/A - From RDC,SO-42340,FPQ-9906,5/15/12,ARV,102-CD-T30,14-Feb-13,Air,Adult,60,0.13,SCMS from RDC,N/A - From RDC,3637
86384,DN-2203,Generic,Zimbabwe,13-Jun-11,13-Jun-11,30/50/60mg,Chewable/dispersible tablet - FDC,No,See DN-2203 (ID#:82949),From RDC,"Lamivudine/Nevirapine/Zidovudine 30/50/60mg, dispersible tablets, 60 Tabs",183.26,20000,85000.0,PMO - US,Mylan (formerly Matrix) Nashik,Lamivudine/Nevirapine/Zidovudine,4.25,N/A - From RDC,SO-37880,FPQ-6483,10/13/10,ARV,200-ZW-T30,31-May-11,Truck,Pediatric,60,0.07,SCMS from RDC,N/A - From RDC,See DN-2203 (ID#:82949)
83121,DN-3060,Generic,Guyana,15-Mar-13,15-Mar-13,200/300mg,Tablet - FDC,Yes,12862.56,From RDC,"Emtricitabine/Tenofovir Disoproxil Fumarate 200/300mg, tablets, 30 Tabs",38.81,4917,31370.46,PMO - US,Hetero Unit III Hyderabad IN,Emtricitabine/Tenofovir Disoproxil Fumarate,6.38,N/A - From RDC,SO-44520,FPQ-11546,1/28/13,ARV,105-GY-T30,18-Apr-13,Air,Adult,30,0.21,SCMS from RDC,N/A - From RDC,1283
63579,ASN-18783,Uni-Gold,South Sudan,16-May-13,16-May-13,MIssing,Test kit,Yes,1441.21,Direct Drop,"HIV 1/2, Uni-Gold HIV Kit, 20 Tests",4.95,125,4000.0,PMO - US,"Trinity Biotech, Plc","HIV 1/2, Uni-Gold HIV Kit",32.0,2/22/13,SCMS-176920,FPQ-11538,1/24/13,HRDT,105-SS-T30,16-May-13,Air,HIV test,20,1.6,"Trinity Biotech, Plc",EXW,41
85156,DN-2029,Generic,Zambia,22-Oct-10,22-Oct-10,200mg,Tablet,Yes,8109.91,From RDC,"Nevirapine 200mg, tablets, 60 Tabs",860.24,150000,399000.0,PMO - US,Hetero Unit III Hyderabad IN,Nevirapine,2.66,N/A - From RDC,SO-36843,FPQ-5702,5/20/10,ARV,110-ZM-T30,04-Nov-10,Truck,Adult,60,0.04,SCMS from RDC,N/A - From RDC,8754
85399,DN-3324,Generic,Nigeria,12-Sep-13,12-Sep-13,150/300/200mg,Tablet - FDC,No,See DN-3324 (ID#:84854),From RDC,"Lamivudine/Nevirapine/Zidovudine 150/200/300mg, tablets, 60 Tabs",849.08,80000,686400.0,PMO - US,"Strides, Bangalore, India.",Lamivudine/Nevirapine/Zidovudine,8.58,N/A - From RDC,SO-44931,FPQ-11864,3/14/13,ARV,151-NG-T30,18-Sep-13,Air Charter,Adult,60,0.14,SCMS from RDC,N/A - From RDC,See DN-3324 (ID#:84854)
79375,ASN-31854,Generic,South Africa,28-Apr-15,28-Apr-15,300mg,Tablet,No,Freight Included in Commodity Cost,Direct Drop,"Abacavir 300mg, tablets, 60 Tabs",1.35,19,1310.81,PMO - US,"Aurobindo Unit III, India",Abacavir,68.99,4/28/15,SCMS-238556,FPQ-13973,4/30/14,ARV,116-ZA-T30,28-Apr-15,Truck,Adult,60,1.15,PHARMACY DIRECT,DDP,Weight Captured Separately
67077,ASN-6469,Videx,Vietnam,08-Apr-10,08-Apr-10,25mg,Chewable/dispersible tablet,Yes,2658.09,Direct Drop,"Didanosine 25mg [Videx], chewable tablets, 60 Tabs",7.85,520,3640.0,PMO - US,"BMS Meymac, France",Didanosine,7.0,02-02-10,SCMS-64410,FPQ-4843,1/28/10,ARV,108-VN-T30,08-Apr-10,Air,Pediatric,60,0.12,BRISTOL-MYERS SQUIBB,CIP,104
85305,DN-2857,Generic,South Sudan,03-Oct-12,03-Oct-12,200mg,Tablet,No,See DN-2857 (ID#:83623),From RDC,"Nevirapine 200mg, tablets, 60 Tabs",1.02,300,726.0,PMO - US,Hetero Unit III Hyderabad IN,Nevirapine,2.42,N/A - From RDC,SO-43050,FPQ-10514,8/17/12,ARV,900-SS-T30,18-Oct-12,Air,Adult,60,0.04,SCMS from RDC,N/A - From RDC,See DN-2857 (ID#:83623)
84512,DN-1540,Generic,Uganda,02-Dec-09,02-Dec-09,200mg,Tablet,Yes,2697.65,From RDC,"Nevirapine 200mg, tablets, 60 Tabs",7.39,1300,3770.0,PMO - US,"Aurobindo Unit III, India",Nevirapine,2.9,N/A - From RDC,SO-34280,FPQ-4454,9/25/09,ARV,114-UG-T30,07-Dec-09,Air,Adult,60,0.05,SCMS from RDC,N/A - From RDC,125
26655,ASN-28627,Generic,South Africa,03-Oct-14,03-Oct-14,200mg,Tablet,No,Freight Included in Commodity Cost,Direct Drop,"Nevirapine 200mg, tablets, 60 Tabs",0.22,12,212.96,PMO - US,"Aurobindo Unit III, India",Nevirapine,17.75,10-03-14,SCMS-238554,FPQ-13973,4/30/14,ARV,116-ZA-T30,03-Oct-14,Truck,Adult,60,0.3,PHARMACY DIRECT,DDP,Weight Captured Separately
10963,DN-682,Generic,Haiti,21-Mar-08,21-Mar-08,20mg/ml,Oral solution,Yes,11340.2,From RDC,"Abacavir 20mg/ml, oral solution, Bottle, 240 ml",4.22,160,2640.0,PMO - US,"Aurobindo Unit III, India",Abacavir,16.5,N/A - From RDC,SO-2042,Pre-PQ Process,Pre-PQ Process,ARV,106-HT-T01,21-Mar-08,Air,Pediatric,240,0.07,SCMS from RDC,N/A - From RDC,938
85710,DN-2021,Generic,Haiti,21-Oct-10,21-Oct-10,30mg,Capsule,No,See DN-2021 (ID#:82353),From RDC,"Stavudine 30mg, capsules, 60 Caps",43.92,14448,20371.68,PMO - US,"Strides, Bangalore, India.",Stavudine,1.41,N/A - From RDC,SO-36780,FPQ-5523,4/19/10,ARV,106-HT-T30,20-Oct-10,Air,Adult,60,0.02,SCMS from RDC,N/A - From RDC,See DN-2021 (ID#:82353)
37997,ASN-9882,Aluvia,CÃte dIvoire,15-Mar-11,15-Mar-11,200/50mg,Tablet,Yes,31318.31,Direct Drop,"Lopinavir/Ritonavir 200/50mg [Aluvia], tablets, 120 Tabs",1209.99,20280,733324.8,PMO - US,ABBVIE Ludwigshafen Germany,Lopinavir/Ritonavir,36.16,1/21/11,SCMS-97570,FPQ-6998,01-11-11,ARV,104-CI-T30,15-Mar-11,Air,Adult,120,0.3,ABBVIE LOGISTICS (FORMERLY ABBOTT LOGISTICS BV),FCA,5089
52853,ASN-32137,Reyataz,South Africa,12-May-15,12-May-15,150mg,Capsule,No,Freight Included in Commodity Cost,Direct Drop,"Atazanavir 150mg [Reyataz], capsules, 60 Caps",0.15,9,143.1,PMO - US,"BMS Evansville, US",Atazanavir,15.9,05-11-15,SCMS-259075,FPQ-14942,09-11-14,ARV,116-ZA-T30,12-May-15,Truck,Pediatric,60,0.26,PHARMACY DIRECT,DDP,Weight Captured Separately
69179,ASN-10512,Generic,South Africa,30-May-11,30-May-11,300mg,Tablet,Yes,13731.6,Direct Drop,"Tenofovir Disoproxil Fumarate 300mg, tablets, 30 Tabs",1697.85,150000,1029000.0,PMO - US,"Cipla, Goa, India",Tenofovir Disoproxil Fumarate,6.86,12/14/10,SCMS-93590,FPQ-6708,11/26/10,ARV,161-ZA-T30,30-May-11,Ocean,Adult,30,0.23,CIPLA LIMITED,DDP,10156
86022,DN-3431,Generic,CÃte dIvoire,10-Dec-13,08-Jan-14,10mg/ml,Oral suspension,Yes,4747.87,From RDC,"Nevirapine 10mg/ml, oral suspension w/syringe, Bottle, 240 ml",4.82,2000,3900.0,PMO - US,"Aurobindo Unit III, India",Nevirapine,1.95,N/A - From RDC,SO-45600,FPQ-12144,4/22/13,ARV,104-CI-T30,03-Dec-13,Truck,Pediatric,240,0.01,SCMS from RDC,N/A - From RDC,736
33168,ASN-19502,Generic,Tanzania,18-Jun-13,18-Jun-13,300/100mg,Tablet,Yes,4142.07,Direct Drop,"Atazanavir/Ritonavir 300/100mg, tablets, 30 Tabs",133.01,4779,107527.5,PMO - US,Mylan (formerly Matrix) Nashik,Atazanavir/Ritonavir,22.5,2/15/13,SCMS-175480,FPQ-11427,1/15/13,ARV,109-TZ-T30,18-Jun-13,Air,Adult,30,0.75,MYLAN LABORATORIES LTD (FORMERLY MATRIX LABORATORIES),EXW,643
43929,ASN-13223,Invirase,Uganda,14-Jan-12,14-Jan-12,500mg,Tablet,Yes,586.16,Direct Drop,"Saquinavir 500mg [Invirase], tablets, 120 Tabs",20.4,98,12362.16,PMO - US,Roche Basel,Saquinavir,126.14,10/21/11,SCMS-124980,FPQ-8497,10-03-11,ARV,114-UG-T30,14-Jan-12,Air,Adult,120,1.05,Hoffmann-La Roche ltd Basel,FCA,18
85562,DN-4134,Generic,Nigeria,05-Feb-15,10-Feb-15,300mg,Tablet,Yes,2244.2,From RDC,"Zidovudine 300mg, tablets, 60 Tabs",82.82,14648,80564.0,PMO - US,"Cipla, Goa, India",Zidovudine,5.5,N/A - From RDC,SO-50881,FPQ-14156,4/25/14,ARV,151-NG-T30,02-Mar-15,Air Charter,Adult,60,0.09,SCMS from RDC,N/A - From RDC,1023
835,ASN-3553,Viread,South Africa,09-Oct-08,09-Oct-08,300mg,Tablet,Yes,Freight Included in Commodity Cost,Direct Drop,"Tenofovir Disoproxil Fumarate 300mg [Viread], tablets, 30 Tabs",3.59,80,1830.4,PMO - US,"Aspen-OSD, Port Elizabeth, SA",Tenofovir Disoproxil Fumarate,22.88,Date Not Captured,SCMS-33320,Pre-PQ Process,Pre-PQ Process,ARV,116-ZA-T01,17-May-09,Truck,Adult,30,0.76,S. BUYS WHOLESALER,DDP,Weight Captured Separately
86017,DN-3413,Generic,Zimbabwe,25-Nov-13,09-Dec-13,300/300mg,Tablet - FDC,No,See DN-3413 (ID#:83181),From RDC,"Lamivudine/Tenofovir Disoproxil Fumarate 300/300mg, tablets, 30 Tabs",497.13,83551,401880.31,PMO - US,Hetero Unit III Hyderabad IN,Lamivudine/Tenofovir Disoproxil Fumarate,4.81,N/A - From RDC,SO-44360,FPQ-11545,1/24/13,ARV,113-ZW-T30,30-Nov-13,Truck,Adult,30,0.16,SCMS from RDC,N/A - From RDC,See DN-3413 (ID#:83181)
86729,DN-3939,Generic,Mozambique,30-Oct-14,13-Nov-14,150/300/200mg,Tablet - FDC,No,See DN-3939 (ID#:82732),From RDC,"Lamivudine/Nevirapine/Zidovudine 150/200/300mg, tablets, 60 Tabs",934.04,110000,908600.0,PMO - US,"Aurobindo Unit III, India",Lamivudine/Nevirapine/Zidovudine,8.26,N/A - From RDC,SO-47700,FPQ-13575,1/17/14,ARV,111-MZ-T30,31-Oct-14,Truck,Adult,60,0.14,SCMS from RDC,N/A - From RDC,See DN-3939 (ID#:82732)
49406,ASN-28430,Determine,Tanzania,10-Dec-14,10-Dec-14,MIssing,Test kit,Yes,2788.07,Direct Drop,"HIV 1/2, Determine Complete HIV Kit, 100 Tests",41.45,504,40320.0,PMO - US,"Alere Medical Co., Ltd.","HIV 1/2, Determine Complete HIV Kit",80.0,4/29/14,SCMS-235430,FPQ-13945,3/27/14,HRDT,109-TZ-T30,10-Dec-14,Air,HIV test,100,0.8,"Orgenics, Ltd",EXW,204
11541,DN-480,Generic,Uganda,19-Mar-08,19-Mar-08,150/30mg,Tablet - FDC,No,See DN-480 (ID#:10693),From RDC,"Lamivudine/Stavudine 150/30mg, tablets, 30 Tabs",0.96,300,600.0,PMO - US,"Cipla, Goa, India",Lamivudine/Stavudine,2.0,N/A - From RDC,SO-1301,Pre-PQ Process,Pre-PQ Process,ARV,114-UG-T01,19-Mar-08,Air,Adult,30,0.07,SCMS from RDC,N/A - From RDC,See DN-480 (ID#:10693)
84245,DN-3109,Generic,Mozambique,04-Jul-13,04-Jul-13,300mg,Tablet,Yes,832.5,From RDC,"Tenofovir Disoproxil Fumarate 300mg, tablets, 30 Tabs",9,1800,7272.0,PMO - US,Mylan (formerly Matrix) Nashik,Tenofovir Disoproxil Fumarate,4.04,N/A - From RDC,SO-44820,FPQ-11882,3/19/13,ARV,111-MZ-T30,04-Jul-13,Air,Adult,30,0.13,SCMS from RDC,N/A - From RDC,108
11037,DN-1189,Determine,Kenya,27-Apr-09,27-Apr-09,MIssing,Test kit,No,See DN-1189 (ID#:10759),From RDC,"HIV 1/2, Determine Complete HIV Kit, 100 Tests",2352,15000,1200000.0,PMO - US,Inverness Japan,"HIV 1/2, Determine Complete HIV Kit",80.0,N/A - From RDC,SO-18001,Pre-PQ Process,Pre-PQ Process,HRDT,102-KE-T01,27-Apr-09,Truck,HIV test,100,0.8,SCMS from RDC,N/A - From RDC,See DN-1189 (ID#:10759)
52367,ASN-28061,Generic,Ghana,10-Nov-14,12-Nov-14,600mg,Tablet,Yes,24636.23,Direct Drop,"Efavirenz 600mg, tablets, 30 Tabs",549.99,167716,535014.04,PMO - US,"Strides, Bangalore, India.",Efavirenz,3.19,07-08-14,SCMS-245410,FPQ-14101,4/30/14,ARV,901-GH-T30,10-Nov-14,Ocean,Adult,30,0.11,STRIDES ARCOLAB LIMITED,EXW,10803
74732,ASN-12832,Determine,Sudan,06-Jan-12,06-Jan-12,MIssing,Test kit,Yes,1614.83,Direct Drop,"HIV 1/2, Determine Complete HIV Kit, 100 Tests",16.89,115,10235.0,PMO - US,"Alere Medical Co., Ltd.","HIV 1/2, Determine Complete HIV Kit",89.0,9/14/11,SCMS-120440,FPQ-8261,8/29/11,HRDT,102-SD-T30,06-Jan-12,Air,HIV test,100,0.89,"Orgenics, Ltd",EXW,53
56106,ASN-14646,Determine,Tanzania,25-May-12,25-May-12,MIssing,Test kit,Yes,23269.06,Direct Drop,"HIV 1/2, Determine Complete HIV Kit, 100 Tests",306.98,2737,218960.0,PMO - US,"Alere Medical Co., Ltd.","HIV 1/2, Determine Complete HIV Kit",80.0,2/17/12,SCMS-136930,FPQ-9211,1/25/12,HRDT,109-TZ-T30,25-May-12,Air,HIV test,100,0.8,"Orgenics, Ltd",EXW,1300
10865,DN-320,Stocrin/Sustiva,CÃte dIvoire,30-Aug-07,30-Aug-07,30mg/ml,Oral solution,No,See DN-320 (ID#:10593),From RDC,"Efavirenz 30mg/ml [Stocrin/Sustiva], oral solution, Bottle, 180 ml",13.79,508,8620.76,PMO - US,"MSD Patheon, Canada",Efavirenz,16.97,N/A - From RDC,SO-959,Pre-PQ Process,Pre-PQ Process,ARV,104-CI-T01,30-Aug-07,MIssing,Pediatric,180,0.09,SCMS from RDC,N/A - From RDC,See DN-320 (ID#:10593)
82731,DN-3929,Generic,Tanzania,17-Oct-14,07-Nov-14,30/60mg,Chewable/dispersible tablet - FDC,Yes,837.59,From RDC,"Lamivudine/Zidovudine 30/60mg, dispersible tablets, 60 Tabs",47.82,17980,38657.0,PMO - US,"Cipla, Goa, India",Lamivudine/Zidovudine,2.15,N/A - From RDC,SO-46690,FPQ-13042,10-01-13,ARV,109-TZ-T30,30-Oct-14,Truck,Pediatric,60,0.04,SCMS from RDC,N/A - From RDC,2152
46409,ASN-32231,Determine,"Congo, DRC",23-Jul-15,29-Jul-15,MIssing,Test kit,No,See ASN-32231 (ID#:13648),Direct Drop,"HIV 1/2, Determine Complete HIV Kit, 100 Tests",51.98,552,44160.0,PMO - US,"Alere Medical Co., Ltd.","HIV 1/2, Determine Complete HIV Kit",80.0,3/17/15,SCMS-280220,FPQ-16001,03-10-15,HRDT,101-CD-T30,23-Jul-15,Air,HIV test,100,0.8,"Orgenics, Ltd",EXW,See ASN-32231 (ID#:13648)
74753,ASN-27211,Reyataz,South Africa,11-Jul-14,11-Jul-14,150mg,Capsule,Yes,Freight Included in Commodity Cost,Direct Drop,"Atazanavir 150mg [Reyataz], capsules, 60 Caps",0.06,2,51.37,PMO - US,"BMS Evansville, US",Atazanavir,25.68,07-11-14,SCMS-199315,FPQ-12523,07-12-13,ARV,116-ZA-T30,11-Jul-14,Truck,Pediatric,60,0.43,S. BUYS WHOLESALER,DDP,Weight Captured Separately
21045,ASN-24718,Colloidal Gold,Rwanda,27-Mar-14,27-Mar-14,MIssing,Test kit,Yes,26266.34,Direct Drop,"HIV 1/2, SKB Colloidal Gold, Diagnostic Kit, Antibody, 50 Tests",90.56,2988,73206.0,PMO - US,"KHB Test Kit Facility, Shanghai China","HIV 1/2, Colloidal Gold, Diagnostic Kit, Antibody",24.5,08-12-13,SCMS-198222,FPQ-12518,6/21/13,HRDT,107-RW-T30,27-Mar-14,Air,HIV test,1,24.5,"SHANGHAI KEHUA BIOENGINEERING CO.,LTD.  (KHB)",EXW,1992
86481,DN-2689,Generic,CÃte dIvoire,15-Jun-12,15-Jun-12,150/300/200mg,Tablet - FDC,Yes,23994.1,From RDC,"Lamivudine/Nevirapine/Zidovudine 150/200/300mg, tablets, 60 Tabs",1442.66,100000,1029000.0,PMO - US,Mylan (formerly Matrix) Nashik,Lamivudine/Nevirapine/Zidovudine,10.29,N/A - From RDC,SO-41170,FPQ-8787,11-11-11,ARV,104-CI-T30,21-Jun-12,Air,Adult,60,0.17,SCMS from RDC,N/A - From RDC,13055
21942,ASN-32138,Generic,South Africa,12-May-15,12-May-15,200mg,Tablet,No,Freight Included in Commodity Cost,Direct Drop,"Nevirapine 200mg, tablets, 60 Tabs",0.04,3,38.47,PMO - US,"Aurobindo Unit III, India",Nevirapine,12.82,05-11-15,SCMS-259075,FPQ-14942,09-11-14,ARV,116-ZA-T30,12-May-15,Truck,Adult,60,0.21,PHARMACY DIRECT,DDP,Weight Captured Separately
83040,DN-2678,Generic,"Congo, DRC",03-Sep-12,03-Sep-12,150/300/200mg,Tablet - FDC,Yes,2371.06,From RDC,"Lamivudine/Nevirapine/Zidovudine 150/200/300mg, tablets, 60 Tabs",28.85,2000,20580.0,PMO - US,Mylan (formerly Matrix) Nashik,Lamivudine/Nevirapine/Zidovudine,10.29,N/A - From RDC,SO-41860,FPQ-9640,04-02-12,ARV,102-CD-T30,03-Sep-12,Air,Adult,60,0.17,SCMS from RDC,N/A - From RDC,274
67501,ASN-11156,Generic,Ethiopia,28-Jun-11,28-Jun-11,200/50mg,Tablet,Yes,16359.2,Direct Drop,"Lopinavir/Ritonavir 200/50mg, tablets, 120 Tabs",803.77,14498,487132.8,PMO - US,"Aurobindo Unit III, India",Lopinavir/Ritonavir,33.6,2/15/11,SCMS-98701,FPQ-7065,1/26/11,ARV,117-ET-T30,28-Jun-11,Air,Adult,120,0.28,Aurobindo Pharma Limited,EXW,3685
67022,ASN-6355,Generic,Vietnam,29-Mar-10,29-Mar-10,300mg,Tablet,No,See ASN-6355 (ID#:16828),Direct Drop,"Zidovudine 300mg, tablets, 60 Tabs",5.43,336,2520.0,PMO - US,Mylan (formerly Matrix) Nashik,Zidovudine,7.5,01-12-10,SCMS-62460,FPQ-4720,01-04-09,ARV,108-VN-T30,29-Mar-10,Air,Adult,60,0.12,MYLAN LABORATORIES LTD (FORMERLY MATRIX LABORATORIES),EXW,See ASN-6355 (ID#:16828)
86616,DN-3375,Generic,Mozambique,28-Nov-13,12-Dec-13,600/300/300mg,Tablet - FDC,Yes,5846.08,From RDC,"Efavirenz/Lamivudine/Tenofovir Disoproxil Fumarate 600/300/300mg, tablets, 30 Tabs",1548.94,112303,1252178.45,PMO - US,Hetero Unit III Hyderabad IN,Efavirenz/Lamivudine/Tenofovir Disoproxil Fumarate,11.15,N/A - From RDC,SO-46770,FPQ-11884,3/19/13,ARV,111-MZ-T30,29-Nov-13,Truck,Adult,30,0.37,SCMS from RDC,N/A - From RDC,15105
11803,DN-402,Viread,CÃte dIvoire,14-Dec-07,14-Dec-07,300mg,Tablet,Yes,2056.98,From RDC,"Tenofovir Disoproxil Fumarate 300mg [Viread], tablets, 30 Tabs",81.3,2989,50813.0,PMO - US,Gilead(Nycomed) Oranienburg DE,Tenofovir Disoproxil Fumarate,17.0,N/A - From RDC,SO-1146,Pre-PQ Process,Pre-PQ Process,ARV,104-CI-T01,14-Dec-07,Air,Adult,30,0.57,SCMS from RDC,N/A - From RDC,186
7675,ASN-3632,Determine,CÃte dIvoire,24-Mar-09,24-Mar-09,MIssing,Test kit,Yes,8603.58,Direct Drop,"HIV 1/2, Determine HIV Kit, without Lancets, 100 Tests",274.4,2000,140000.0,PMO - US,Inverness Japan,"HIV 1/2, Determine HIV Kit, without Lancets",70.0,2/24/09,SCMS-39420,Pre-PQ Process,Pre-PQ Process,HRDT,104-CI-T01,24-Mar-09,Air,HIV test,100,0.7,"Orgenics, Ltd",EXW,453
56016,ASN-31321,Determine,South Sudan,03-Jun-15,05-Jun-15,MIssing,Test kit - Ancillary,No,See ASN-31321 (ID#:30363),Direct Drop,"Capillary Tubes, for Determine, EDTA, 50uL,100 Pcs",0.42,45,360.0,PMO - US,"Alere Medical Co., Ltd.","HIV, Capillary Tubes, for Determine, EDTA, 50uL,100 Pcs",8.0,2/20/15,SCMS-272160,FPQ-15569,12/29/14,HRDT,105-SS-T30,03-Jun-15,Air,HIV test - Ancillary,100,0.08,"Orgenics, Ltd",EXW,See ASN-31321 (ID#:30363)
19996,ASN-4512,Generic,Namibia,05-Aug-09,05-Aug-09,30/50/6mg,Chewable/dispersible tablet - FDC,Yes,571.53,Direct Drop,"Lamivudine/Nevirapine/Stavudine 30/50/6mg, dispersible tablets, 60 Tabs",3.24,688,1651.2,PMO - US,"Cipla, Goa, India",Lamivudine/Nevirapine/Stavudine,2.4,6/15/09,SCMS-47550,FPQ-3814,5/29/09,ARV,119-NA-T30,05-Aug-09,Air,Pediatric,60,0.04,CIPLA LIMITED,EXW,53
33450,ASN-13966,Determine,Zimbabwe,20-Mar-12,20-Mar-12,MIssing,Test kit,Yes,18612.64,Direct Drop,"HIV 1/2, Determine Complete HIV Kit, 100 Tests",259.64,1967,157360.0,PMO - US,Inverness Japan,"HIV 1/2, Determine Complete HIV Kit",80.0,05-05-11,SCMS-108020,FPQ-7521,04-07-11,HRDT,113-ZW-T30,20-Mar-12,Air,HIV test,100,0.8,"Orgenics, Ltd",EXW,1004
8738,ASN-3210,Clearview,Namibia,23-Jan-09,23-Jan-09,MIssing,Test kit,Yes,1153.43,Direct Drop,"HIV 1/2, Clearview Complete Kit, 25 Tests",2.94,20,1500.0,PMO - US,Inverness USA,"HIV 1/2, Clearview Complete Kit",75.0,10/14/08,SCMS-31800,Pre-PQ Process,Pre-PQ Process,HRDT,119-NA-T01,23-Jan-09,Air,HIV test,25,3.0,"Orgenics, Ltd",EXW,9
5595,ASN-1412,Generic,Benin,10-Mar-08,10-Mar-08,MIssing,Test kit - Ancillary,Yes,Invoiced Separately,Direct Drop,"HIV, Lancet, Safety, for HIV Test kits, 100 Pcs",0.02,1436,14.36,PMO - US,Inverness Japan,"HIV, Lancet, Safety, for HIV Test kits, 100 Pcs",0.01,02-06-08,SCMS-17280,Pre-PQ Process,Pre-PQ Process,HRDT,128-BJ-T01,10-Mar-08,Air,HIV test - Ancillary,100,0.0,"Orgenics, Ltd",EXW,Weight Captured Separately
67562,ASN-16036,Generic,Tanzania,27-Sep-12,27-Sep-12,150/300mg,Tablet - FDC,Yes,13180.76,Direct Drop,"Lamivudine/Zidovudine 150/300mg, tablets, 60 Tabs",376.8,37589,268761.35,PMO - US,"Aurobindo Unit III, India",Lamivudine/Zidovudine,7.15,08-09-12,SCMS-156520,FPQ-10394,7/26/12,ARV,109-TZ-T30,27-Sep-12,Air,Adult,60,0.12,Aurobindo Pharma Limited,EXW,3267
86423,DN-2435,Generic,Uganda,01-Dec-11,01-Dec-11,150/300/200mg,Tablet - FDC,No,See DN-2435 (ID#:84121),From RDC,"Lamivudine/Nevirapine/Zidovudine 150/200/300mg, tablets, 60 Tabs",635.25,35000,385000.0,PMO - US,Mylan (formerly Matrix) Nashik,Lamivudine/Nevirapine/Zidovudine,11.0,N/A - From RDC,SO-40911,FPQ-8520,10-05-11,ARV,114-UG-T30,09-Jan-12,Truck,Adult,60,0.18,SCMS from RDC,N/A - From RDC,See DN-2435 (ID#:84121)
86245,DN-1551,Generic,Uganda,25-Nov-09,25-Nov-09,300/300mg,Tablet - FDC,Yes,2196.29,From RDC,"Lamivudine/Tenofovir Disoproxil Fumarate 300/300mg, tablets, 30 Tabs",42.14,2150,21500.0,PMO - US,Mylan (formerly Matrix) Nashik,Lamivudine/Tenofovir Disoproxil Fumarate,10.0,N/A - From RDC,SO-34300,FPQ-4454,9/25/09,ARV,114-UG-T30,17-Jan-10,Air,Adult,30,0.33,SCMS from RDC,N/A - From RDC,179
86386,DN-2226,Generic,Zambia,13-Jun-11,13-Jun-11,10mg/ml,Oral suspension,Yes,9499.46,From RDC,"Nevirapine 10mg/ml, oral suspension, Bottle, 240 ml",29.7,10000,18000.0,PMO - US,"Aurobindo Unit III, India",Nevirapine,1.8,N/A - From RDC,SO-39020,FPQ-7232,03-01-11,ARV,110-ZM-T30,11-May-11,Air,Pediatric,240,0.01,SCMS from RDC,N/A - From RDC,3637
11407,DN-244,Aluvia,CÃte dIvoire,20-Jul-07,20-Jul-07,200/50mg,Tablet,Yes,1603,From RDC,"Lopinavir/Ritonavir 200/50mg [Aluvia], tablets, 120 Tabs",72.99,1110,45621.0,PMO - US,ABBVIE Ludwigshafen Germany,Lopinavir/Ritonavir,41.1,N/A - From RDC,SO-652,Pre-PQ Process,Pre-PQ Process,ARV,104-CI-T01,20-Jul-07,MIssing,Adult,120,0.34,SCMS from RDC,N/A - From RDC,222
55087,ASN-31768,Stat-Pak,Nigeria,30-Apr-15,05-May-15,MIssing,Test kit,Yes,Invoiced Separately,Direct Drop,"HIV 1/2, Stat-Pak HIV, Kit, 20 Tests",61.02,1620,51840.0,PMO - US,Chembio Diagnostics Sys. Inc.,"HIV 1/2, Stat-Pak HIV, Kit",32.0,1/26/15,SCMS-270760,FPQ-15504,12-08-14,HRDT,133-NG-T30,30-Apr-15,Air,HIV test,20,1.6,"CHEMBIO DIAGNOSTIC SYSTEMS, INC.",EXW,Weight Captured Separately
86596,DN-3283,Generic,Burundi,21-May-13,18-Nov-14,200mg,Tablet,Yes,Invoiced Separately,From RDC,"Nevirapine 200mg, tablets, 60 Tabs",0.18,63,142.38,PMO - US,Hetero Unit III Hyderabad IN,Nevirapine,2.26,N/A - From RDC,SO-46021,FPQ-12602,07-09-13,ARV,102-BI-T30,13-Oct-13,Air,Adult,60,0.04,SCMS from RDC,N/A - From RDC,Weight Captured Separately
19282,ASN-5006,Viread,South Africa,03-Sep-09,03-Sep-09,300mg,Tablet,Yes,Freight Included in Commodity Cost,Direct Drop,"Tenofovir Disoproxil Fumarate 300mg [Viread], tablets, 30 Tabs",41.93,800,21392.98,PMO - US,"Aspen-OSD, Port Elizabeth, SA",Tenofovir Disoproxil Fumarate,26.74,08-03-09,SCMS-50950,FPQ-3560,05-07-09,ARV,116-ZA-T30,03-Sep-09,Truck,Adult,30,0.89,S. BUYS WHOLESALER,DDP,Weight Captured Separately
41784,ASN-19166,Combivir,South Africa,16-Apr-13,16-Apr-13,150/300mg,Tablet - FDC,No,Freight Included in Commodity Cost,Direct Drop,"Lamivudine/Zidovudine 150/300mg [Combivir], tablets, 60 Tabs",0.15,7,117.6,South Africa Field Office,"GSK, U1, Poznan, Poland",Lamivudine/Zidovudine,16.8,Date Not Captured,SCMS-183950,FPQ-11828,3/18/13,ARV,116-ZA-T30,16-Apr-13,Truck,Adult,60,0.28,S. BUYS WHOLESALER,DDP,Weight Captured Separately
57886,ASN-24433,Generic,South Africa,07-Feb-14,07-Feb-14,300mg,Tablet,No,Freight Included in Commodity Cost,Direct Drop,"Abacavir 300mg, tablets, 60 Tabs",6.78,72,5479.8,PMO - US,"Aurobindo Unit III, India",Abacavir,76.11,8/13/13,SCMS-199280,FPQ-12522,07-11-13,ARV,116-ZA-T30,07-Feb-14,Truck,Adult,60,1.27,S. BUYS WHOLESALER,DDP,Weight Captured Separately
77103,ASN-11047,Generic,South Africa,02-Sep-11,02-Sep-11,300mg,Tablet,Yes,3787.71,Direct Drop,"Zidovudine 300mg, tablets, 60 Tabs",399.98,33207,242411.1,PMO - US,"Aurobindo Unit III, India",Zidovudine,7.3,3/24/11,SCMS-103460,FPQ-7175,03-10-11,ARV,161-ZA-T30,02-Sep-11,Ocean,Adult,60,0.12,Aurobindo Pharma Limited,DDP,1720
86045,DN-3545,Generic,CÃte dIvoire,18-Feb-14,04-Mar-14,300/300mg,Tablet - FDC,Yes,4063.81,From RDC,"Lamivudine/Tenofovir Disoproxil Fumarate 300/300mg, tablets, 30 Tabs",43.17,7426,34902.2,PMO - US,"Cipla, Kurkumbh, India",Lamivudine/Tenofovir Disoproxil Fumarate,4.7,N/A - From RDC,SO-46341,FPQ-12800,08-09-13,ARV,104-CI-T30,28-Feb-14,Air,Adult,30,0.16,SCMS from RDC,N/A - From RDC,753
86351,DN-2053,Generic,Zambia,03-Dec-10,03-Dec-10,600mg,Tablet,No,See DN-2053 (ID#:85164),From RDC,"Efavirenz 600mg, tablets, 30 Tabs",1656.67,170000,768400.0,PMO - US,Mylan (formerly Matrix) Nashik,Efavirenz,4.52,N/A - From RDC,SO-36851,FPQ-5702,5/20/10,ARV,110-ZM-T30,26-Nov-10,Truck,Adult,30,0.15,SCMS from RDC,N/A - From RDC,See DN-2053 (ID#:85164)
46844,ASN-6084,Stat-Pak,CÃte dIvoire,02-Mar-10,02-Mar-10,MIssing,Test kit,Yes,7208,Direct Drop,"HIV 1/2, Stat-Pak HIV, Kit, 20 Tests",177.49,3049,82323.0,PMO - US,Chembio Diagnostics Sys. Inc.,"HIV 1/2, Stat-Pak HIV, Kit",27.0,11-06-09,SCMS-57040,FPQ-4486,11-05-09,HRDT,104-CI-T30,02-Mar-10,Air,HIV test,20,1.35,"CHEMBIO DIAGNOSTIC SYSTEMS, INC.",EXW,904
84170,DN-2659,Generic,Zambia,28-May-12,28-May-12,200mg,Tablet,Yes,6079.27,From RDC,"Nevirapine 200mg, tablets, 60 Tabs",46.19,13127,32948.77,PMO - US,"Aurobindo Unit III, India",Nevirapine,2.51,N/A - From RDC,SO-41280,FPQ-9081,12/22/11,ARV,110-ZM-T30,01-Jun-12,Truck,Adult,60,0.04,SCMS from RDC,N/A - From RDC,1252
85901,DN-2868,Generic,CÃte dIvoire,05-Oct-12,05-Oct-12,300mg,Tablet,Yes,1113,From RDC,"Tenofovir Disoproxil Fumarate 300mg, tablets, 30 Tabs",12.04,1781,8584.42,PMO - US,Mylan (formerly Matrix) Nashik,Tenofovir Disoproxil Fumarate,4.82,N/A - From RDC,SO-41204,FPQ-8790,11-11-11,ARV,104-CI-T30,31-Oct-12,Air,Adult,30,0.16,SCMS from RDC,N/A - From RDC,99
84931,DN-3720,Generic,Nigeria,09-May-14,23-May-14,200mg,Tablet,Yes,45180.62,From RDC,"Efavirenz 200mg, scored tablets, 90 Tabs",100.71,10534,97966.2,PMO - US,"Strides, Bangalore, India.",Efavirenz,9.3,N/A - From RDC,SO-47300,FPQ-13293,11/19/13,ARV,151-NG-T30,30-Jun-14,Air Charter,Pediatric,90,0.1,SCMS from RDC,N/A - From RDC,2
85670,DN-1778,Generic,Nigeria,18-May-10,18-May-10,600mg,Tablet,Yes,9736.1,From RDC,"Efavirenz 600mg, tablets, 30 Tabs",76.81,7500,35625.0,PMO - US,"Aurobindo Unit III, India",Efavirenz,4.75,N/A - From RDC,SO-34914,FPQ-4537,11-06-09,ARV,151-NG-T30,31-May-10,Air Charter,Adult,30,0.16,SCMS from RDC,N/A - From RDC,662
4258,ASN-1520,Retrovir,South Africa,04-Jan-08,04-Jan-08,300mg,Tablet,No,Freight Included in Commodity Cost,Direct Drop,"Zidovudine 300mg [Retrovir], tablets, 60 Tabs",22.34,800,13960.0,PMO - US,GSK Aranda,Zidovudine,17.45,01-04-08,SCMS-16600,Pre-PQ Process,Pre-PQ Process,ARV,116-ZA-T01,21-Jan-08,MIssing,Adult,60,0.29,"JSI R&T INSTITUTE, INC.",DDP,Weight Captured Separately
10821,DN-44,Viread,Mozambique,17-Apr-07,17-Apr-07,300mg,Tablet,No,See DN-44 (ID#:10549),From RDC,"Tenofovir Disoproxil Fumarate 300mg [Viread], tablets, 30 Tabs",MIssing,2997,50949.0,PMO - US,Gilead(Nycomed) Oranienburg DE,Tenofovir Disoproxil Fumarate,17.0,N/A - From RDC,SO-293,Pre-PQ Process,Pre-PQ Process,ARV,111-MZ-T01,17-Apr-07,Air,Adult,30,0.57,SCMS from RDC,N/A - From RDC,See DN-44 (ID#:10549)
11755,DN-304,Generic,Mozambique,21-Sep-07,21-Sep-07,150/300/200mg,Tablet - FDC,No,See DN-304 (ID#:10589),From RDC,"Lamivudine/Nevirapine/Zidovudine 150/200/300mg, tablets, 60 Tabs",275.46,9838,172165.0,PMO - US,"Aurobindo Unit III, India",Lamivudine/Nevirapine/Zidovudine,17.5,N/A - From RDC,SO-298,Pre-PQ Process,Pre-PQ Process,ARV,111-MZ-T01,21-Sep-07,Air,Adult,60,0.29,SCMS from RDC,N/A - From RDC,See DN-304 (ID#:10589)
34119,ASN-33479,Intelence,South Africa,24-Jul-15,24-Jul-15,100mg,Tablet,Yes,Freight Included in Commodity Cost,Direct Drop,"Etravirine 100mg [Intelence], tablets, 120 Tabs",0.03,1,27.51,PMO - US,"Janssen-Cilag, Latina, IT",Etravirine,27.51,10-09-14,SCMS-259077,FPQ-14942,09-11-14,ARV,116-ZA-T30,24-Jul-15,Truck,Adult,120,0.23,PHARMACY DIRECT,DDP,Weight Captured Separately
84737,DN-2752,Generic,CÃte dIvoire,31-Jul-12,31-Jul-12,150/300mg,Tablet - FDC,Yes,1845.31,From RDC,"Lamivudine/Zidovudine 150/300mg, tablets, 60 Tabs",3.66,336,2614.08,PMO - US,Mylan (formerly Matrix) Nashik,Lamivudine/Zidovudine,7.78,N/A - From RDC,SO-41202,FPQ-8790,11-11-11,ARV,104-CI-T30,31-Jul-12,Air,Adult,60,0.13,SCMS from RDC,N/A - From RDC,27
11462,DN-373,Generic,Nigeria,20-Sep-07,20-Sep-07,150/300mg,Tablet - FDC,No,See DN-373 (ID#:10623),From RDC,"Lamivudine/Zidovudine 150/300mg, tablets, 60 Tabs",3.91,229,2445.72,PMO - US,"Aurobindo Unit III, India",Lamivudine/Zidovudine,10.68,N/A - From RDC,SO-565,Pre-PQ Process,Pre-PQ Process,ARV,112-NG-T01,20-Sep-07,Air,Adult,60,0.18,SCMS from RDC,N/A - From RDC,See DN-373 (ID#:10623)
38294,ASN-23855,Generic,Haiti,09-May-14,12-May-14,300/300mg,Tablet - FDC,Yes,2251.94,Direct Drop,"Lamivudine/Tenofovir Disoproxil Fumarate 300/300mg, tablets, 30 Tabs",23.76,4176,19209.6,PMO - US,"Cipla, Kurkumbh, India",Lamivudine/Tenofovir Disoproxil Fumarate,4.6,10/24/13,SCMS-210480,FPQ-12590,8/21/13,ARV,106-HT-T30,09-May-14,Ocean,Adult,30,0.15,CIPLA LIMITED,EXW,426
67666,ASN-32122,Generic,South Africa,12-May-15,12-May-15,200mg,Capsule,No,Freight Included in Commodity Cost,Direct Drop,"Efavirenz 200mg, capsule, 90 Caps",0.21,12,204.53,PMO - US,"Aurobindo Unit III, India",Efavirenz,17.04,05-11-15,SCMS-259075,FPQ-14942,09-11-14,ARV,116-ZA-T30,12-May-15,Truck,Pediatric,90,0.19,PHARMACY DIRECT,DDP,Weight Captured Separately
66278,ASN-14875,Generic,Vietnam,05-Jun-12,05-Jun-12,50mg,Capsule,No,See ASN-14875 (ID#:35053),Direct Drop,"Efavirenz 50mg, capsule, 30 Caps",6.49,2065,4625.6,PMO - US,"Aurobindo Unit III, India",Efavirenz,2.24,1/18/12,SCMS-131650,FPQ-9001,12/15/11,ARV,108-VN-T30,05-Jun-12,Air,Pediatric,30,0.07,Aurobindo Pharma Limited,EXW,See ASN-14875 (ID#:35053)
64664,ASN-11806,Generic,South Africa,05-Oct-11,05-Oct-11,300mg,Tablet,Yes,160.52,Direct Drop,"Abacavir 300mg, tablets, 60 Tabs",2.96,120,1791.6,PMO - US,"Aurobindo Unit III, India",Abacavir,14.93,04-01-11,SCMS-104400,FPQ-7176,03-10-11,ARV,116-ZA-T30,05-Oct-11,Ocean,Adult,60,0.25,Aurobindo Pharma Limited,DDP,12
86344,DN-2031,Generic,Uganda,26-Oct-10,26-Oct-10,150/30mg,Tablet - FDC,No,See DN-2031 (ID#:83459),From RDC,"Lamivudine/Stavudine 150/30mg, tablets, 60 Tabs",1.44,204,669.12,PMO - US,"Cipla, Goa, India",Lamivudine/Stavudine,3.28,N/A - From RDC,SO-37480,FPQ-6403,9/16/10,ARV,102-UG-T30,20-Oct-10,Air,Adult,60,0.05,SCMS from RDC,N/A - From RDC,See DN-2031 (ID#:83459)
10717,DN-1118,Generic,Rwanda,16-Mar-09,16-Mar-09,200mg,Tablet,Yes,5637.82,From RDC,"Nevirapine 200mg, tablets, 60 Tabs",46.57,7425,23760.0,PMO - US,Hetero Unit III Hyderabad IN,Nevirapine,3.2,N/A - From RDC,SO-24630,Pre-PQ Process,Pre-PQ Process,ARV,107-RW-T01,16-Mar-09,Air,Adult,60,0.05,SCMS from RDC,N/A - From RDC,404
10572,DN-164,Generic,CÃte dIvoire,08-Jun-07,08-Jun-07,300mg,Tablet,Yes,977.55,From RDC,"Zidovudine 300mg, tablets, 60 Tabs",MIssing,1926,16409.52,PMO - US,"Ranbaxy, Paonta Shahib, India",Zidovudine,8.52,N/A - From RDC,SO-618,Pre-PQ Process,Pre-PQ Process,ARV,104-CI-T01,08-Jun-07,MIssing,Adult,60,0.14,SCMS from RDC,N/A - From RDC,105
79871,ASN-17317,Uni-Gold,Nigeria,21-Dec-12,21-Dec-12,MIssing,Test kit,Yes,23396.04,Direct Drop,"HIV 1/2, Uni-Gold HIV Kit, 20 Tests",271.07,6042,193344.0,PMO - US,"Trinity Biotech, Plc","HIV 1/2, Uni-Gold HIV Kit",32.0,08-10-12,SCMS-155301,FPQ-10349,7/17/12,HRDT,133-NG-T30,21-Dec-12,Air,HIV test,20,1.6,"Trinity Biotech, Plc",EXW,1990
83462,DN-2035,Generic,CÃte dIvoire,26-Nov-10,26-Nov-10,600/300mg,Tablet - FDC,No,See DN-2035 (ID#:82356),From RDC,"Abacavir/Lamivudine 600/300mg, scored tablets, 30 Tabs",96.05,1980,44550.0,PMO - US,Mylan (formerly Matrix) Nashik,Abacavir/Lamivudine,22.5,N/A - From RDC,SO-37150,FPQ-5925,6/23/10,ARV,104-CI-T30,30-Nov-10,Truck,Adult,30,0.75,SCMS from RDC,N/A - From RDC,See DN-2035 (ID#:82356)
86524,DN-2888,Generic,Tanzania,06-Nov-12,06-Nov-12,60/100/12mg,Chewable/dispersible tablet - FDC,No,See DN-2888 (ID#:85908),From RDC,"Lamivudine/Nevirapine/Stavudine 60/100/12mg, dispersible tablets, 60 Tabs",89.21,14798,63631.4,PMO - US,"Cipla, Goa, India",Lamivudine/Nevirapine/Stavudine,4.3,N/A - From RDC,SO-41550,FPQ-9303,2/15/12,ARV,109-TZ-T30,30-Nov-12,Truck,Pediatric,60,0.07,SCMS from RDC,N/A - From RDC,See DN-2888 (ID#:85908)
85758,DN-2194,Generic,Zambia,20-May-11,20-May-11,200mg,Tablet,Yes,3402.23,From RDC,"Nevirapine 200mg, tablets, 60 Tabs",0.45,84,210.84,PMO - US,Hetero Unit III Hyderabad IN,Nevirapine,2.51,N/A - From RDC,SO-39130,FPQ-6482,10/15/10,ARV,110-ZM-T30,30-Apr-11,Truck,Adult,60,0.04,SCMS from RDC,N/A - From RDC,6
84849,DN-3319,Generic,Zimbabwe,20-Sep-13,20-Sep-13,20mg/ml,Oral solution,Yes,3100,From RDC,"Abacavir 20mg/ml, oral solution w/syringe, Bottle, 240 ml",6.5,435,5254.8,PMO - US,"Aurobindo Unit III, India",Abacavir,12.08,N/A - From RDC,SO-45131,FPQ-12086,4/19/13,ARV,103-ZW-T30,30-Sep-13,Truck,Pediatric,240,0.05,SCMS from RDC,N/A - From RDC,116
85784,DN-2322,Generic,Zambia,29-Aug-11,29-Aug-11,200mg,Tablet,No,See DN-2322 (ID#:82973),From RDC,"Nevirapine 200mg, tablets, 60 Tabs",86.67,20927,52526.77,PMO - US,"Strides, Bangalore, India.",Nevirapine,2.51,N/A - From RDC,SO-38741,FPQ-7085,02-03-11,ARV,110-ZM-T30,29-Sep-11,Truck,Adult,60,0.04,SCMS from RDC,N/A - From RDC,See DN-2322 (ID#:82973)
85162,DN-2033,Generic,CÃte dIvoire,23-Nov-10,23-Nov-10,150/300mg,Tablet - FDC,No,See DN-2033 (ID#:82922),From RDC,"Lamivudine/Zidovudine 150/300mg, tablets, 60 Tabs",938.8,50928,435434.4,PMO - US,Hetero Unit III Hyderabad IN,Lamivudine/Zidovudine,8.55,N/A - From RDC,SO-37120,FPQ-5925,6/23/10,ARV,104-CI-T30,28-Oct-10,Truck,Adult,60,0.14,SCMS from RDC,N/A - From RDC,See DN-2033 (ID#:82922)
85932,DN-3001,Generic,Uganda,20-Feb-13,20-Feb-13,600mg,Tablet,No,See DN-3001 (ID#:83651),From RDC,"Efavirenz 600mg, tablets, 30 Tabs",41.19,9354,33300.24,PMO - US,"Aurobindo Unit III, India",Efavirenz,3.56,N/A - From RDC,SO-43961,FPQ-11143,12/13/12,ARV,114-UG-T30,22-Feb-13,Air,Adult,30,0.12,SCMS from RDC,N/A - From RDC,See DN-3001 (ID#:83651)
84265,DN-3182,Generic,Mozambique,26-Jul-13,26-Jul-13,300/300mg,Tablet - FDC,No,Freight Included in Commodity Cost,From RDC,"Lamivudine/Tenofovir Disoproxil Fumarate 300/300mg, tablets, 30 Tabs",49.6,8531,40095.7,PMO - US,"Aurobindo Unit VII, IN",Lamivudine/Tenofovir Disoproxil Fumarate,4.7,N/A - From RDC,SO-43770,FPQ-11033,11-12-12,ARV,111-MZ-T30,26-Jul-13,Truck,Adult,30,0.16,SCMS from RDC,N/A - From RDC,Weight Captured Separately
86627,DN-3414,Generic,Uganda,20-Dec-13,08-Jan-14,30/50/60mg,Chewable/dispersible tablet - FDC,Yes,1611.43,From RDC,"Lamivudine/Nevirapine/Zidovudine 30/50/60mg, dispersible tablets, 60 Tabs",9.11,2277,8857.53,PMO - US,Mylan (formerly Matrix) Nashik,Lamivudine/Nevirapine/Zidovudine,3.89,N/A - From RDC,SO-46820,FPQ-13094,10-11-13,ARV,114-UG-T30,16-Dec-13,Air,Pediatric,60,0.06,SCMS from RDC,N/A - From RDC,128
15115,ASN-26738,Uni-Gold,"Congo, DRC",05-Sep-14,16-Sep-14,MIssing,Test kit,Yes,3196.31,Direct Drop,"HIV 1/2, Uni-Gold HIV Kit, 20 Tests",1.12,34,1088.0,PMO - US,"Trinity Biotech, Plc","HIV 1/2, Uni-Gold HIV Kit",32.0,5/20/14,SCMS-239410,FPQ-14100,4/23/14,HRDT,101-CD-T30,05-Sep-14,Air,HIV test,20,1.6,"Trinity Biotech, Plc",EXW,112
84650,DN-2225,Generic,Nigeria,06-Jul-11,06-Jul-11,150/300/200mg,Tablet - FDC,Yes,13398.06,From RDC,"Lamivudine/Nevirapine/Zidovudine 150/200/300mg, tablets, 60 Tabs",983.21,53109,595882.98,PMO - US,"Aurobindo Unit III, India",Lamivudine/Nevirapine/Zidovudine,11.22,N/A - From RDC,SO-39610,FPQ-7217,2/21/11,ARV,151-NG-T30,15-Jun-11,Air Charter,Adult,60,0.19,SCMS from RDC,N/A - From RDC,19464
11540,DN-841,Generic,Guyana,25-Jul-08,25-Jul-08,150mg,Tablet,Yes,5228.67,From RDC,"Lamivudine 150mg, tablets, 60 Tabs",2,431,1249.9,PMO - US,"Aurobindo Unit III, India",Lamivudine,2.9,N/A - From RDC,SO-11630,Pre-PQ Process,Pre-PQ Process,ARV,105-GY-T01,25-Jul-08,Air,Adult,60,0.05,SCMS from RDC,N/A - From RDC,377
86258,DN-1624,Bioline,Sudan,22-Nov-09,22-Nov-09,MIssing,Test kit,No,See DN-1624 (ID#:82856),From RDC,"HIV 1/2, Bioline 3.0 Kit, Lancets, Capillary pipets, Alcohol swabs included, 25 Tests",3.92,100,2000.0,PMO - US,"Standard Diagnostics, Korea","HIV 1/2, Bioline 3.0 Kit, Lancets, Capillary pipets, Alcohol swabs included",20.0,N/A - From RDC,SO-34550,FPQ-3812,06-03-09,HRDT,102-SD-T30,30-Nov-09,Air,HIV test,25,0.8,SCMS from RDC,N/A - From RDC,See DN-1624 (ID#:82856)
82603,DN-3331,Generic,Guyana,04-Oct-13,22-Oct-13,200mg,Tablet,Yes,1303,From RDC,"Efavirenz 200mg, scored tablets, 90 Tabs",0.82,71,660.3,PMO - US,"Strides, Bangalore, India.",Efavirenz,9.3,N/A - From RDC,SO-45050,FPQ-12047,4/15/13,ARV,105-GY-T30,30-Sep-13,Air,Pediatric,90,0.1,SCMS from RDC,N/A - From RDC,395
68050,ASN-19859,Generic,Vietnam,05-Jul-13,05-Jul-13,150/300/200mg,Tablet - FDC,No,See ASN-19859 (ID#:59267),Direct Drop,"Lamivudine/Nevirapine/Zidovudine 150/200/300mg, tablets, 60 Tabs",46.26,4555,37396.55,PMO - US,Hetero Unit III Hyderabad IN,Lamivudine/Nevirapine/Zidovudine,8.21,02-06-13,SCMS-176270,FPQ-11418,1/29/13,ARV,108-VN-T30,05-Jul-13,Air,Adult,60,0.14,HETERO LABS LIMITED,EXW,See ASN-19859 (ID#:59267)
82918,DN-2017,Generic,Guyana,19-Sep-10,19-Sep-10,50mg,Capsule,Yes,3380.86,From RDC,"Efavirenz 50mg, capsule, 30 Caps",1.11,230,515.2,PMO - US,"Aurobindo Unit III, India",Efavirenz,2.24,N/A - From RDC,SO-37400,FPQ-6307,8/30/10,ARV,105-GY-T30,23-Nov-10,Air,Pediatric,30,0.07,SCMS from RDC,N/A - From RDC,411
12078,DN-263,Crixivan,Rwanda,06-Aug-07,06-Aug-07,400mg,Capsule,Yes,1161,From RDC,"Indinavir 400mg [Crixivan], capsules, 180 Caps",8.96,112,5600.0,PMO - US,MSD Elkton USA,Indinavir,50.0,N/A - From RDC,SO-814,Pre-PQ Process,Pre-PQ Process,ARV,107-RW-T01,06-Aug-07,Air,Adult,180,0.28,SCMS from RDC,N/A - From RDC,24
86587,DN-3253,Generic,Nigeria,23-Jul-13,23-Jul-13,30/50/60mg,Chewable/dispersible tablet - FDC,Yes,Freight Included in Commodity Cost,From RDC,"Lamivudine/Nevirapine/Zidovudine 30/50/60mg, dispersible tablets, 60 Tabs",143.89,28029,116320.35,PMO - US,Mylan (formerly Matrix) Nashik,Lamivudine/Nevirapine/Zidovudine,4.15,N/A - From RDC,SO-44924,FPQ-11864,3/14/13,ARV,151-NG-T30,04-Sep-13,Air Charter,Pediatric,60,0.07,SCMS from RDC,N/A - From RDC,1698
41892,ASN-21667,Generic,Vietnam,28-Sep-13,28-Sep-13,300mg,Tablet,Yes,658.27,Direct Drop,"Zidovudine 300mg, tablets, 60 Tabs",3.54,497,2857.75,PMO - US,Hetero Unit III Hyderabad IN,Zidovudine,5.75,5/15/13,SCMS-188710,FPQ-12051,05-03-13,ARV,108-VN-T30,28-Sep-13,Air,Adult,60,0.1,HETERO LABS LIMITED,EXW,117
12259,DN-958,Aluvia,Nigeria,31-Oct-08,31-Oct-08,200/50mg,Tablet,No,See DN-958 (ID#:10750),From RDC,"Lopinavir/Ritonavir 200/50mg [Aluvia], tablets, 120 Tabs",163.85,2034,83597.4,PMO - US,ABBVIE Ludwigshafen Germany,Lopinavir/Ritonavir,41.1,N/A - From RDC,SO-11232,Pre-PQ Process,Pre-PQ Process,ARV,123-NG-T01,31-Oct-08,Air,Adult,120,0.34,SCMS from RDC,N/A - From RDC,See DN-958 (ID#:10750)
10910,DN-504,Generic,CÃte dIvoire,24-Jan-08,24-Jan-08,20mg/ml,Oral solution,Yes,2951.94,From RDC,"Abacavir 20mg/ml, [DON] oral solution, Bottle, 240 ml",0,3119,0.0,PMO - US,"Aurobindo Unit III, India",Abacavir,0.0,N/A - From RDC,SO-1446,Pre-PQ Process,Pre-PQ Process,ARV,104-CI-T01,24-Jan-08,Air,Pediatric,240,0.0,SCMS from RDC,N/A - From RDC,1088
12324,DN-1457,Generic,Mozambique,07-Oct-09,07-Oct-09,150mg,Tablet,No,See DN-1457 (ID#:11687),From RDC,"Lamivudine 150mg, tablets, 60 Tabs",12.4,2592,6324.48,PMO - US,"Aurobindo Unit III, India",Lamivudine,2.44,N/A - From RDC,SO-26424,Pre-PQ Process,Date Not Captured,ARV,111-MZ-T01,07-Oct-09,Truck,Adult,60,0.04,SCMS from RDC,N/A - From RDC,See DN-1457 (ID#:11687)
12617,DN-1465,Generic,Haiti,13-Oct-09,13-Oct-09,600mg,Tablet,Yes,32104.3,From RDC,"Efavirenz 600mg, tablets, 30 Tabs",444.44,36456,226756.32,PMO - US,"Aurobindo Unit III, India",Efavirenz,6.22,N/A - From RDC,SO-32770,Pre-PQ Process,Date Not Captured,ARV,106-HT-T01,13-Oct-09,Air,Adult,30,0.21,SCMS from RDC,N/A - From RDC,3160
55331,ASN-6933,Generic,South Africa,08-Jun-10,08-Jun-10,600mg,Tablet,Yes,6105.79,Direct Drop,"Efavirenz 600mg, tablets, 30 Tabs",542.85,53916,251787.72,PMO - US,"Aurobindo Unit III, India",Efavirenz,4.67,3/19/10,SCMS-68860,FPQ-5303,3/18/10,ARV,161-ZA-T30,01-Jun-10,Air,Adult,30,0.16,Aurobindo Pharma Limited,DDP,4561
84629,DN-2137,Generic,CÃte dIvoire,29-Mar-11,29-Mar-11,150/300/200mg,Tablet - FDC,No,See DN-2137 (ID#:83490),From RDC,"Lamivudine/Nevirapine/Zidovudine 150/200/300mg, tablets, 60 Tabs",2417.99,99957,1121517.54,PMO - US,"Aurobindo Unit III, India",Lamivudine/Nevirapine/Zidovudine,11.22,N/A - From RDC,SO-37700,FPQ-6495,10-04-10,ARV,104-CI-T30,31-Mar-11,Air,Adult,60,0.19,SCMS from RDC,N/A - From RDC,See DN-2137 (ID#:83490)
8922,ASN-4381,Aluvia,Tanzania,11-Aug-09,11-Aug-09,200/50mg,Tablet,No,See ASN-4381 (ID#:4949),Direct Drop,"Lopinavir/Ritonavir 200/50mg [Aluvia], tablets, 120 Tabs",4.83,60,2466.0,PMO - US,ABBVIE Ludwigshafen Germany,Lopinavir/Ritonavir,41.1,02-05-09,SCMS-38410,Pre-PQ Process,Pre-PQ Process,ARV,109-TZ-T01,11-Aug-09,Air,Adult,120,0.34,ABBVIE LOGISTICS (FORMERLY ABBOTT LOGISTICS BV),FCA,See ASN-4381 (ID#:4949)
82469,DN-2644,Generic,Nigeria,30-Apr-12,30-Apr-12,600/200/300mg,Tablet - FDC,Yes,27441.22,From RDC,"Efavirenz/Emtricitabine/Tenofovir Disoproxil Fumarate 600/200/300mg, tablets, 30 Tabs",1140.53,50000,813500.0,PMO - US,Mylan (formerly Matrix) Nashik,Efavirenz/Emtricitabine/Tenofovir Disoproxil Fumarate,16.27,N/A - From RDC,SO-41269,FPQ-8952,12-08-11,ARV,151-NG-T30,20-Jun-12,Air Charter,Adult,30,0.54,SCMS from RDC,N/A - From RDC,6078
72981,ASN-13133,Generic,South Africa,19-Dec-11,19-Dec-11,600mg,Tablet,Yes,9582.55,Direct Drop,"Efavirenz 600mg, tablets, 30 Tabs",340.3,47963,206240.9,PMO - US,"Emcure Plot No.P-2, I.T-B.T. Park, Phase II, MIDC, Hinjwadi, Pune, India",Efavirenz,4.3,3/23/11,SCMS-103680,FPQ-7175,03-10-11,ARV,161-ZA-T30,01-Dec-11,Ocean,Adult,30,0.14,EMCURE PHARMACEUTICALS LTD,DDP,3789
45168,ASN-24415,Generic,South Africa,06-Feb-14,06-Feb-14,150/300mg,Tablet - FDC,No,Freight Included in Commodity Cost,Direct Drop,"Lamivudine/Zidovudine 150/300mg, tablets, 60 Tabs",31.89,920,25777.7,PMO - US,"Cipla, Goa, India",Lamivudine/Zidovudine,28.02,12-02-13,SCMS-215370,FPQ-13035,10-08-13,ARV,116-ZA-T30,06-Feb-14,Truck,Adult,60,0.47,S. BUYS WHOLESALER,DDP,Weight Captured Separately
86723,DN-3915,Generic,Nigeria,03-Sep-14,05-Sep-14,200mg,Tablet,Yes,177,From RDC,"Efavirenz 200mg, scored tablets, 90 Tabs",6.07,635,5905.5,PMO - US,"Strides, Bangalore, India.",Efavirenz,9.3,N/A - From RDC,SO-48321,FPQ-13704,2/13/14,ARV,151-NG-T30,30-Sep-14,Air Charter,Pediatric,90,0.1,SCMS from RDC,N/A - From RDC,65
43383,ASN-6670,Generic,Uganda,28-Apr-10,28-Apr-10,250mg,Delayed-release capsules,Yes,1045.04,Direct Drop,"Didanosine 250mg, delayed-release capsules, 30 Caps",1.68,60,780.0,PMO - US,"Aurobindo Unit III, India",Didanosine,13.0,3/18/10,SCMS-68330,FPQ-5277,03-12-10,ARV,114-UG-T30,28-Apr-10,Air,Adult,30,0.43,Aurobindo Pharma Limited,EXW,4
82394,DN-2300,Generic,Zimbabwe,05-Sep-11,05-Sep-11,300/300mg,Tablet - FDC,Yes,4969.87,From RDC,"Lamivudine/Tenofovir Disoproxil Fumarate 300/300mg, tablets, 30 Tabs",188.18,10114,87283.82,PMO - US,Mylan (formerly Matrix) Nashik,Lamivudine/Tenofovir Disoproxil Fumarate,8.63,N/A - From RDC,SO-37843,FPQ-6470,10/13/10,ARV,113-ZW-T30,06-Sep-11,Truck,Adult,30,0.29,SCMS from RDC,N/A - From RDC,1019
86316,DN-1914,Generic,Nigeria,28-Jun-10,28-Jun-10,300mg,Tablet,Yes,Freight Included in Commodity Cost,From RDC,"Zidovudine 300mg, tablets, 60 Tabs",48.51,3000,22500.0,PMO - US,"Aurobindo Unit III, India",Zidovudine,7.5,N/A - From RDC,SO-36501,FPQ-5023,02-10-10,ARV,151-NG-T30,15-Jul-10,Air,Adult,60,0.12,SCMS from RDC,N/A - From RDC,165
85165,DN-2064,Generic,CÃte dIvoire,09-Dec-10,09-Dec-10,10mg/ml,Oral solution,No,See DN-2064 (ID#:83469),From RDC,"Zidovudine 10mg/ml, oral solution, Bottle, 240 ml",2.4,551,1113.02,PMO - US,"Aurobindo Unit III, India",Zidovudine,2.02,N/A - From RDC,SO-37740,FPQ-5925,6/23/10,ARV,104-CI-T30,30-Nov-10,Air,Pediatric,240,0.01,SCMS from RDC,N/A - From RDC,See DN-2064 (ID#:83469)
84380,DN-3897,Generic,CÃte dIvoire,08-Sep-14,19-Sep-14,30/60mg,Chewable/dispersible tablet - FDC,Yes,270.74,From RDC,"Lamivudine/Zidovudine 30/60mg, dispersible tablets, 60 Tabs",1.43,697,1387.03,PMO - US,"Cipla, Goa, India",Lamivudine/Zidovudine,1.99,N/A - From RDC,SO-47871,FPQ-13628,1/29/14,ARV,104-CI-T30,30-Sep-14,Truck,Pediatric,60,0.03,SCMS from RDC,N/A - From RDC,47
84759,DN-2883,Generic,Tanzania,31-Oct-12,31-Oct-12,300mg,Tablet,No,See DN-2883 (ID#:83630),From RDC,"Abacavir 300mg, tablets, 60 Tabs",250.45,13784,178640.64,PMO - US,Mylan (formerly Matrix) Nashik,Abacavir,12.96,N/A - From RDC,SO-42650,FPQ-9774,05-02-12,ARV,109-TZ-T30,30-Nov-12,Truck,Adult,60,0.22,SCMS from RDC,N/A - From RDC,See DN-2883 (ID#:83630)
12033,DN-121,Generic,Mozambique,18-May-07,18-May-07,300mg,Tablet,No,See DN-121 (ID#:10814),From RDC,"Abacavir 300mg, tablets, 60 Tabs",MIssing,566,20262.8,PMO - US,"Aurobindo Unit III, India",Abacavir,35.8,N/A - From RDC,SO-497,Pre-PQ Process,Pre-PQ Process,ARV,111-MZ-T01,18-May-07,Air,Adult,60,0.6,SCMS from RDC,N/A - From RDC,See DN-121 (ID#:10814)
15012,ASN-11046,Generic,South Africa,15-Aug-11,15-Aug-11,300mg,Tablet,Yes,47101.63,Direct Drop,"Zidovudine 300mg, tablets, 60 Tabs",29.53,2452,17899.6,PMO - US,"Aurobindo Unit III, India",Zidovudine,7.3,04-01-11,SCMS-104370,FPQ-7176,03-10-11,ARV,116-ZA-T30,15-Aug-11,Ocean,Adult,60,0.12,Aurobindo Pharma Limited,DDP,127
11847,DN-550,Truvada,Uganda,11-Mar-08,11-Mar-08,300/200mg,Tablet - FDC,No,See DN-550 (ID#:11846),From RDC,"Emtricitabine/Tenofovir Disoproxil Fumarate 200/300mg [Truvada], tablets, 30 Tabs",27.55,656,17220.0,PMO - US,Gilead(Nycomed) Oranienburg DE,Emtricitabine/Tenofovir Disoproxil Fumarate,26.25,N/A - From RDC,SO-1304,Pre-PQ Process,Pre-PQ Process,ARV,114-UG-T01,11-Mar-08,Air,Adult,30,0.88,SCMS from RDC,N/A - From RDC,See DN-550 (ID#:11846)
17648,ASN-9941,Generic,South Africa,26-Apr-11,26-Apr-11,150mg,Tablet,Yes,11372.23,Direct Drop,"Lamivudine 150mg, tablets, 60 Tabs",779.41,152535,361507.95,PMO - US,"Aurobindo Unit III, India",Lamivudine,2.37,9/24/10,SCMS-83770,FPQ-6262,8/31/10,ARV,161-ZA-T30,26-Apr-11,Ocean,Adult,60,0.04,Aurobindo Pharma Limited,DDP,7698
86653,DN-3539,Generic,Nigeria,10-Feb-14,19-Feb-14,30/50/60mg,Chewable/dispersible tablet - FDC,Yes,30936.1,From RDC,"Lamivudine/Nevirapine/Zidovudine 30/50/60mg, dispersible tablets, 60 Tabs",786.02,169447,635426.25,PMO - US,"Strides, Bangalore, India.",Lamivudine/Nevirapine/Zidovudine,3.75,N/A - From RDC,SO-45670,FPQ-12248,05-06-13,ARV,151-NG-T30,28-Feb-14,Air Charter,Pediatric,60,0.06,SCMS from RDC,N/A - From RDC,8039
21469,ASN-32106,Determine,South Sudan,07-Jul-15,07-Jul-15,MIssing,Test kit - Ancillary,No,See ASN-32106 (ID#:19172),Direct Drop,"Chase Buffer, Determine, 100 Tests, 2.5ml x 1 Vial",0.12,20,100.0,PMO - US,"Alere Medical Co., Ltd.","Chase Buffer, Determine, 100 Tests, 2.5ml x 1 Vial",5.0,2/20/15,SCMS-272170,FPQ-15569,12/29/14,HRDT,105-SS-T30,02-Jul-15,Air,HIV test - Ancillary,1,5.0,"Orgenics, Ltd",EXW,See ASN-32106 (ID#:19172)
1675,ASN-1665,Viread,South Africa,24-Apr-08,24-Apr-08,300mg,Tablet,No,Freight Included in Commodity Cost,Direct Drop,"Tenofovir Disoproxil Fumarate 300mg [Viread], tablets, 30 Tabs",17.48,500,10925.0,PMO - US,"Aspen-OSD, Port Elizabeth, SA",Tenofovir Disoproxil Fumarate,21.85,2/20/08,SCMS-19800,Pre-PQ Process,Pre-PQ Process,ARV,116-ZA-T01,24-Apr-08,Truck,Adult,30,0.73,S. BUYS WHOLESALER,DDP,Weight Captured Separately
86498,DN-2771,Generic,Nigeria,24-Jul-12,24-Jul-12,600/200/300mg,Tablet - FDC,Yes,16532.5,From RDC,"Efavirenz/Emtricitabine/Tenofovir Disoproxil Fumarate 600/200/300mg, tablets, 30 Tabs",1462.45,69356,1043114.24,PMO - US,Mylan (formerly Matrix) Nashik,Efavirenz/Emtricitabine/Tenofovir Disoproxil Fumarate,15.04,N/A - From RDC,SO-42804,FPQ-8952,12-08-11,ARV,151-NG-T30,30-Jul-12,Air Charter,Adult,30,0.5,SCMS from RDC,N/A - From RDC,8038
55083,ASN-29764,Generic,South Africa,10-Dec-14,10-Dec-14,250mg,Delayed-release capsules,No,Freight Included in Commodity Cost,Direct Drop,"Didanosine 250mg, delayed-release capsules, 30 Caps",0.06,4,54.01,PMO - US,"Aurobindo Unit III, India",Didanosine,13.5,12-10-14,SCMS-267020,FPQ-15269,10/29/14,ARV,116-ZA-T30,10-Dec-14,Truck,Adult,30,0.45,S. BUYS WHOLESALER,DDP,Weight Captured Separately
39029,ASN-10574,Generic,South Africa,08-Jun-11,08-Jun-11,600mg,Tablet,Yes,35753.93,Direct Drop,"Efavirenz 600mg, tablets, 30 Tabs",195.92,20060,90871.8,PMO - US,"Aurobindo Unit III, India",Efavirenz,4.53,9/24/10,SCMS-83770,FPQ-6262,8/31/10,ARV,161-ZA-T30,26-Apr-11,Ocean,Adult,30,0.15,Aurobindo Pharma Limited,DDP,1726
11958,DN-1158,Aluvia,CÃte dIvoire,20-Mar-09,20-Mar-09,200/50mg,Tablet,Yes,Invoiced Separately,From RDC,"Lopinavir/Ritonavir 200/50mg [Aluvia], tablets, 120 Tabs",124.38,1544,63458.4,PMO - US,ABBVIE (Abbott) Logis. UK,Lopinavir/Ritonavir,41.1,N/A - From RDC,SO-27011,Pre-PQ Process,Pre-PQ Process,ARV,104-CI-T01,20-Mar-09,Air,Adult,120,0.34,SCMS from RDC,N/A - From RDC,Weight Captured Separately
66352,ASN-31070,Generic,South Africa,09-Mar-15,09-Mar-15,150/300mg,Tablet - FDC,No,Freight Included in Commodity Cost,Direct Drop,"Lamivudine/Zidovudine 150/300mg, tablets, 60 Tabs",0.44,20,428.71,PMO - US,"Aurobindo Unit III, India",Lamivudine/Zidovudine,21.44,03-09-15,SCMS-259074,FPQ-14942,09-11-14,ARV,116-ZA-T30,09-Mar-15,Truck,Adult,60,0.36,PHARMACY DIRECT,DDP,Weight Captured Separately
82864,DN-1674,Generic,Ethiopia,05-Mar-10,05-Mar-10,150/300mg,Tablet - FDC,Yes,6321.99,From RDC,"Lamivudine/Zidovudine 150/300mg, tablets, 60 Tabs",377.73,20000,175200.0,PMO - US,"Aurobindo Unit III, India",Lamivudine/Zidovudine,8.76,N/A - From RDC,SO-35460,FPQ-4828,12/28/09,ARV,117-ET-T30,03-Mar-10,Air,Adult,60,0.15,SCMS from RDC,N/A - From RDC,1804
7183,ASN-1966,First Response,Rwanda,04-Jul-08,04-Jul-08,MIssing,Test kit,Yes,17331.66,Direct Drop,"HIV 1/2/O, First Response HIV 1-2.0, v.3.0 Cards Kit, 30 Tests",163.15,6180,101970.0,PMO - US,Premier Med. Corp Ltd. India,"HIV 1/2/O, First Response HIV 1-2.0, v.3.0 Cards Kit",16.5,06-12-08,SCMS-25210,Pre-PQ Process,Pre-PQ Process,HRDT,107-RW-T01,04-Jul-08,Air,HIV test,30,0.55,Premier Medical Corporation Ltd.,EXW,2130
74357,ASN-15668,Determine,Kenya,28-Jul-12,28-Jul-12,MIssing,Test kit,Yes,11827.07,Direct Drop,"HIV 1/2, Determine Complete HIV Kit, 100 Tests",825.78,6618,589002.0,PMO - US,"Alere Medical Co., Ltd.","HIV 1/2, Determine Complete HIV Kit",89.0,6/14/12,SCMS-149610,FPQ-10018,06-05-12,HRDT,103-KE-T30,09-Jul-12,Air,HIV test,100,0.89,"Orgenics, Ltd",EXW,1139
73996,ASN-22054,Generic,CÃte dIvoire,04-Nov-13,05-Nov-13,300/100mg,Tablet,Yes,4568.92,Direct Drop,"Atazanavir/Ritonavir 300/100mg, tablets, 30 Tabs",111.33,4500,90000.0,PMO - US,Mylan (formerly Matrix) Nashik,Atazanavir/Ritonavir,20.0,9/16/13,SCMS-206580,FPQ-12806,08-09-13,ARV,104-CI-T30,04-Nov-13,Air,Adult,30,0.67,MYLAN LABORATORIES LTD (FORMERLY MATRIX LABORATORIES),EXW,608
83481,DN-2099,Generic,Zambia,11-Feb-11,11-Feb-11,600mg,Tablet,Yes,9553.01,From RDC,"Efavirenz 600mg, tablets, 30 Tabs",275.5,28271,127784.92,PMO - US,"Aurobindo Unit III, India",Efavirenz,4.52,N/A - From RDC,SO-38000,FPQ-5702,5/20/10,ARV,110-ZM-T30,28-Jan-11,Truck,Adult,30,0.15,SCMS from RDC,N/A - From RDC,2507
9752,ASN-2300,Truvada,South Africa,14-May-08,14-May-08,300/200mg,Tablet - FDC,No,Freight Included in Commodity Cost,Direct Drop,"Emtricitabine/Tenofovir Disoproxil Fumarate 200/300mg [Truvada], tablets, 30 Tabs",1.22,20,765.0,PMO - US,Gilead(Nycomed) Oranienburg DE,Emtricitabine/Tenofovir Disoproxil Fumarate,38.25,Date Not Captured,SCMS-23500,Pre-PQ Process,Pre-PQ Process,ARV,116-ZA-T01,20-Aug-08,Truck,Adult,30,1.27,S. BUYS WHOLESALER,DDP,Weight Captured Separately
16766,ASN-5452,Generic,Rwanda,23-Nov-09,23-Nov-09,200mg,Tablet,Yes,730.82,Direct Drop,"Nevirapine 200mg, tablets, 60 Tabs",181.24,29925,92468.25,PMO - US,Hetero Unit III Hyderabad IN,Nevirapine,3.09,7/16/09,SCMS-48840,FPQ-3859,6/30/09,ARV,107-RW-T30,23-Nov-09,Air,Adult,60,0.05,HETERO LABS LIMITED,CIP,1041
81808,ASN-28761,Generic,Haiti,09-Jan-15,12-Jan-15,200mg,Tablet,No,See ASN-28761 (ID#:38632),Direct Drop,"Nevirapine 200mg, tablets, 60 Tabs",97.82,45750,95160.0,PMO - US,"Micro labs, Verna, Goa, India",Nevirapine,2.08,06-02-14,SCMS-240130,FPQ-14083,05-11-14,ARV,106-HT-T30,09-Jan-15,Ocean,Adult,60,0.03,MICRO LABS LIMITED,EXW,See ASN-28761 (ID#:38632)
21000,ASN-26692,Generic,Haiti,09-Sep-14,10-Sep-14,100/25mg,Tablet,Yes,892.5,Direct Drop,"Lopinavir/Ritonavir 100/25mg [Aluvia], tablets, 60 Tabs",3.18,520,3088.8,PMO - US,ABBVIE Ludwigshafen Germany,Lopinavir/Ritonavir,5.94,5/28/14,SCMS-240120,FPQ-14083,05-11-14,ARV,106-HT-T30,09-Sep-14,Air,Pediatric,60,0.1,ABBVIE LOGISTICS (FORMERLY ABBOTT LOGISTICS BV),FCA,65
12472,DN-611,Generic,CÃte dIvoire,19-Feb-08,19-Feb-08,150/300mg,Tablet - FDC,Yes,8321.29,From RDC,"Lamivudine/Zidovudine 150/300mg, tablets, 60 Tabs",5.64,371,3524.5,PMO - US,"Aurobindo Unit III, India",Lamivudine/Zidovudine,9.5,N/A - From RDC,SO-1663,Pre-PQ Process,Pre-PQ Process,ARV,104-CI-T01,06-Mar-08,Air,Adult,60,0.16,SCMS from RDC,N/A - From RDC,4689
43443,ASN-7198,Determine,Kenya,07-Jul-10,07-Jul-10,MIssing,Test kit,Yes,12678.52,Direct Drop,"HIV 1/2, Determine Complete HIV Kit, 100 Tests",0.52,3,240.0,PMO - US,Inverness Japan,"HIV 1/2, Determine Complete HIV Kit",80.0,12-02-09,SCMS-58381,FPQ-4591,11/18/09,HRDT,102-KE-T30,07-Jul-10,Air,HIV test,100,0.8,"Orgenics, Ltd",EXW,1302
54729,ASN-22886,Determine,Nigeria,10-Dec-13,16-Dec-13,MIssing,Test kit,Yes,39069.63,Direct Drop,"HIV 1/2, Determine Complete HIV Kit, 100 Tests",658.69,5983,532487.0,PMO - US,"Alere Medical Co., Ltd.","HIV 1/2, Determine Complete HIV Kit",89.0,11-01-13,SCMS-210350,FPQ-12812,8/13/13,HRDT,133-NG-T30,23-Dec-13,Air,HIV test,100,0.89,"Orgenics, Ltd",EXW,2425
85799,DN-2405,Generic,CÃte dIvoire,31-Oct-11,31-Oct-11,600/300mg,Tablet - FDC,No,See DN-2405 (ID#:84118),From RDC,"Abacavir/Lamivudine 600/300mg, scored tablets, 30 Tabs",103.58,2790,62775.0,PMO - US,Mylan (formerly Matrix) Nashik,Abacavir/Lamivudine,22.5,N/A - From RDC,SO-40770,FPQ-8295,8/25/11,ARV,104-CI-T30,11-Nov-11,Truck,Adult,30,0.75,SCMS from RDC,N/A - From RDC,See DN-2405 (ID#:84118)
51820,ASN-17894,Determine,Swaziland,17-May-13,17-May-13,MIssing,Test kit,Yes,2274.64,Direct Drop,"HIV 1/2, Determine Complete HIV Kit, 100 Tests",26.92,240,19200.0,PMO - US,"Alere Medical Co., Ltd.","HIV 1/2, Determine Complete HIV Kit",80.0,09-12-12,SCMS-159091,FPQ-10537,8/23/12,HRDT,102-SZ-T30,17-May-13,Air,HIV test,100,0.8,"Orgenics, Ltd",EXW,100
83684,DN-3160,Generic,Rwanda,27-May-13,27-May-13,10mg/ml,Oral solution,Yes,4095.24,From RDC,"Zidovudine 10mg/ml, oral solution w/syringe, Bottle, 240 ml",3.9,1500,3150.0,PMO - US,"Aurobindo Unit III, India",Zidovudine,2.1,N/A - From RDC,SO-44761,FPQ-11807,03-06-13,ARV,107-RW-T30,28-Jun-13,Air,Pediatric,240,0.01,SCMS from RDC,N/A - From RDC,575
85678,DN-1878,Generic,CÃte dIvoire,05-Jul-10,05-Jul-10,20mg/ml,Oral solution,No,See DN-1878 (ID#:84572),From RDC,"Abacavir 20mg/ml, oral solution, Bottle, 240 ml",13.14,448,6092.8,PMO - US,"Aurobindo Unit III, India",Abacavir,13.6,N/A - From RDC,SO-36350,FPQ-5201,03-03-10,ARV,104-CI-T30,09-Jul-10,Air,Pediatric,240,0.06,SCMS from RDC,N/A - From RDC,See DN-1878 (ID#:84572)
32543,ASN-12824,Generic,South Africa,22-Dec-11,22-Dec-11,600mg,Tablet,Yes,16429.12,Direct Drop,"Efavirenz 600mg, tablets, 30 Tabs",905.95,128887,549058.62,PMO - US,"Aurobindo Unit III, India",Efavirenz,4.26,9/30/11,SCMS-123580,FPQ-7175,03-10-11,ARV,161-ZA-T30,22-Dec-11,Ocean,Adult,30,0.14,Aurobindo Pharma Limited,DDP,10956
19105,ASN-15231,Generic,Rwanda,22-Jun-12,22-Jun-12,20mg/ml,Oral solution,Yes,13116.57,Direct Drop,"Abacavir 20mg/ml, oral solution, Bottle, 240 ml",54.03,4534,38539.0,PMO - US,"Cipla, Goa, India",Abacavir,8.5,03-09-12,SCMS-129760,FPQ-8741,11/30/11,ARV,107-RW-T30,22-Jun-12,Air,Pediatric,240,0.04,CIPLA LIMITED,EXW,1631
84659,DN-2266,Generic,Zimbabwe,11-Aug-11,11-Aug-11,20mg/ml,Oral solution,Yes,2143.48,From RDC,"Abacavir 20mg/ml, oral solution, Bottle, 240 ml",26.73,1191,16197.6,PMO - US,"Aurobindo Unit III, India",Abacavir,13.6,N/A - From RDC,SO-40040,FPQ-7559,4/29/11,ARV,100-ZW-T30,15-Aug-11,Truck,Pediatric,240,0.06,SCMS from RDC,N/A - From RDC,445
66768,ASN-18152,Intelence,Uganda,13-Feb-13,13-Feb-13,100mg,Tablet,Yes,989,Direct Drop,"Etravirine 100mg [Intelence], tablets, 120 Tabs",7.93,178,6408.0,PMO - US,"Janssen-Cilag, Latina, IT",Etravirine,36.0,10/25/12,SCMS-162750,FPQ-10788,10-10-12,ARV,114-UG-T30,13-Feb-13,Air,Adult,120,0.3,ASPEN PHARMACARE,DAP,90
83063,DN-2787,Generic,CÃte dIvoire,12-Aug-12,12-Aug-12,600mg,Tablet,Yes,16898.58,From RDC,"Efavirenz 600mg, tablets, 30 Tabs",290.54,54392,207233.52,PMO - US,Hetero Unit III Hyderabad IN,Efavirenz,3.81,N/A - From RDC,SO-41341,FPQ-9063,12/21/11,ARV,104-CI-T30,31-Aug-12,Truck,Adult,30,0.13,SCMS from RDC,N/A - From RDC,4883
5634,ASN-3434,Bioline,CÃte dIvoire,19-Mar-09,19-Mar-09,MIssing,Test kit,Yes,2358.13,Direct Drop,"HIV 1/2, Bioline 3.0 Kit, Lancets, Capillary pipets, Alcohol swabs included, 25 Tests",25.83,659,13180.0,PMO - US,"Standard Diagnostics, Korea","HIV 1/2, Bioline 3.0 Kit, Lancets, Capillary pipets, Alcohol swabs included",20.0,03-03-08,SCMS-18300,Pre-PQ Process,Pre-PQ Process,HRDT,104-CI-T01,19-Mar-09,Air,HIV test,25,0.8,"Standard Diagnostics, Inc.",EXW,206
79841,ASN-15328,Generic,Rwanda,28-Jun-12,28-Jun-12,10mg/ml,Oral solution,No,See ASN-15328 (ID#:46005),Direct Drop,"Lamivudine 10mg/ml, oral solution, Bottle, 240 ml",20.29,7420,14469.0,PMO - US,"Cipla, Goa, India",Lamivudine,1.95,03-09-12,SCMS-129510,FPQ-8741,11/30/11,ARV,107-RW-T30,28-Jun-12,Air,Pediatric,240,0.01,CIPLA LIMITED,CIP,See ASN-15328 (ID#:46005)
43045,ASN-10560,Bioline,Tanzania,06-Jun-11,06-Jun-11,MIssing,Test kit,Yes,8509.57,Direct Drop,"HIV 1/2, Bioline 3.0 Kit, Lancets, Capillary pipets, Alcohol swabs included, 25 Tests",112.17,3399,67980.0,PMO - US,"Standard Diagnostics, Korea","HIV 1/2, Bioline 3.0 Kit, Lancets, Capillary pipets, Alcohol swabs included",20.0,3/23/11,SCMS-102030,FPQ-7239,2/25/11,HRDT,109-TZ-T30,06-Jun-11,Air,HIV test,25,0.8,"Standard Diagnostics, Inc.",EXW,1133
81971,ASN-10108,Aluvia,Guatemala,08-Mar-11,08-Mar-11,200/50mg,Tablet,Yes,Freight Included in Commodity Cost,Direct Drop,"Lopinavir/Ritonavir 200/50mg [Aluvia], tablets, 120 Tabs",335.56,2426,203371.58,PMO - US,ABBVIE Ludwigshafen Germany,Lopinavir/Ritonavir,83.83,02-02-11,SCMS-98620,FPQ-6966,01-03-11,ARV,202-GT-T30,08-Mar-11,Air,Adult,120,0.7,ABBOTT LOGISTICS B.V.,CIP,Weight Captured Separately
39242,ASN-7489,Determine,Kenya,29-Jul-10,29-Jul-10,MIssing,Test kit,Yes,13150.21,Direct Drop,"HIV 1/2, Determine Complete HIV Kit, 100 Tests",0.52,3,240.0,PMO - US,Inverness Japan,"HIV 1/2, Determine Complete HIV Kit",80.0,5/27/10,SCMS-58382,FPQ-4591,11/18/09,HRDT,102-KE-T30,29-Jul-10,Air,HIV test,100,0.8,"Orgenics, Ltd",EXW,1411
86476,DN-2665,Generic,Zambia,18-Jun-12,18-Jun-12,200/300mg,Tablet - FDC,Yes,4496.13,From RDC,"Emtricitabine/Tenofovir Disoproxil Fumarate 200/300mg, tablets, 30 Tabs",105.96,9400,75576.0,PMO - US,Mylan (formerly Matrix) Nashik,Emtricitabine/Tenofovir Disoproxil Fumarate,8.04,N/A - From RDC,SO-41701,FPQ-9472,03-08-12,ARV,110-ZM-T30,23-Aug-12,Truck,Adult,30,0.27,SCMS from RDC,N/A - From RDC,796
11577,DN-912,Generic,Zambia,23-Sep-08,23-Sep-08,150/300mg,Tablet - FDC,Yes,6269.7,From RDC,"Lamivudine/Zidovudine 150/300mg, tablets, 60 Tabs",399.2,26402,249498.9,PMO - US,"Aurobindo Unit III, India",Lamivudine/Zidovudine,9.45,N/A - From RDC,SO-2486,Pre-PQ Process,Pre-PQ Process,ARV,110-ZM-T01,23-Sep-08,Truck,Adult,60,0.16,SCMS from RDC,N/A - From RDC,6986
63620,ASN-21443,Stat-Pak,Uganda,04-Oct-13,05-Oct-13,MIssing,Test kit,Yes,4604.83,Direct Drop,"HIV 1/2, Stat-Pak Dipstick Assay Kit, 30 Tests",97.3,2850,78660.0,PMO - US,Chembio Diagnostics Sys. Inc.,"HIV 1/2, Stat-Pak Dipstick Assay Kit",27.6,5/28/13,SCMS-189350,FPQ-12155,4/29/13,HRDT,114-UG-T30,04-Oct-13,Air,HIV test,30,0.92,"CHEMBIO DIAGNOSTIC SYSTEMS, INC.",EXW,318
43912,ASN-31573,Generic,Haiti,11-May-15,13-May-15,150/300mg,Tablet - FDC,Yes,976.44,Direct Drop,"Lamivudine/Zidovudine 150/300mg, tablets, 60 Tabs",8.47,1217,8239.09,PMO - US,"Aurobindo Unit III, India",Lamivudine/Zidovudine,6.77,12/24/14,SCMS-263170,FPQ-15038,10/22/14,ARV,106-HT-T30,11-May-15,Air,Adult,60,0.11,Aurobindo Pharma Limited,EXW,124
11348,DN-1379,Generic,Mozambique,17-Sep-09,17-Sep-09,150mg,Tablet,Yes,1799.88,From RDC,"Lamivudine 150mg, tablets, 60 Tabs",1.79,374,912.56,PMO - US,"Aurobindo Unit III, India",Lamivudine,2.44,N/A - From RDC,SO-26423,Pre-PQ Process,Date Not Captured,ARV,111-MZ-T01,27-Aug-09,Truck,Adult,60,0.04,SCMS from RDC,N/A - From RDC,18
46468,ASN-11194,Generic,South Africa,06-Sep-11,06-Sep-11,150mg,Tablet,Yes,Freight Included in Commodity Cost,Direct Drop,"Lamivudine 150mg, tablets, 60 Tabs",2064.89,515000,1251450.0,PMO - US,"Strides, Bangalore, India.",Lamivudine,2.43,3/28/11,SCMS-103910,FPQ-7175,03-10-11,ARV,161-ZA-T30,06-Sep-11,Ocean,Adult,60,0.04,STRIDES ARCOLAB LIMITED,DDP,Weight Captured Separately
44597,ASN-31750,Uni-Gold,"Congo, DRC",02-Jul-15,30-Jul-15,MIssing,Test kit,No,See ASN-31750 (ID#:19272),Direct Drop,"HIV 1/2, Uni-Gold HIV Kit, 20 Tests",1.47,39,1248.0,PMO - US,"Trinity Biotech, Plc","HIV 1/2, Uni-Gold HIV Kit",32.0,3/16/15,SCMS-280210,FPQ-16001,03-10-15,HRDT,101-CD-T30,02-Jul-15,Air,HIV test,20,1.6,"Trinity Biotech, Plc",EXW,See ASN-31750 (ID#:19272)
10086,ASN-3259,Stat-Pak,Ethiopia,30-Jan-09,30-Jan-09,MIssing,Test kit,Yes,6112.63,Direct Drop,"HIV 1/2, Stat-Pak HIV, Kit, 20 Tests",196.39,3711,100197.0,PMO - US,Chembio Diagnostics Sys. Inc.,"HIV 1/2, Stat-Pak HIV, Kit",27.0,10/22/08,SCMS-32410,Pre-PQ Process,Pre-PQ Process,HRDT,117-ET-T01,30-Jan-09,Air,HIV test,20,1.35,"CHEMBIO DIAGNOSTIC SYSTEMS, INC.",EXW,1341
23466,ASN-6725,Generic,Rwanda,26-Apr-10,26-Apr-10,200/50mg,Tablet,Yes,7531.78,Direct Drop,"Lopinavir/Ritonavir 200/50mg, tablets, 120 Tabs",164.03,2240,83686.4,PMO - US,"Aurobindo Unit III, India",Lopinavir/Ritonavir,37.36,7/16/09,SCMS-48890,FPQ-3859,6/30/09,ARV,107-RW-T30,26-Apr-10,Air,Adult,120,0.31,Aurobindo Pharma Limited,CIP,554
35913,ASN-11197,Generic,South Africa,22-Sep-11,22-Sep-11,300mg,Tablet,Yes,6121.39,Direct Drop,"Tenofovir Disoproxil Fumarate 300mg, tablets, 30 Tabs",471.14,42938,285537.7,PMO - US,"Aurobindo Unit III, India",Tenofovir Disoproxil Fumarate,6.65,12/14/10,SCMS-93550,FPQ-6708,11/26/10,ARV,161-ZA-T30,13-Jun-11,Ocean,Adult,30,0.22,Aurobindo Pharma Limited,DDP,4008
43989,ASN-4489,Videx EC,Tanzania,11-Aug-09,11-Aug-09,400mg,Delayed-release capsules - blister,Yes,777,Direct Drop,"Didanosine EC 400mg [Videx EC], delayed-release capsules, Blister 3 x 10 Caps",139.18,3000,71010.0,PMO - US,"BMS Meymac, France",Didanosine EC,23.67,6/29/09,SCMS-47730,FPQ-3782,06-11-09,ARV,109-TZ-T30,11-Aug-09,Air,Adult,30,0.79,BRISTOL-MYERS SQUIBB,CIP,363
29608,ASN-5820,Videx,Haiti,24-Feb-10,24-Feb-10,50mg,Chewable/dispersible tablet,Yes,Freight Included in Commodity Cost,Direct Drop,"Didanosine 50mg [Videx], chewable tablets, 60 Tabs",0.82,40,380.0,PMO - US,"BMS Meymac, France",Didanosine,9.5,11/24/09,SCMS-58010,FPQ-4389,11-03-09,ARV,106-HT-T30,24-Feb-10,Air,Pediatric,60,0.16,BRISTOL-MYERS SQUIBB,CIP,Weight Captured Separately
66338,ASN-19166,Generic,South Africa,16-Apr-13,16-Apr-13,10mg/ml,Oral solution,No,Freight Included in Commodity Cost,Direct Drop,"Zidovudine 10mg/ml, oral solution, Bottle, 240 ml",1.45,145,1173.68,South Africa Field Office,"Aurobindo Unit III, India",Zidovudine,8.09,Date Not Captured,SCMS-183950,FPQ-11828,3/18/13,ARV,116-ZA-T30,16-Apr-13,Truck,Pediatric,240,0.03,S. BUYS WHOLESALER,DDP,Weight Captured Separately
30320,ASN-15985,Determine,South Sudan,20-Sep-12,20-Sep-12,MIssing,Test kit,Yes,6445.68,Direct Drop,"HIV 1/2, Determine Complete HIV Kit, 100 Tests",86.72,695,61855.0,PMO - US,"Alere Medical Co., Ltd.","HIV 1/2, Determine Complete HIV Kit",89.0,6/20/12,SCMS-147640,FPQ-9807,5/18/12,HRDT,105-SS-T30,20-Sep-12,Air,HIV test,100,0.89,"Orgenics, Ltd",EXW,351
83765,DN-3557,Generic,CÃte dIvoire,01-Mar-14,03-Apr-14,300mg,Tablet,Yes,1335.15,From RDC,"Tenofovir Disoproxil Fumarate 300mg, tablets, 30 Tabs",23.19,4641,18749.64,PMO - US,Mylan (formerly Matrix) Nashik,Tenofovir Disoproxil Fumarate,4.04,N/A - From RDC,SO-46330,FPQ-12800,08-09-13,ARV,104-CI-T30,28-Feb-14,Air,Adult,30,0.13,SCMS from RDC,N/A - From RDC,285
12200,DN-678,Generic,Botswana,25-Mar-08,25-Mar-08,MIssing,Test kit - Ancillary,No,See DN-678 (ID#:12199),From RDC,"HIV, Lancet, Safety, for HIV Test kits, 100 Pcs",0,200,2.0,PMO - US,Inverness Japan,"HIV, Lancet, Safety, for HIV Test kits, 100 Pcs",0.01,N/A - From RDC,SO-2041,Pre-PQ Process,Pre-PQ Process,HRDT,102-BW-T01,25-Mar-08,Truck,HIV test - Ancillary,100,0.0,SCMS from RDC,N/A - From RDC,See DN-678 (ID#:12199)
86143,DN-3994,Generic,Nigeria,30-Oct-14,03-Nov-14,600mg,Tablet,Yes,898,From RDC,"Efavirenz 600mg, tablets, 30 Tabs",21.73,6776,21141.12,PMO - US,"Micro labs, Verna, Goa, India",Efavirenz,3.12,N/A - From RDC,SO-48903,FPQ-14156,4/25/14,ARV,151-NG-T30,31-Oct-14,Air Charter,Adult,30,0.1,SCMS from RDC,N/A - From RDC,514
81653,ASN-24433,Aluvia,South Africa,07-Feb-14,07-Feb-14,200/50mg,Tablet,No,Freight Included in Commodity Cost,Direct Drop,"Lopinavir/Ritonavir 200/50mg [Aluvia], tablets, 120 Tabs",1.82,57,1468.3,PMO - US,ABBVIE Ludwigshafen Germany,Lopinavir/Ritonavir,25.76,8/13/13,SCMS-199280,FPQ-12522,07-11-13,ARV,116-ZA-T30,07-Feb-14,Truck,Adult,120,0.21,S. BUYS WHOLESALER,DDP,Weight Captured Separately
17259,ASN-10811,Videx EC,Tanzania,27-Jun-11,27-Jun-11,250mg,Delayed-release capsules - blister,Yes,1870.73,Direct Drop,"Didanosine EC 250mg [Videx EC], delayed-release capsules, Blister 3 x 10 Caps",63.49,2098,38477.32,PMO - US,Bristol-Myers Squibb Anagni IT,Didanosine EC,18.34,4/14/11,SCMS-103290,FPQ-6795,1/27/11,ARV,109-TZ-T30,27-Jun-11,Air,Adult,30,0.61,LAWRENCE LABORATORIES (SUBSIDIARY OF BRISTOL MYERS SQUIBB),FCA,140
3754,ASN-3739,Norvir,South Africa,23-Jan-09,23-Jan-09,100mg,Capsule,Yes,Freight Included in Commodity Cost,Direct Drop,"Ritonavir 100mg [Norvir], capsules, cool, 84 Caps",0.29,20,147.0,PMO - US,ABBVIE (Abbott) Logis. UK,Ritonavir,7.35,Date Not Captured,SCMS-41220,Pre-PQ Process,Pre-PQ Process,ARV,116-ZA-T01,30-Mar-09,Air,Adult,84,0.09,S. BUYS WHOLESALER,DDP,Weight Captured Separately
82931,DN-2090,Generic,Nigeria,16-Feb-11,16-Feb-11,200mg,Tablet,No,See DN-2090 (ID#:82366),From RDC,"Nevirapine 200mg, tablets, 60 Tabs",894.37,160786,414827.88,PMO - US,"Aurobindo Unit III, India",Nevirapine,2.58,N/A - From RDC,SO-38320,FPQ-6243,8/25/10,ARV,151-NG-T30,22-Feb-11,Air Charter,Adult,60,0.04,SCMS from RDC,N/A - From RDC,See DN-2090 (ID#:82366)
11565,DN-1082,Generic,Uganda,03-Mar-09,03-Mar-09,300mg,Tablet,Yes,978.92,From RDC,"Zidovudine 300mg, tablets, 60 Tabs",0.77,50,395.0,PMO - US,"Aurobindo Unit III, India",Zidovudine,7.9,N/A - From RDC,SO-17790,Pre-PQ Process,Pre-PQ Process,ARV,114-UG-T01,03-Mar-09,Air,Adult,60,0.13,SCMS from RDC,N/A - From RDC,3
59704,ASN-9932,Generic,South Africa,04-Apr-11,04-Apr-11,10mg/ml,Oral suspension,Yes,3961.69,Direct Drop,"Nevirapine 10mg/ml, oral suspension w/syringe, Bottle, 240 ml",19.55,5590,11850.8,PMO - US,"Aurobindo Unit III, India",Nevirapine,2.12,12/14/10,SCMS-93500,FPQ-6708,11/26/10,ARV,161-ZA-T30,04-Apr-11,Ocean,Pediatric,240,0.01,Aurobindo Pharma Limited,DDP,2068
31306,ASN-26882,Generic,South Africa,25-Jun-14,25-Jun-14,50mg,Capsule,No,Freight Included in Commodity Cost,Direct Drop,"Efavirenz 50mg, capsule, 30 Caps",0.03,9,27.05,PMO - US,"Aurobindo Unit III, India",Efavirenz,3.01,6/25/14,SCMS-238551,FPQ-13973,4/30/14,ARV,116-ZA-T30,25-Jun-14,Truck,Pediatric,30,0.1,PHARMACY DIRECT,DDP,Weight Captured Separately
67717,ASN-7661,Generic,Vietnam,13-Aug-10,13-Aug-10,30mg,Capsule,No,See ASN-7661 (ID#:21752),Direct Drop,"Stavudine 30mg, capsules, 60 Caps",64.91,21504,30105.6,PMO - US,"Aurobindo Unit III, India",Stavudine,1.4,3/25/10,SCMS-69250,FPQ-5317,3/22/10,ARV,108-VN-T30,13-Aug-10,Air,Adult,60,0.02,Aurobindo Pharma Limited,EXW,See ASN-7661 (ID#:21752)
64319,ASN-16927,Determine,Nigeria,07-Nov-12,07-Nov-12,MIssing,Test kit,Yes,30726.22,Direct Drop,"HIV 1/2, Determine Complete HIV Kit, 100 Tests",353.75,2835,252315.0,PMO - US,"Alere Medical Co., Ltd.","HIV 1/2, Determine Complete HIV Kit",89.0,8/13/12,SCMS-155320,FPQ-10349,7/17/12,HRDT,133-NG-T30,06-Nov-12,Air,HIV test,100,0.89,"Orgenics, Ltd",EXW,1352
85792,DN-2362,Generic,Zimbabwe,21-Oct-11,21-Oct-11,30/60mg,Tablet - FDC,No,See DN-2362 (ID#:83533),From RDC,"Lamivudine/Zidovudine 30/60mg, tablets, 60 Tabs",26.71,4980,16185.0,PMO - US,Mylan (formerly Matrix) Nashik,Lamivudine/Zidovudine,3.25,N/A - From RDC,SO-39551,FPQ-7559,4/29/11,ARV,100-ZW-T30,21-Oct-11,Truck,Pediatric,60,0.05,SCMS from RDC,N/A - From RDC,See DN-2362 (ID#:83533)
82866,DN-1710,Generic,Nigeria,31-Mar-10,31-Mar-10,600mg,Tablet,Yes,Freight Included in Commodity Cost,From RDC,"Efavirenz 600mg, tablets, 30 Tabs",1540.73,139303,714624.39,PMO - US,"Aurobindo Unit III, India",Efavirenz,5.13,N/A - From RDC,SO-34911,FPQ-4537,11-06-09,ARV,151-NG-T30,19-Apr-10,Air Charter,Adult,30,0.17,SCMS from RDC,N/A - From RDC,11982
10852,DN-213,Generic,Nigeria,06-Jul-07,06-Jul-07,20mg,Capsule,Yes,460,From RDC,"Stavudine 20mg, capsules, 60 Caps",0.71,253,442.75,PMO - US,"Aurobindo Unit III, India",Stavudine,1.75,N/A - From RDC,SO-642,Pre-PQ Process,Pre-PQ Process,ARV,112-NG-T01,06-Jul-07,Air,Adult,60,0.03,SCMS from RDC,N/A - From RDC,15
11074,DN-1488,Generic,Lebanon,24-Nov-09,24-Nov-09,150/300mg,Tablet - FDC,Yes,Invoiced Separately,From RDC,"Lamivudine/Zidovudine 150/300mg, tablets, 60 Tabs",0,42,0.42,PMO - US,"Aurobindo Unit III, India",Lamivudine/Zidovudine,0.01,N/A - From RDC,SO-33910,Pre-PQ Process,Date Not Captured,ARV,100-LB-T01,24-Nov-09,Air,Adult,60,0.0,SCMS from RDC,N/A - From RDC,Weight Captured Separately
52131,ASN-19166,Generic,South Africa,16-Apr-13,16-Apr-13,250mg,Delayed-release capsules,No,Freight Included in Commodity Cost,Direct Drop,"Didanosine 250mg, delayed-release capsules, 30 Caps",1.22,64,987.12,South Africa Field Office,"Aurobindo Unit III, India",Didanosine,15.42,Date Not Captured,SCMS-183950,FPQ-11828,3/18/13,ARV,116-ZA-T30,16-Apr-13,Truck,Adult,30,0.51,S. BUYS WHOLESALER,DDP,Weight Captured Separately
85408,DN-3357,Generic,Zambia,29-Nov-13,12-Dec-13,200mg,Tablet,No,Freight Included in Commodity Cost,From RDC,"Nevirapine 200mg, tablets, 60 Tabs",99.23,35496,80220.96,PMO - US,"Cipla, Goa, India",Nevirapine,2.26,N/A - From RDC,SO-45930,FPQ-12497,6/20/13,ARV,100-ZM-T30,24-Nov-13,Truck,Adult,60,0.04,SCMS from RDC,N/A - From RDC,Weight Captured Separately
11241,DN-744,Generic,Haiti,02-Jun-08,02-Jun-08,10mg/ml,Oral suspension,No,See DN-744 (ID#:10684),From RDC,"Nevirapine 10mg/ml, oral suspension, Bottle, 240 ml",6.49,2112,4055.04,PMO - US,"Aurobindo Unit III, India",Nevirapine,1.92,N/A - From RDC,SO-2053,Pre-PQ Process,Pre-PQ Process,ARV,106-HT-T01,02-Jun-08,Air,Pediatric,240,0.01,SCMS from RDC,N/A - From RDC,See DN-744 (ID#:10684)
12564,DN-1170,Generic,CÃte dIvoire,19-Jun-09,19-Jun-09,200mg,Tablet,Yes,5432.93,From RDC,"Nevirapine 200mg, tablets, 60 Tabs",30.92,5259,15777.0,PMO - US,Hetero Unit III Hyderabad IN,Nevirapine,3.0,N/A - From RDC,SO-21871,Pre-PQ Process,Pre-PQ Process,ARV,104-CI-T01,19-Jun-09,Air,Adult,60,0.05,SCMS from RDC,N/A - From RDC,294
86142,DN-3975,Generic,"Congo, DRC",18-Feb-15,23-Feb-15,300mg,Tablet,No,See DN-3975 (ID#:82748),From RDC,"Tenofovir Disoproxil Fumarate 300mg, tablets, 30 Tabs",22.73,5850,22113.0,PMO - US,Hetero Unit III Hyderabad IN,Tenofovir Disoproxil Fumarate,3.78,N/A - From RDC,SO-49290,FPQ-14576,7/14/14,ARV,101-CD-T30,30-Jan-15,Air,Adult,30,0.13,SCMS from RDC,N/A - From RDC,See DN-3975 (ID#:82748)
47977,ASN-29944,Uni-Gold,Zambia,21-Jan-15,04-Feb-15,MIssing,Test kit,Yes,6664.29,Direct Drop,"HIV 1/2, Uni-Gold HIV Kit, 20 Tests",112.99,3000,96000.0,PMO - US,"Trinity Biotech, Plc","HIV 1/2, Uni-Gold HIV Kit",32.0,10/22/14,SCMS-260220,FPQ-15075,10/15/14,HRDT,110-ZM-T30,21-Jan-15,Air,HIV test,20,1.6,"Trinity Biotech, Plc",EXW,881
12045,DN-74,Viread,CÃte dIvoire,30-Apr-07,30-Apr-07,300mg,Tablet,Yes,2527,From RDC,"Tenofovir Disoproxil Fumarate 300mg [Viread], tablets, 30 Tabs",MIssing,456,7752.0,PMO - US,Gilead(Nycomed) Oranienburg DE,Tenofovir Disoproxil Fumarate,17.0,N/A - From RDC,SO-285,Pre-PQ Process,Pre-PQ Process,ARV,100-CI-T01,30-Apr-07,MIssing,Adult,30,0.57,SCMS from RDC,N/A - From RDC,682
15554,ASN-8755,Generic,South Africa,11-Dec-10,11-Dec-10,10mg/ml,Oral suspension,Yes,4876.31,Direct Drop,"Nevirapine 10mg/ml, oral suspension w/syringe, Bottle, 240 ml",14.68,2162,6810.3,PMO - US,"Aurobindo Unit III, India",Nevirapine,3.15,6/17/10,SCMS-75480,FPQ-5648,06-02-10,ARV,161-ZA-T30,13-Dec-10,Air,Pediatric,240,0.01,Aurobindo Pharma Limited,DDP,838
11063,DN-1373,Generic,Haiti,31-Jul-09,31-Jul-09,10mg/ml,Oral suspension,No,See DN-1373 (ID#:11062),From RDC,"Nevirapine 10mg/ml, oral suspension, Bottle, 240 ml",8.67,2304,4423.68,PMO - US,"Aurobindo Unit III, India",Nevirapine,1.92,N/A - From RDC,SO-32760,Pre-PQ Process,Date Not Captured,ARV,106-HT-T01,31-Jul-09,Air,Pediatric,240,0.01,SCMS from RDC,N/A - From RDC,See DN-1373 (ID#:11062)
18639,ASN-14979,Determine,Burundi,05-Jun-12,05-Jun-12,MIssing,Test kit,Yes,14493.81,Direct Drop,"HIV 1/2, Determine Complete HIV Kit, 100 Tests",134.59,1200,96000.0,PMO - US,"Alere Medical Co., Ltd.","HIV 1/2, Determine Complete HIV Kit",80.0,04-09-12,SCMS-141780,FPQ-9231,2/17/12,HRDT,102-BI-T30,05-Jun-12,Air,HIV test,100,0.8,"Orgenics, Ltd",EXW,577
3302,ASN-2806,Generic,Vietnam,29-Nov-08,29-Nov-08,150/200/30mg,Tablet - FDC,Yes,2147.61,Direct Drop,"Lamivudine/Nevirapine/Stavudine 150/200/30mg, tablets, 60 Tabs",20.46,1440,10440.0,PMO - US,"Cipla, Goa, India",Lamivudine/Nevirapine/Stavudine,7.25,7/24/08,SCMS-27370,Pre-PQ Process,Pre-PQ Process,ARV,108-VN-T01,29-Nov-08,Air,Adult,60,0.12,CIPLA LIMITED,EXW,128
38243,ASN-29257,Generic,South Africa,05-Nov-14,05-Nov-14,400mg,Delayed-release capsules,No,Freight Included in Commodity Cost,Direct Drop,"Didanosine 400mg, delayed-release capsules, 30 Caps",0.14,7,137.73,PMO - US,"Aurobindo Unit III, India",Didanosine,19.68,11-04-14,SCMS-238555,FPQ-13973,4/30/14,ARV,116-ZA-T30,05-Nov-14,Truck,Adult,30,0.66,PHARMACY DIRECT,DDP,Weight Captured Separately
85324,DN-2981,Generic,"Congo, DRC",11-Sep-13,11-Sep-13,10mg/ml,Oral suspension,No,See DN-2981 (ID#:82538),From RDC,"Nevirapine 10mg/ml, oral suspension w/syringe, Bottle, 240 ml",16.89,7003,13655.85,PMO - US,"Aurobindo Unit III, India",Nevirapine,1.95,N/A - From RDC,SO-43680,FPQ-11054,11/16/12,ARV,101-CD-T30,11-Sep-13,Air,Pediatric,240,0.01,SCMS from RDC,N/A - From RDC,See DN-2981 (ID#:82538)
84632,DN-2143,Generic,Zambia,05-Apr-11,05-Apr-11,300mg,Tablet,Yes,4471.07,From RDC,"Abacavir 300mg, tablets, 60 Tabs",127.82,4875,77463.75,PMO - US,"Cipla, Patalganga, India",Abacavir,15.89,N/A - From RDC,SO-38050,FPQ-6677,11-08-10,ARV,110-ZM-T30,15-Apr-11,Truck,Adult,60,0.26,SCMS from RDC,N/A - From RDC,2556
52175,ASN-5472,Generic,South Africa,14-Oct-09,14-Oct-09,1mg/ml,Oral solution,Yes,Freight Included in Commodity Cost,Direct Drop,"Stavudine 1mg/ml, powder for oral solution, 200 ml",8.37,1700,4270.78,PMO - US,"Aurobindo Unit III, India",Stavudine,2.51,08-03-09,SCMS-50940,FPQ-3560,05-07-09,ARV,116-ZA-T30,08-Oct-09,Truck,Pediatric,200,0.01,S. BUYS WHOLESALER,DDP,Weight Captured Separately
10702,DN-700,Truvada,Zambia,08-May-08,08-May-08,300/200mg,Tablet - FDC,Yes,1910.61,From RDC,"Emtricitabine/Tenofovir Disoproxil Fumarate 200/300mg [Truvada], tablets, 30 Tabs",1812.47,43154,1132792.5,PMO - US,"Aspen-OSD, Port Elizabeth, SA",Emtricitabine/Tenofovir Disoproxil Fumarate,26.25,N/A - From RDC,SO-1887,Pre-PQ Process,Pre-PQ Process,ARV,110-ZM-T01,08-May-08,MIssing,Adult,30,0.88,SCMS from RDC,N/A - From RDC,3788
82623,DN-3433,Generic,CÃte dIvoire,10-Dec-13,08-Jan-14,10mg/ml,Oral solution,Yes,9378.14,From RDC,"Lamivudine 10mg/ml, oral solution w/syringe, Bottle, 240 ml",19.73,11000,15950.0,PMO - US,"Aurobindo Unit III, India",Lamivudine,1.45,N/A - From RDC,SO-46321,FPQ-12712,7/30/13,ARV,104-CI-T30,10-Dec-13,Truck,Pediatric,240,0.01,SCMS from RDC,N/A - From RDC,3930
12851,DN-1152,Generic,CÃte dIvoire,30-Apr-09,30-Apr-09,300mg,Tablet,No,See DN-1152 (ID#:11010),From RDC,"Tenofovir Disoproxil Fumarate 300mg, tablets, 30 Tabs",57.26,2200,29216.0,PMO - US,Mylan (formerly Matrix) Nashik,Tenofovir Disoproxil Fumarate,13.28,N/A - From RDC,SO-21880,Pre-PQ Process,Pre-PQ Process,ARV,104-CI-T01,30-Apr-09,Air,Adult,30,0.44,SCMS from RDC,N/A - From RDC,See DN-1152 (ID#:11010)
82539,DN-2981,Generic,"Congo, DRC",11-Sep-13,11-Sep-13,600/300/300mg,Tablet - FDC,No,See DN-2981 (ID#:82538),From RDC,"Efavirenz/Lamivudine/Tenofovir Disoproxil Fumarate 600/300/300mg, tablets, 30 Tabs",44.22,2952,35748.72,PMO - US,Mylan (formerly Matrix) Nashik,Efavirenz/Lamivudine/Tenofovir Disoproxil Fumarate,12.11,N/A - From RDC,SO-43680,FPQ-11054,11/16/12,ARV,101-CD-T30,11-Sep-13,Air,Adult,30,0.4,SCMS from RDC,N/A - From RDC,See DN-2981 (ID#:82538)
53958,ASN-29597,Generic,South Africa,28-Nov-14,28-Nov-14,200/300mg,Tablet - FDC,No,Freight Included in Commodity Cost,Direct Drop,"Emtricitabine/Tenofovir Disoproxil Fumarate 200/300mg, tablets, 30 Tabs",0.25,11,240.14,PMO - US,"Aurobindo Unit III, India",Emtricitabine/Tenofovir Disoproxil Fumarate,21.83,11/28/14,SCMS-259071,FPQ-14942,09-11-14,ARV,116-ZA-T30,28-Nov-14,Truck,Adult,30,0.73,PHARMACY DIRECT,DDP,Weight Captured Separately
12257,DN-960,Generic,Nigeria,30-Oct-08,30-Oct-08,300mg,Tablet,No,See DN-960 (ID#:11945),From RDC,"Zidovudine 300mg, tablets, 60 Tabs",90.11,5641,45974.15,PMO - US,"Aurobindo Unit III, India",Zidovudine,8.15,N/A - From RDC,SO-2554,Pre-PQ Process,Pre-PQ Process,ARV,123-NG-T01,30-Oct-08,Air,Adult,60,0.14,SCMS from RDC,N/A - From RDC,See DN-960 (ID#:11945)
76505,ASN-26977,Generic,Haiti,20-Oct-14,24-Oct-14,600mg,Tablet,Yes,Invoiced Separately,Direct Drop,"Efavirenz 600mg, tablets, 30 Tabs",9.99,3260,9714.8,PMO - US,"Micro labs, Verna, Goa, India",Efavirenz,2.98,4/28/14,SCMS-234000,FPQ-13797,3/20/14,ARV,106-HT-T30,20-Oct-14,Ocean,Adult,30,0.1,MICRO LABS LIMITED,EXW,Weight Captured Separately
82709,DN-3843,Generic,"Congo, DRC",24-Sep-14,06-Nov-14,200/50mg,Tablet,No,See DN-3843 (ID#:82707),From RDC,"Lopinavir/Ritonavir 200/50mg, tablets, 120 Tabs",34.99,1727,34039.17,PMO - US,Mylan (formerly Matrix) Nashik,Lopinavir/Ritonavir,19.71,N/A - From RDC,SO-48850,FPQ-14252,05-07-14,ARV,101-CD-T30,13-Aug-14,Air,Adult,120,0.16,SCMS from RDC,N/A - From RDC,See DN-3843 (ID#:82707)
58642,ASN-13348,Uni-Gold,Sudan,07-Feb-12,07-Feb-12,MIssing,Test kit,Yes,644.02,Direct Drop,"HIV 1/2, Uni-Gold HIV Kit, 20 Tests",3.06,58,1856.0,PMO - US,"Trinity Biotech, Plc","HIV 1/2, Uni-Gold HIV Kit",32.0,09-07-11,SCMS-120471,FPQ-8261,8/29/11,HRDT,102-SD-T30,07-Feb-12,Air,HIV test,20,1.6,"Trinity Biotech, Plc",EXW,20
85851,DN-2614,Generic,Zambia,16-Apr-12,16-Apr-12,300mg,Tablet,Yes,8510.82,From RDC,"Abacavir 300mg, tablets, 60 Tabs",307.67,15000,219450.0,PMO - US,"Aurobindo Unit III, India",Abacavir,14.63,N/A - From RDC,SO-41123,FPQ-8759,11-06-11,ARV,110-ZM-T30,27-Apr-12,Truck,Adult,60,0.24,SCMS from RDC,N/A - From RDC,1485
43600,ASN-24398,Generic,Vietnam,23-Apr-14,23-Apr-14,300mg,Tablet,No,See ASN-24398 (ID#:18664),Direct Drop,"Tenofovir Disoproxil Fumarate 300mg, tablets, 30 Tabs",54.09,12317,43725.35,PMO - US,Hetero Unit III Hyderabad IN,Tenofovir Disoproxil Fumarate,3.55,10-10-13,SCMS-210150,FPQ-13034,10-04-13,ARV,108-VN-T30,23-Apr-14,Air,Adult,30,0.12,HETERO LABS LIMITED,EXW,See ASN-24398 (ID#:18664)
85939,DN-3021,Generic,CÃte dIvoire,28-Feb-13,28-Feb-13,300mg,Tablet,No,See DN-3021 (ID#:82544),From RDC,"Tenofovir Disoproxil Fumarate 300mg, tablets, 30 Tabs",32.85,5800,23432.0,PMO - US,Mylan (formerly Matrix) Nashik,Tenofovir Disoproxil Fumarate,4.04,N/A - From RDC,SO-43300,FPQ-10626,09-06-12,ARV,104-CI-T30,28-Mar-13,Truck,Adult,30,0.13,SCMS from RDC,N/A - From RDC,See DN-3021 (ID#:82544)
85694,DN-1956,Generic,Nigeria,17-Aug-10,17-Aug-10,150/300/200mg,Tablet - FDC,Yes,6147.18,From RDC,"Lamivudine/Nevirapine/Zidovudine 150/200/300mg, tablets, 60 Tabs",1332.16,55070,617885.4,PMO - US,"Aurobindo Unit III, India",Lamivudine/Nevirapine/Zidovudine,11.22,N/A - From RDC,SO-36437,FPQ-5023,02-10-10,ARV,151-NG-T30,16-Aug-10,Air Charter,Adult,60,0.19,SCMS from RDC,N/A - From RDC,7253
11684,DN-1436,Generic,Nigeria,20-Oct-09,20-Oct-09,150/300/200mg,Tablet - FDC,Yes,9341.49,From RDC,"Lamivudine/Nevirapine/Zidovudine 150/200/300mg, tablets, 60 Tabs",113.06,5060,57684.0,PMO - US,"Aurobindo Unit III, India",Lamivudine/Nevirapine/Zidovudine,11.4,N/A - From RDC,SO-33335,Pre-PQ Process,Date Not Captured,ARV,151-NG-T01,20-Oct-09,Air Charter,Adult,60,0.19,SCMS from RDC,N/A - From RDC,570
76559,ASN-17807,Generic,Vietnam,01-Feb-13,01-Feb-13,30/60mg,Tablet - FDC,Yes,1143.04,Direct Drop,"Lamivudine/Zidovudine 30/60mg, tablets, 60 Tabs",6.2,1966,4423.5,PMO - US,Mylan (formerly Matrix) Nashik,Lamivudine/Zidovudine,2.25,8/14/12,SCMS-156272,FPQ-10286,7/25/12,ARV,108-VN-T30,01-Feb-13,Air,Pediatric,60,0.04,MYLAN LABORATORIES LTD (FORMERLY MATRIX LABORATORIES),EXW,91
45327,ASN-29183,Generic,Namibia,25-Nov-14,26-Nov-14,600/200/300mg,Tablet - FDC,No,See ASN-29183 (ID#:31368),Direct Drop,"Efavirenz/Emtricitabine/Tenofovir Disoproxil Fumarate 600/200/300mg, tablets, 30 Tabs",190.41,17640,185220.0,PMO - US,"Mylan,  H-12 & H-13, India",Efavirenz/Emtricitabine/Tenofovir Disoproxil Fumarate,10.5,8/19/14,SCMS-252630,FPQ-14728,7/30/14,ARV,901-NA-T30,25-Nov-14,Air,Adult,30,0.35,MYLAN LABORATORIES LTD (FORMERLY MATRIX LABORATORIES),EXW,See ASN-29183 (ID#:31368)
82665,DN-3632,Generic,CÃte dIvoire,25-Apr-14,11-Jun-14,300/300mg,Tablet - FDC,Yes,33073.6,From RDC,"Lamivudine/Tenofovir Disoproxil Fumarate 300/300mg, tablets, 30 Tabs",47.7,10000,46400.0,PMO - US,Hetero Unit III Hyderabad IN,Lamivudine/Tenofovir Disoproxil Fumarate,4.64,N/A - From RDC,SO-47131,FPQ-13142,10/22/13,ARV,104-CI-T30,30-Apr-14,Truck,Adult,30,0.15,SCMS from RDC,N/A - From RDC,8889
85097,DN-1698,Generic,Mozambique,14-Apr-10,14-Apr-10,150/300/200mg,Tablet - FDC,Yes,3423.26,From RDC,"Lamivudine/Nevirapine/Zidovudine 150/200/300mg, tablets, 60 Tabs",666.66,30315,340134.3,PMO - US,"Aurobindo Unit III, India",Lamivudine/Nevirapine/Zidovudine,11.22,N/A - From RDC,SO-35490,FPQ-4471,9/14/09,ARV,111-MZ-T30,17-May-10,Truck,Adult,60,0.19,SCMS from RDC,N/A - From RDC,3563
84786,DN-3001,Generic,Uganda,20-Feb-13,20-Feb-13,300mg,Tablet,No,See DN-3001 (ID#:83651),From RDC,"Tenofovir Disoproxil Fumarate 300mg, tablets, 30 Tabs",1.2,240,969.6,PMO - US,Mylan (formerly Matrix) Nashik,Tenofovir Disoproxil Fumarate,4.04,N/A - From RDC,SO-43961,FPQ-11143,12/13/12,ARV,114-UG-T30,22-Feb-13,Air,Adult,30,0.13,SCMS from RDC,N/A - From RDC,See DN-3001 (ID#:83651)
43906,ASN-31854,Generic,South Africa,28-Apr-15,28-Apr-15,20mg/ml,Oral solution,No,Freight Included in Commodity Cost,Direct Drop,"Abacavir 20mg/ml, oral solution, Bottle, 240 ml",0.4,16,392.16,PMO - US,"Aurobindo Unit III, India",Abacavir,24.51,4/28/15,SCMS-238556,FPQ-13973,4/30/14,ARV,116-ZA-T30,28-Apr-15,Truck,Pediatric,240,0.1,PHARMACY DIRECT,DDP,Weight Captured Separately
6913,ASN-1520,Norvir,South Africa,04-Jan-08,04-Jan-08,80mg/ml,Oral solution,No,Freight Included in Commodity Cost,Direct Drop,"Ritonavir 80mg/ml [Norvir], oral solution, cool, Bottle, 90 ml",0.04,3,27.69,PMO - US,ABBVIE (Abbott) France,Ritonavir,9.23,01-04-08,SCMS-16600,Pre-PQ Process,Pre-PQ Process,ARV,116-ZA-T01,21-Jan-08,MIssing,Pediatric,90,0.1,"JSI R&T INSTITUTE, INC.",DDP,Weight Captured Separately
21983,ASN-5933,Retrovir,South Africa,29-Dec-09,29-Dec-09,300mg,Tablet,No,Freight Included in Commodity Cost,Direct Drop,"Zidovudine 300mg [Retrovir], tablets, 60 Tabs",16.07,500,7451.43,PMO - US,GSK Ware (UK),Zidovudine,14.9,12/23/09,SCMS-60170,FPQ-4770,12/17/09,ARV,116-ZA-T30,29-Dec-09,Truck,Adult,60,0.25,S. BUYS WHOLESALER,DDP,Weight Captured Separately
41875,ASN-23875,Generic,South Africa,13-Jan-14,13-Jan-14,400mg,Delayed-release capsules,No,Freight Included in Commodity Cost,Direct Drop,"Didanosine 400mg, delayed-release capsules, 30 Caps",0.52,26,506.63,PMO - US,"Aurobindo Unit III, India",Didanosine,19.49,12-02-13,SCMS-215410,FPQ-13214,11/14/13,ARV,116-ZA-T30,13-Jan-14,Truck,Adult,30,0.65,S. BUYS WHOLESALER,DDP,Weight Captured Separately
12817,DN-1047,Generic,CÃte dIvoire,19-Jan-09,19-Jan-09,200mg,Tablet,No,See DN-1047 (ID#:12215),From RDC,"Nevirapine 200mg, tablets, 60 Tabs",25.72,4100,13120.0,PMO - US,"Aurobindo Unit III, India",Nevirapine,3.2,N/A - From RDC,SO-16210,Pre-PQ Process,Pre-PQ Process,ARV,104-CI-T01,19-Jan-09,Air,Adult,60,0.05,SCMS from RDC,N/A - From RDC,See DN-1047 (ID#:12215)
85027,DN-4230,Generic,Nigeria,15-Apr-15,20-Apr-15,30/50/60mg,Chewable/dispersible tablet - FDC,Yes,134,From RDC,"Lamivudine/Nevirapine/Zidovudine 30/50/60mg, dispersible tablets, 60 Tabs",3.38,912,3283.2,PMO - US,Mylan (formerly Matrix) Nashik,Lamivudine/Nevirapine/Zidovudine,3.6,N/A - From RDC,SO-49934,FPQ-14989,9/19/14,ARV,151-NG-T30,30-Jun-15,Air Charter,Pediatric,60,0.06,SCMS from RDC,N/A - From RDC,71
49378,ASN-5857,Uni-Gold,Zambia,03-Feb-10,03-Feb-10,MIssing,Test kit,Yes,17975.84,Direct Drop,"HIV 1/2, Uni-Gold HIV Kit, 20 Tests",344.96,5500,176000.0,PMO - US,"Trinity Biotech, Plc","HIV 1/2, Uni-Gold HIV Kit",32.0,09-11-09,SCMS-53260,FPQ-4141,8/31/09,HRDT,110-ZM-T30,03-Feb-10,Air,HIV test,20,1.6,"Trinity Biotech, Plc",EXW,1907
51440,ASN-22818,Determine,Zimbabwe,09-Dec-13,10-Dec-13,MIssing,Test kit,No,See ASN-22818 (ID#:39794),Direct Drop,"HIV 1/2, Determine Complete HIV Kit, 100 Tests",197.92,2000,160000.0,PMO - US,"Alere Medical Co., Ltd.","HIV 1/2, Determine Complete HIV Kit",80.0,10/18/13,SCMS-210170,FPQ-13032,9/24/13,HRDT,113-ZW-T30,09-Dec-13,Air,HIV test,100,0.8,"Orgenics, Ltd",EXW,See ASN-22818 (ID#:39794)
68641,ASN-27609,Isentress,South Africa,05-Aug-14,05-Aug-14,400mg,Tablet,No,Freight Included in Commodity Cost,Direct Drop,"Raltegravir 400mg [Isentress], tablets, 60 Tabs",3.29,40,3199.67,PMO - US,"MSD, Haarlem, NL",Raltegravir,79.99,08-05-14,SCMS-238552,FPQ-13973,4/30/14,ARV,116-ZA-T30,05-Aug-14,Truck,Adult,60,1.33,PHARMACY DIRECT,DDP,Weight Captured Separately
12599,DN-1342,Generic,Nigeria,04-Aug-09,04-Aug-09,150/300/200mg,Tablet - FDC,Yes,7445.8,From RDC,"Lamivudine/Nevirapine/Zidovudine 150/200/300mg, tablets, 60 Tabs",528.88,23670,269838.0,PMO - US,"Aurobindo Unit III, India",Lamivudine/Nevirapine/Zidovudine,11.4,N/A - From RDC,SO-32640,Pre-PQ Process,Date Not Captured,ARV,151-NG-T01,04-Aug-09,Air Charter,Adult,60,0.19,SCMS from RDC,N/A - From RDC,2666
10769,DN-1235,Generic,Ghana,12-Aug-09,12-Aug-09,300mg,Tablet,Yes,Invoiced Separately,From RDC,"Abacavir 300mg, tablets, 60 Tabs",0.12,6133,61.33,PMO - US,Mylan (formerly Matrix) Nashik,Abacavir,0.01,N/A - From RDC,SO-30700,Pre-PQ Process,Date Not Captured,ARV,100-GH-T01,12-Aug-09,Truck,Adult,60,0.0,SCMS from RDC,N/A - From RDC,Weight Captured Separately
85292,DN-2804,Generic,Zimbabwe,04-Sep-12,04-Sep-12,600mg,Tablet,No,See DN-2804 (ID#:82499),From RDC,"Efavirenz 600mg, tablets, 30 Tabs",109.52,17422,66377.82,PMO - US,"Emcure Plot No.P-2, I.T-B.T. Park, Phase II, MIDC, Hinjwadi, Pune, India",Efavirenz,3.81,N/A - From RDC,SO-40900,FPQ-8464,10-04-11,ARV,113-ZW-T30,11-Dec-12,Truck,Adult,30,0.13,SCMS from RDC,N/A - From RDC,See DN-2804 (ID#:82499)
86588,DN-3252,Generic,Nigeria,30-Jul-13,30-Jul-13,30/50/60mg,Chewable/dispersible tablet - FDC,Yes,Freight Included in Commodity Cost,From RDC,"Lamivudine/Nevirapine/Zidovudine 30/50/60mg, dispersible tablets, 60 Tabs",198.69,38705,160625.75,PMO - US,Mylan (formerly Matrix) Nashik,Lamivudine/Nevirapine/Zidovudine,4.15,N/A - From RDC,SO-44758,FPQ-11771,2/28/13,ARV,151-NG-T30,21-Aug-13,Air Charter,Pediatric,60,0.07,SCMS from RDC,N/A - From RDC,2352
33296,ASN-10338,Prezista,Uganda,29-Mar-11,29-Mar-11,300mg,Tablet,Yes,171,Direct Drop,"Darunavir 300mg [Prezista], tablets, 120 Tabs",14.49,95,8780.85,PMO - US,"Aspen-OSD, Port Elizabeth, SA",Darunavir,92.43,1/21/11,SCMS-96910,FPQ-6918,01-06-11,ARV,114-UG-T30,29-Mar-11,Air,Adult,120,0.77,ASPEN PHARMACARE,DDP,14
71606,ASN-32138,Generic,South Africa,12-May-15,12-May-15,200mg,Capsule,No,Freight Included in Commodity Cost,Direct Drop,"Efavirenz 200mg, capsule, 90 Caps",0.05,3,51.13,PMO - US,"Aurobindo Unit III, India",Efavirenz,17.04,05-11-15,SCMS-259075,FPQ-14942,09-11-14,ARV,116-ZA-T30,12-May-15,Truck,Pediatric,90,0.19,PHARMACY DIRECT,DDP,Weight Captured Separately
12351,DN-153,Generic,Mozambique,08-Jun-07,08-Jun-07,10mg/ml,Oral solution,Yes,Freight Included in Commodity Cost,From RDC,"Zidovudine 10mg/ml, oral solution, Bottle, 240 ml",MIssing,8100,31995.0,PMO - US,"Aurobindo Unit III, India",Zidovudine,3.95,N/A - From RDC,SO-544,Pre-PQ Process,Pre-PQ Process,ARV,111-MZ-T01,08-Jun-07,Air,Pediatric,240,0.02,SCMS from RDC,N/A - From RDC,2952
7638,ASN-3694,Aluvia,Tanzania,27-May-09,27-May-09,200/50mg,Tablet,Yes,12815.42,Direct Drop,"Lopinavir/Ritonavir 200/50mg [Aluvia], tablets, 120 Tabs",1011.78,12560,516216.0,PMO - US,ABBVIE Ludwigshafen Germany,Lopinavir/Ritonavir,41.1,02-05-09,SCMS-38400,Pre-PQ Process,Pre-PQ Process,ARV,109-TZ-T01,27-May-09,Air,Adult,120,0.34,ABBVIE LOGISTICS (FORMERLY ABBOTT LOGISTICS BV),FCA,3073
83666,DN-3060,Generic,Guyana,15-Mar-13,15-Mar-13,300mg,Tablet,No,See DN-3060 (ID#:83121),From RDC,"Abacavir 300mg, tablets, 60 Tabs",2.92,182,2358.72,PMO - US,Mylan (formerly Matrix) Nashik,Abacavir,12.96,N/A - From RDC,SO-44520,FPQ-11546,1/28/13,ARV,105-GY-T30,18-Apr-13,Air,Adult,60,0.22,SCMS from RDC,N/A - From RDC,See DN-3060 (ID#:83121)
62990,ASN-17672,Generic,Vietnam,29-Jan-13,29-Jan-13,10mg/ml,Oral solution,No,See ASN-17672 (ID#:15352),Direct Drop,"Zidovudine 10mg/ml, oral solution w/syringe, Bottle, 240 ml",1.8,691,1451.1,PMO - US,"Aurobindo Unit III, India",Zidovudine,2.1,11-09-12,SCMS-166120,FPQ-10811,10/15/12,ARV,108-VN-T30,29-Jan-13,Air,Pediatric,240,0.01,Aurobindo Pharma Limited,EXW,See ASN-17672 (ID#:15352)
85664,DN-1712,Generic,Nigeria,31-Mar-10,31-Mar-10,600mg,Tablet,Yes,Freight Included in Commodity Cost,From RDC,"Efavirenz 600mg, tablets, 30 Tabs",8.31,751,3852.63,PMO - US,"Aurobindo Unit III, India",Efavirenz,5.13,N/A - From RDC,SO-34919,FPQ-4537,11-06-09,ARV,151-NG-T30,19-Apr-10,Air Charter,Adult,30,0.17,SCMS from RDC,N/A - From RDC,65
82744,DN-3954,Generic,"Congo, DRC",14-Apr-15,14-Apr-15,30/50/60mg,Chewable/dispersible tablet - FDC,No,See DN-3954 (ID#:82743),From RDC,"Lamivudine/Nevirapine/Zidovudine 30/50/60mg, dispersible tablets, 60 Tabs",3.57,965,3474.0,PMO - US,"Cipla, Goa, India",Lamivudine/Nevirapine/Zidovudine,3.6,N/A - From RDC,SO-49310,FPQ-14576,7/14/14,ARV,101-CD-T30,14-Apr-15,Air,Pediatric,60,0.06,SCMS from RDC,N/A - From RDC,See DN-3954 (ID#:82743)
11918,DN-942,Generic,Haiti,10-Oct-08,10-Oct-08,10mg/ml,Oral solution,Yes,11836.61,From RDC,"Zidovudine 10mg/ml, oral solution, Bottle, 240 ml",8.78,2613,5487.3,PMO - US,"Aurobindo Unit III, India",Zidovudine,2.1,N/A - From RDC,SO-12162,Pre-PQ Process,Pre-PQ Process,ARV,106-HT-T01,10-Oct-08,Air,Pediatric,240,0.01,SCMS from RDC,N/A - From RDC,979
1295,ASN-229,Aluvia,Mozambique,15-Feb-07,15-Feb-07,200/50mg,Tablet,Yes,Freight Included in Commodity Cost,Direct Drop,"Lopinavir/Ritonavir 200/50mg [Aluvia], tablets, 120 Tabs",MIssing,80,3288.0,PMO - US,ABBSP,Lopinavir/Ritonavir,41.1,11/17/06,SCMS-211,Pre-PQ Process,Pre-PQ Process,ARV,111-MZ-T01,15-Feb-07,Air,Adult,120,0.34,ABBVIE LOGISTICS (FORMERLY ABBOTT LOGISTICS BV),CIP,25
86025,DN-3445,Aluvia,Rwanda,11-Dec-13,09-Jan-14,200/50mg,Tablet,Yes,33986.07,From RDC,"Lopinavir/Ritonavir 200/50mg [Aluvia], tablets, 120 Tabs",279.96,11193,226322.46,PMO - US,ABBVIE Ludwigshafen Germany,Lopinavir/Ritonavir,20.22,N/A - From RDC,SO-46481,FPQ-12766,08-02-13,ARV,107-RW-T30,17-Dec-13,Truck,Adult,120,0.17,SCMS from RDC,N/A - From RDC,2518
37496,ASN-25195,Uni-Gold,Mozambique,13-Jun-14,13-Jun-14,MIssing,Test kit,Yes,1088.93,Direct Drop,"HIV 1/2, Uni-Gold HIV Kit, 20 Tests",9.41,286,9152.0,PMO - US,"Trinity Biotech, Plc","HIV 1/2, Uni-Gold HIV Kit",32.0,2/28/14,SCMS-229680,FPQ-13775,2/21/14,HRDT,111-MZ-T30,13-Jun-14,Air,HIV test,20,1.6,"Trinity Biotech, Plc",EXW,88
83410,DN-1734,Generic,Nigeria,31-Mar-10,31-Mar-10,150mg,Tablet,Yes,Freight Included in Commodity Cost,From RDC,"Lamivudine 150mg, tablets, 60 Tabs",46.4,8820,21520.8,PMO - US,"Aurobindo Unit III, India",Lamivudine,2.44,N/A - From RDC,SO-35030,FPQ-4537,11-06-09,ARV,151-NG-T30,19-Apr-10,Air Charter,Adult,60,0.04,SCMS from RDC,N/A - From RDC,420
84800,DN-3069,Generic,Uganda,25-Apr-13,25-Apr-13,200mg,Tablet,No,See DN-3069 (ID#:83124),From RDC,"Nevirapine 200mg, tablets, 60 Tabs",3.57,1276,2883.76,PMO - US,Hetero Unit III Hyderabad IN,Nevirapine,2.26,N/A - From RDC,SO-43941,FPQ-11143,12/13/12,ARV,114-UG-T30,25-Apr-13,Air,Adult,60,0.04,SCMS from RDC,N/A - From RDC,See DN-3069 (ID#:83124)
13959,ASN-28530,Generic,Zambia,01-Dec-14,10-Dec-14,30/60mg,Chewable/dispersible tablet - FDC,Yes,4316.34,Direct Drop,"Lamivudine/Zidovudine 30/60mg, dispersible tablets, 60 Tabs",20.46,10000,19900.0,PMO - US,"Mylan,  H-12 & H-13, India",Lamivudine/Zidovudine,1.99,06-04-14,SCMS-242720,FPQ-14291,5/21/14,ARV,110-ZM-T30,01-Dec-14,Air,Pediatric,60,0.03,MYLAN LABORATORIES LTD (FORMERLY MATRIX LABORATORIES),EXW,849
83137,DN-3139,Generic,Nigeria,03-May-13,03-May-13,150/300mg,Tablet - FDC,Yes,14547.55,From RDC,"Lamivudine/Zidovudine 150/300mg, tablets, 60 Tabs",649.42,75000,525000.0,PMO - US,"Aurobindo Unit III, India",Lamivudine/Zidovudine,7.0,N/A - From RDC,SO-43844,FPQ-11022,11/15/12,ARV,151-NG-T30,21-May-13,Air Charter,Adult,60,0.12,SCMS from RDC,N/A - From RDC,7515
10710,DN-1045,Generic,Nigeria,19-Jan-09,19-Jan-09,30mg,Capsule,Yes,7363.73,From RDC,"Stavudine 30mg, capsules, 60 Caps",2.61,858,1329.9,PMO - US,"Aurobindo Unit III, India",Stavudine,1.55,N/A - From RDC,SO-19071,Pre-PQ Process,Pre-PQ Process,ARV,123-NG-T01,19-Jan-09,Truck,Adult,60,0.03,SCMS from RDC,N/A - From RDC,58
12672,DN-266,First Response,Rwanda,02-Aug-07,02-Aug-07,MIssing,Test kit,Yes,4465.1,From RDC,"HIV 1/2/O, First Response HIV 1-2.0, v.3.0 Cards Kit, 30 Tests",53.7,2034,33561.0,PMO - US,Premier Med. Corp Ltd. India,"HIV 1/2/O, First Response HIV 1-2.0, v.3.0 Cards Kit",16.5,N/A - From RDC,SO-824,Pre-PQ Process,Pre-PQ Process,HRDT,107-RW-T01,02-Aug-07,Air,HIV test,30,0.55,SCMS from RDC,N/A - From RDC,768
28992,ASN-17004,Generic,Rwanda,29-Nov-12,29-Nov-12,400mg,Delayed-release capsules,Yes,2004.44,Direct Drop,"Didanosine 400mg, delayed-release capsules, 30 Caps",47.11,1680,33600.0,PMO - US,"Aurobindo Unit III, India",Didanosine,20.0,10/16/12,SCMS-162520,FPQ-10752,10-03-12,ARV,107-RW-T30,29-Nov-12,Air,Adult,30,0.67,Aurobindo Pharma Limited,EXW,131
86720,DN-3867,Generic,Tanzania,29-Sep-14,06-Oct-14,30/50/60mg,Chewable/dispersible tablet - FDC,No,See DN-3867 (ID#:84968),From RDC,"Lamivudine/Nevirapine/Zidovudine 30/50/60mg, dispersible tablets, 60 Tabs",194.44,42141,157185.93,PMO - US,Mylan (formerly Matrix) Nashik,Lamivudine/Nevirapine/Zidovudine,3.73,N/A - From RDC,SO-46674,FPQ-13042,10-01-13,ARV,109-TZ-T30,29-Aug-14,Truck,Pediatric,60,0.06,SCMS from RDC,N/A - From RDC,See DN-3867 (ID#:84968)
11737,DN-249,Uni-Gold,Angola,15-Oct-07,15-Oct-07,MIssing,Test kit,Yes,952.04,From RDC,"HIV 1/2, Uni-Gold HIV Kit, 20 Tests",7.68,150,4800.0,PMO - US,"Trinity Biotech, Plc","HIV 1/2, Uni-Gold HIV Kit",32.0,N/A - From RDC,SO-779,Pre-PQ Process,Pre-PQ Process,HRDT,120-AO-T01,15-Oct-07,Truck,HIV test,20,1.6,SCMS from RDC,N/A - From RDC,54
74135,ASN-12033,Generic,South Africa,18-Nov-11,18-Nov-11,300mg,Tablet,Yes,Freight Included in Commodity Cost,Direct Drop,"Tenofovir Disoproxil Fumarate 300mg, tablets, 30 Tabs",548.53,51382,332441.54,PMO - US,"Cipla, Goa, India",Tenofovir Disoproxil Fumarate,6.47,3/28/11,SCMS-104020,FPQ-7175,03-10-11,ARV,161-ZA-T30,14-Jul-11,Ocean,Adult,30,0.22,CIPLA LIMITED,DDP,Weight Captured Separately
57780,ASN-5257,Trizivir,Mozambique,29-Oct-09,29-Oct-09,300/150/300mg,Tablet - FDC,Yes,Freight Included in Commodity Cost,Direct Drop,"Abacavir/Lamivudine/Zidovudine 300/150/300mg [Trizivir], tablets, 60 Tabs",176.44,1676,90017.96,PMO - US,GSK Ware (UK),Abacavir/Lamivudine/Zidovudine,53.71,5/13/09,SCMS-45690,FPQ-3588,3/25/09,ARV,111-MZ-T30,29-Oct-09,Air,Adult,60,0.9,GLAXOSMITHKLINE EXPORT LIMITED,CIP,249
65381,ASN-18803,Kaletra,Zimbabwe,25-Apr-13,25-Apr-13,80/20mg/ml,Oral solution,Yes,9299.26,Direct Drop,"Lopinavir/Ritonavir 80/20mg/ml [Kaletra], oral solution, cool, Bottle 5 x 60 ml",64.81,1500,46230.0,PMO - US,ABBVIE (Abbott) Logis. UK,Lopinavir/Ritonavir,30.82,7/18/12,SCMS-149110,FPQ-9905,5/29/12,ARV,103-ZW-T30,25-Apr-13,Air,Pediatric,300,0.1,ABBVIE LOGISTICS (FORMERLY ABBOTT LOGISTICS BV),FCA,1374
960,ASN-3562,Generic,Vietnam,10-Apr-09,10-Apr-09,150/300mg,Tablet - FDC,Yes,12835.2,Direct Drop,"Lamivudine/Zidovudine 150/300mg, tablets, 60 Tabs",100.65,5964,51350.04,PMO - US,"Aurobindo Unit III, India",Lamivudine/Zidovudine,8.61,1/16/09,SCMS-37170,Pre-PQ Process,Pre-PQ Process,ARV,108-VN-T01,10-Apr-09,Air,Adult,60,0.14,Aurobindo Pharma Limited,EXW,3509
10956,DN-625,Truvada,Zambia,28-Mar-08,28-Mar-08,300/200mg,Tablet - FDC,Yes,35246.5,From RDC,"Emtricitabine/Tenofovir Disoproxil Fumarate 200/300mg [Truvada], tablets, 30 Tabs",1140.55,27156,712845.0,PMO - US,"Aspen-OSD, Port Elizabeth, SA",Emtricitabine/Tenofovir Disoproxil Fumarate,26.25,N/A - From RDC,SO-1806,Pre-PQ Process,Pre-PQ Process,ARV,110-ZM-T01,28-Mar-08,MIssing,Adult,30,0.88,SCMS from RDC,N/A - From RDC,9344
10843,DN-270,Generic,Zambia,07-Aug-07,07-Aug-07,200mg,Tablet,Yes,37695.46,From RDC,"Nevirapine 200mg, tablets, 60 Tabs",301.96,52865,188728.05,PMO - US,"Aurobindo Unit III, India",Nevirapine,3.57,N/A - From RDC,SO-314,Pre-PQ Process,Pre-PQ Process,ARV,110-ZM-T01,07-Aug-07,MIssing,Adult,60,0.06,SCMS from RDC,N/A - From RDC,9182
10819,DN-133,Bioline,Tanzania,31-May-07,31-May-07,MIssing,Test kit,Yes,12740.42,From RDC,"HIV 1/2, Bioline 3.0 Kit, Lancets, Capillary pipets, Alcohol swabs included, 25 Tests",MIssing,8009,160180.0,PMO - US,"Standard Diagnostics, Korea","HIV 1/2, Bioline 3.0 Kit, Lancets, Capillary pipets, Alcohol swabs included",20.0,N/A - From RDC,SO-420,Pre-PQ Process,Pre-PQ Process,HRDT,109-TZ-T01,31-May-07,Air,HIV test,25,0.8,SCMS from RDC,N/A - From RDC,Weight Captured Separately
70813,ASN-17077,Generic,Vietnam,10-Dec-12,10-Dec-12,10mg/ml,Oral suspension,No,See ASN-17077 (ID#:37031),Direct Drop,"Nevirapine 10mg/ml, oral suspension w/syringe, Bottle, 240 ml",1.19,436,850.2,PMO - US,"Aurobindo Unit III, India",Nevirapine,1.95,8/14/12,SCMS-156140,FPQ-10287,7/25/12,ARV,108-VN-T30,10-Dec-12,Air,Pediatric,240,0.01,Aurobindo Pharma Limited,EXW,See ASN-17077 (ID#:37031)
83491,DN-2138,Generic,CÃte dIvoire,29-Mar-11,29-Mar-11,200mg,Capsule,Yes,17941.47,From RDC,"Efavirenz 200mg, capsule, 90 Caps",51.08,2440,23692.4,PMO - US,"Aurobindo Unit III, India",Efavirenz,9.71,N/A - From RDC,SO-38480,FPQ-6144,08-03-10,ARV,104-CI-T30,15-Mar-11,Air,Pediatric,90,0.11,SCMS from RDC,N/A - From RDC,2325
86274,DN-1667,Generic,Haiti,03-Mar-10,03-Mar-10,150mg,Tablet,No,See DN-1667 (ID#:82861),From RDC,"Lamivudine 150mg, tablets, 60 Tabs",41.66,7920,19324.8,PMO - US,"Aurobindo Unit III, India",Lamivudine,2.44,N/A - From RDC,SO-35920,FPQ-4384,10/23/09,ARV,106-HT-T30,10-Mar-10,Air,Adult,60,0.04,SCMS from RDC,N/A - From RDC,See DN-1667 (ID#:82861)
85185,DN-2195,Generic,Zimbabwe,09-Jun-11,09-Jun-11,200mg,Tablet,Yes,2494.56,From RDC,"Nevirapine 200mg, tablets, 60 Tabs",49.1,9073,22773.23,PMO - US,"Strides, Bangalore, India.",Nevirapine,2.51,N/A - From RDC,SO-39350,FPQ-6470,10/13/10,ARV,113-ZW-T30,31-May-11,Truck,Adult,60,0.04,SCMS from RDC,N/A - From RDC,521
53981,ASN-19166,Ziagen,South Africa,16-Apr-13,16-Apr-13,20mg/ml,Oral solution,No,Freight Included in Commodity Cost,Direct Drop,"Abacavir 20mg/ml [Ziagen], oral solution, Bottle, 240 ml",9.66,220,7811.75,South Africa Field Office,GSK Mississauga (Canada),Abacavir,35.51,Date Not Captured,SCMS-183950,FPQ-11828,3/18/13,ARV,116-ZA-T30,16-Apr-13,Truck,Pediatric,240,0.15,S. BUYS WHOLESALER,DDP,Weight Captured Separately
86486,DN-2709,Generic,Nigeria,03-Jun-12,03-Jun-12,150/300/200mg,Tablet - FDC,No,See DN-2709 (ID#:83049),From RDC,"Lamivudine/Nevirapine/Zidovudine 150/200/300mg, tablets, 60 Tabs",616.88,40000,440000.0,PMO - US,"Aurobindo Unit III, India",Lamivudine/Nevirapine/Zidovudine,11.0,N/A - From RDC,SO-42335,FPQ-9432,03-01-12,ARV,151-NG-T30,02-Aug-12,Air Charter,Adult,60,0.18,SCMS from RDC,N/A - From RDC,See DN-2709 (ID#:83049)
1115,ASN-4332,Generic,South Africa,23-Apr-09,23-Apr-09,300mg,Tablet,Yes,3134.85,Direct Drop,"Zidovudine 300mg, tablets, 60 Tabs",38.75,1000,19770.0,PMO - US,"Aurobindo Unit III, India",Zidovudine,19.77,04-02-09,SCMS-47500,Pre-PQ Process,Pre-PQ Process,ARV,116-ZA-T01,15-May-09,Truck,Adult,60,0.33,S. BUYS WHOLESALER,DDP,Weight Captured Separately
25343,ASN-16935,Uni-Gold,Guyana,07-Nov-12,07-Nov-12,MIssing,Test kit,Yes,2115.21,Direct Drop,"HIV 1/2, Uni-Gold HIV Kit, 20 Tests",20.68,461,14752.0,PMO - US,"Trinity Biotech, Plc","HIV 1/2, Uni-Gold HIV Kit",32.0,7/26/12,SCMS-153850,FPQ-10249,07-05-12,HRDT,105-GY-T30,07-Nov-12,Air,HIV test,20,1.6,"Trinity Biotech, Plc",EXW,149
82569,DN-3118,Generic,Burundi,23-May-13,23-May-13,150/300/200mg,Tablet - FDC,Yes,3763.2,From RDC,"Lamivudine/Nevirapine/Zidovudine 150/200/300mg, tablets, 60 Tabs",23.43,2208,18944.64,PMO - US,Hetero Unit III Hyderabad IN,Lamivudine/Nevirapine/Zidovudine,8.58,N/A - From RDC,SO-44670,FPQ-11661,2/20/13,ARV,102-BI-T30,31-May-13,Air,Adult,60,0.14,SCMS from RDC,N/A - From RDC,652
83548,DN-2463,Generic,Nigeria,18-Dec-11,18-Dec-11,150/300mg,Tablet - FDC,Yes,15322.73,From RDC,"Lamivudine/Zidovudine 150/300mg, tablets, 60 Tabs",1170.99,85919,709690.94,PMO - US,"Aurobindo Unit III, India",Lamivudine/Zidovudine,8.26,N/A - From RDC,SO-40655,FPQ-8364,8/29/11,ARV,151-NG-T30,02-Mar-12,Air Charter,Adult,60,0.14,SCMS from RDC,N/A - From RDC,8754
84475,DN-4283,Generic,"Congo, DRC",07-Aug-15,27-Aug-15,150/300/200mg,Tablet - FDC,No,See DN-4283 (ID#:83912),From RDC,"Lamivudine/Nevirapine/Zidovudine 150/200/300mg, tablets, 60 Tabs",130.2,14329,110619.88,PMO - US,Hetero Unit III Hyderabad IN,Lamivudine/Nevirapine/Zidovudine,7.72,N/A - From RDC,SO-51260,FPQ-16158,3/31/15,ARV,101-CD-T30,08-Jul-15,Air,Adult,60,0.13,SCMS from RDC,N/A - From RDC,See DN-4283 (ID#:83912)
12354,DN-209,Generic,Nigeria,03-Jul-07,03-Jul-07,200mg,Tablet,No,See DN-209 (ID#:11136),From RDC,"Nevirapine 200mg, tablets, 60 Tabs",3.07,538,1920.66,PMO - US,"Aurobindo Unit III, India",Nevirapine,3.57,N/A - From RDC,SO-563,Pre-PQ Process,Pre-PQ Process,ARV,112-NG-T01,03-Jul-07,MIssing,Adult,60,0.06,SCMS from RDC,N/A - From RDC,See DN-209 (ID#:11136)
85110,DN-1816,Generic,Uganda,03-May-10,03-May-10,150/300/200mg,Tablet - FDC,Yes,14467.75,From RDC,"Lamivudine/Nevirapine/Zidovudine 150/200/300mg, tablets, 60 Tabs",411.24,17000,190740.0,PMO - US,Mylan (formerly Matrix) Nashik,Lamivudine/Nevirapine/Zidovudine,11.22,N/A - From RDC,SO-34981,FPQ-4496,10/28/09,ARV,114-UG-T30,03-May-10,Air,Adult,60,0.19,SCMS from RDC,N/A - From RDC,2156
86082,DN-3700,Generic,Tanzania,02-Aug-14,04-Aug-14,30/50/60mg,Chewable/dispersible tablet - FDC,Yes,5137.06,From RDC,"Lamivudine/Nevirapine/Zidovudine 30/50/60mg, dispersible tablets, 60 Tabs",57.01,14789,55458.75,PMO - US,Mylan (formerly Matrix) Nashik,Lamivudine/Nevirapine/Zidovudine,3.75,N/A - From RDC,SO-47662,FPQ-13566,1/15/14,ARV,109-TZ-T30,29-Jul-14,Truck,Pediatric,60,0.06,SCMS from RDC,N/A - From RDC,825
66792,ASN-7486,Generic,Vietnam,03-Aug-10,03-Aug-10,150mg,Tablet,Yes,8711.4,Direct Drop,"Lamivudine 150mg, tablets, 60 Tabs",219.19,43262,101665.7,PMO - US,"Strides, Bangalore, India.",Lamivudine,2.35,3/24/10,SCMS-68370,FPQ-5094,3/15/10,ARV,108-VN-T30,03-Aug-10,Air,Adult,60,0.04,STRIDES ARCOLAB LIMITED,EXW,2035
11472,DN-371,Generic,Zambia,21-Sep-07,21-Sep-07,1mg/ml,Oral solution,Yes,3094,From RDC,"Stavudine 1mg/ml, powder for oral solution, 200 ml",6.84,2950,4277.5,PMO - US,"Aurobindo Unit III, India",Stavudine,1.45,N/A - From RDC,SO-1073,Pre-PQ Process,Pre-PQ Process,ARV,110-ZM-T01,21-Sep-07,MIssing,Pediatric,200,0.01,SCMS from RDC,N/A - From RDC,267
12155,DN-445,Generic,Haiti,22-Jan-08,22-Jan-08,150mg,Tablet,No,See DN-445 (ID#:10640),From RDC,"Lamivudine 150mg, tablets, 60 Tabs",24.32,5000,15200.0,PMO - US,"Ranbaxy, Paonta Shahib, India",Lamivudine,3.04,N/A - From RDC,SO-1288,Pre-PQ Process,Pre-PQ Process,ARV,106-HT-T01,22-Jan-08,Air,Adult,60,0.05,SCMS from RDC,N/A - From RDC,See DN-445 (ID#:10640)
60818,ASN-13770,Norvir,Tanzania,09-Mar-12,09-Mar-12,100mg,Tablet,Yes,2383.65,Direct Drop,"Ritonavir 100mg [Norvir], film coated tablets, 60 Tabs",24.24,2145,14693.25,PMO - US,ABBVIE Ludwigshafen Germany,Ritonavir,6.85,6/22/11,SCMS-111650,FPQ-7680,06-06-11,ARV,109-TZ-T30,09-Mar-12,Air,Adult,60,0.11,ABBVIE LOGISTICS (FORMERLY ABBOTT LOGISTICS BV),FCA,309
74660,ASN-9435,Generic,Rwanda,11-Jan-11,11-Jan-11,600mg,Tablet,Yes,Freight Included in Commodity Cost,Direct Drop,"Efavirenz 600mg, tablets, 30 Tabs",13.03,1396,6044.68,PMO - US,Hetero Unit III Hyderabad IN,Efavirenz,4.33,9/27/10,SCMS-83370,FPQ-6186,8/13/10,ARV,107-RW-T30,11-Jan-11,Air,Adult,30,0.14,HETERO LABS LIMITED,CIP,Weight Captured Separately
82365,DN-2088,Generic,Ethiopia,12-Jan-11,12-Jan-11,10mg/ml,Oral solution,Yes,6770.6,From RDC,"Zidovudine 10mg/ml, oral solution, Bottle, 240 ml",10,3000,6060.0,PMO - US,"Aurobindo Unit III, India",Zidovudine,2.02,N/A - From RDC,SO-38290,FPQ-6980,01-04-11,ARV,117-ET-T30,21-Jan-11,Air,Pediatric,240,0.01,SCMS from RDC,N/A - From RDC,1190
28306,ASN-20649,Determine,South Sudan,13-Sep-13,13-Sep-13,MIssing,Test kit,Yes,1405.56,Direct Drop,"HIV 1/2, Determine Complete HIV Kit, 100 Tests",9.91,90,8010.0,PMO - US,"Alere Medical Co., Ltd.","HIV 1/2, Determine Complete HIV Kit",89.0,04-01-13,SCMS-181401,FPQ-11754,2/22/13,HRDT,105-SS-T30,13-Sep-13,Air,HIV test,100,0.89,"Orgenics, Ltd",EXW,39
54019,ASN-21891,Generic,Zambia,25-Feb-14,25-Feb-14,600/200/300mg,Tablet - FDC,Yes,54417.75,Direct Drop,"Efavirenz/Emtricitabine/Tenofovir Disoproxil Fumarate 600/200/300mg, tablets, 30 Tabs",1133.48,77654,916317.2,PMO - US,"Aurobindo Unit VII, IN",Efavirenz/Emtricitabine/Tenofovir Disoproxil Fumarate,11.8,8/19/13,SCMS-201860,FPQ-12546,6/27/13,ARV,100-ZM-T30,25-Feb-14,Ocean,Adult,30,0.39,Aurobindo Pharma Limited,EXW,8725
85431,DN-3483,Generic,Mozambique,10-Feb-14,17-Mar-14,150/300mg,Tablet - FDC,No,See DN-3483 (ID#:82633),From RDC,"Lamivudine/Zidovudine 150/300mg, tablets, 60 Tabs",287.65,34552,232534.96,PMO - US,"Cipla, Goa, India",Lamivudine/Zidovudine,6.73,N/A - From RDC,SO-45896,FPQ-12416,6/28/13,ARV,111-MZ-T30,31-Jan-14,Truck,Adult,60,0.11,SCMS from RDC,N/A - From RDC,See DN-3483 (ID#:82633)
60937,ASN-31166,Determine,Zambia,06-May-15,06-May-15,MIssing,Test kit,Yes,14493.3,Direct Drop,"HIV 1/2, Determine Complete HIV Kit, 100 Tests",261.69,3182,254560.0,PMO - US,"Alere Medical Co., Ltd.","HIV 1/2, Determine Complete HIV Kit",80.0,9/19/14,SCMS-256500,FPQ-14827,8/19/14,HRDT,110-ZM-T30,12-May-15,Air,HIV test,100,0.8,"Orgenics, Ltd",EXW,1290
10687,DN-646,Bioline,Kenya,27-Feb-08,27-Feb-08,MIssing,Test kit,Yes,98.08,From RDC,"HIV 1/2, Bioline 3.0 Kit, Lancets, Capillary pipets, Alcohol swabs included, 25 Tests",8.64,270,5400.0,PMO - US,"Standard Diagnostics, Korea","HIV 1/2, Bioline 3.0 Kit, Lancets, Capillary pipets, Alcohol swabs included",20.0,N/A - From RDC,SO-1389,Pre-PQ Process,Pre-PQ Process,HRDT,102-KE-T01,27-Feb-08,Truck,HIV test,25,0.8,SCMS from RDC,N/A - From RDC,97
84205,DN-2938,Generic,Mozambique,11-Jan-13,11-Jan-13,150/300/200mg,Tablet - FDC,Yes,4754.19,From RDC,"Lamivudine/Nevirapine/Zidovudine 150/200/300mg, tablets, 60 Tabs",33.5,2484,23896.08,PMO - US,Hetero Unit III Hyderabad IN,Lamivudine/Nevirapine/Zidovudine,9.62,N/A - From RDC,SO-43420,FPQ-10210,6/28/12,ARV,111-MZ-T30,11-Jan-13,Truck,Adult,60,0.16,SCMS from RDC,N/A - From RDC,249
69925,ASN-12443,Bioline,Kenya,31-Oct-11,31-Oct-11,MIssing,Test kit,Yes,33718.08,Direct Drop,"HIV 1/2, Bioline 3.0 Kit, Lancets, Capillary pipets, Alcohol swabs included, 25 Tests",505.03,15304,306080.0,PMO - US,"Standard Diagnostics, Korea","HIV 1/2, Bioline 3.0 Kit, Lancets, Capillary pipets, Alcohol swabs included",20.0,8/29/11,SCMS-119170,FPQ-8155,08-05-11,HRDT,127-KE-T30,31-Oct-11,Air,HIV test,25,0.8,"Standard Diagnostics, Inc.",EXW,5102
2996,ASN-1520,Norvir,South Africa,04-Jan-08,04-Jan-08,100mg,Capsule,No,Freight Included in Commodity Cost,Direct Drop,"Ritonavir 100mg [Norvir], capsules, cool, 84 Caps",0.05,3,32.31,PMO - US,ABBVIE (Abbott) Logis. UK,Ritonavir,10.77,01-04-08,SCMS-16600,Pre-PQ Process,Pre-PQ Process,ARV,116-ZA-T01,21-Jan-08,MIssing,Adult,84,0.13,"JSI R&T INSTITUTE, INC.",DDP,Weight Captured Separately
37410,ASN-24415,Generic,South Africa,06-Feb-14,06-Feb-14,300mg,Tablet,No,Freight Included in Commodity Cost,Direct Drop,"Abacavir 300mg, tablets, 60 Tabs",8.2,97,6627.47,PMO - US,"Aurobindo Unit III, India",Abacavir,68.32,12-02-13,SCMS-215370,FPQ-13035,10-08-13,ARV,116-ZA-T30,06-Feb-14,Truck,Adult,60,1.14,S. BUYS WHOLESALER,DDP,Weight Captured Separately
5895,ASN-2337,Generic,Vietnam,19-Sep-08,19-Sep-08,300mg,Tablet,Yes,4883.46,Direct Drop,"Tenofovir Disoproxil Fumarate 300mg, tablets, 30 Tabs",99.67,5040,62294.4,PMO - US,Mylan (formerly Matrix) Nashik,Tenofovir Disoproxil Fumarate,12.36,07-01-08,SCMS-26370,Pre-PQ Process,Pre-PQ Process,ARV,108-VN-T01,19-Sep-08,Air,Adult,30,0.41,MYLAN LABORATORIES LTD (FORMERLY MATRIX LABORATORIES),EXW,301
82447,DN-2530,Generic,"Congo, DRC",22-Mar-12,22-Mar-12,150mg,Tablet,Yes,491.43,From RDC,"Lamivudine 150mg, tablets, 60 Tabs",0.07,20,46.6,PMO - US,Hetero Unit III Hyderabad IN,Lamivudine,2.33,N/A - From RDC,SO-41382,FPQ-8840,11/21/11,ARV,101-CD-T30,22-Mar-12,Air,Adult,60,0.04,SCMS from RDC,N/A - From RDC,1
83862,DN-4032,Generic,Mozambique,02-Mar-15,09-Mar-15,200/50mg,Tablet,No,See DN-4032 (ID#:82757),From RDC,"Lopinavir/Ritonavir 200/50mg, tablets, 120 Tabs",597.64,29998,581361.24,PMO - US,Mylan (formerly Matrix) Nashik,Lopinavir/Ritonavir,19.38,N/A - From RDC,SO-48880,FPQ-14226,05-02-14,ARV,111-MZ-T30,02-Mar-15,Truck,Adult,120,0.16,SCMS from RDC,N/A - From RDC,See DN-4032 (ID#:82757)
17825,ASN-27476,Determine,Nigeria,02-Sep-14,17-Sep-14,MIssing,Test kit,Yes,30257.97,Direct Drop,"HIV 1/2, Determine Complete HIV Kit, 100 Tests",456.27,4987,443843.0,PMO - US,"Alere Medical Co., Ltd.","HIV 1/2, Determine Complete HIV Kit",89.0,06-02-14,SCMS-240830,FPQ-14305,5/16/14,HRDT,133-NG-T30,19-Aug-14,Air,HIV test,100,0.89,"Orgenics, Ltd",EXW,2022
11478,DN-413,Uni-Gold,Mozambique,12-Nov-07,12-Nov-07,MIssing,Test kit,Yes,1566.19,From RDC,"HIV 1/2, Uni-Gold HIV Kit, 20 Tests",230.4,4500,144000.0,PMO - US,"Trinity Biotech, Plc","HIV 1/2, Uni-Gold HIV Kit",32.0,N/A - From RDC,SO-945,Pre-PQ Process,Pre-PQ Process,HRDT,111-MZ-T01,12-Nov-07,Air,HIV test,20,1.6,SCMS from RDC,N/A - From RDC,1482
78071,ASN-6208,Generic,Vietnam,26-Mar-10,26-Mar-10,250mg,Delayed-release capsules,Yes,436.62,Direct Drop,"Didanosine 250mg, delayed-release capsules, 30 Caps",7.06,252,3276.0,PMO - US,"Aurobindo Unit III, India",Didanosine,13.0,02-10-10,SCMS-65030,FPQ-5065,02-10-10,ARV,108-VN-T30,26-Mar-10,Air,Adult,30,0.43,Aurobindo Pharma Limited,EXW,17
85239,DN-2562,Generic,Nigeria,16-Feb-12,16-Feb-12,200mg,Capsule,Yes,25231.96,From RDC,"Efavirenz 200mg, capsule, 90 Caps",19.03,1530,13571.1,PMO - US,"Aurobindo Unit III, India",Efavirenz,8.87,N/A - From RDC,SO-41261,FPQ-8952,12-08-11,ARV,151-NG-T30,20-Jun-12,Air Charter,Pediatric,90,0.1,SCMS from RDC,N/A - From RDC,233
83285,DN-3979,Generic,Zambia,19-Nov-14,24-Nov-14,300mg,Tablet,Yes,3340.5,From RDC,"Zidovudine 300mg, tablets, 60 Tabs",76.52,13709,74439.87,PMO - US,"Aurobindo Unit III, India",Zidovudine,5.43,N/A - From RDC,SO-48691,FPQ-14162,4/24/14,ARV,110-ZM-T30,31-Dec-14,Truck,Adult,60,0.09,SCMS from RDC,N/A - From RDC,797
86528,DN-2919,Generic,Zambia,17-Dec-12,17-Dec-12,600/200/300mg,Tablet - FDC,No,See DN-2919 (ID#:84201),From RDC,"Efavirenz/Emtricitabine/Tenofovir Disoproxil Fumarate 600/200/300mg, tablets, 30 Tabs",2157.2,107000,1538660.0,PMO - US,Mylan (formerly Matrix) Nashik,Efavirenz/Emtricitabine/Tenofovir Disoproxil Fumarate,14.38,N/A - From RDC,SO-41990,FPQ-9773,4/27/12,ARV,110-ZM-T30,17-Dec-12,Truck,Adult,30,0.48,SCMS from RDC,N/A - From RDC,See DN-2919 (ID#:84201)
11232,DN-708,Bioline,Zimbabwe,21-Apr-08,21-Apr-08,MIssing,Test kit,Yes,8008.65,From RDC,"HIV 1/2, Bioline 3.0 Kit, Lancets, Capillary pipets, Alcohol swabs included, 25 Tests",182.18,5693,113860.0,PMO - US,"Standard Diagnostics, Korea","HIV 1/2, Bioline 3.0 Kit, Lancets, Capillary pipets, Alcohol swabs included",20.0,N/A - From RDC,SO-1051,Pre-PQ Process,Pre-PQ Process,HRDT,113-ZW-T01,21-Apr-08,Truck,HIV test,25,0.8,SCMS from RDC,N/A - From RDC,1740
73585,ASN-31069,Isentress,South Africa,09-Mar-15,09-Mar-15,400mg,Tablet,No,Freight Included in Commodity Cost,Direct Drop,"Raltegravir 400mg [Isentress], tablets, 60 Tabs",3.9,62,3792.2,PMO - US,"MSD, Haarlem, NL",Raltegravir,61.16,03-09-15,SCMS-259074,FPQ-14942,09-11-14,ARV,116-ZA-T30,09-Mar-15,Truck,Adult,60,1.02,PHARMACY DIRECT,DDP,Weight Captured Separately
59151,ASN-9051,Generic,South Africa,15-Dec-10,15-Dec-10,150mg,Tablet,Yes,12225.76,Direct Drop,"Lamivudine 150mg, tablets, 60 Tabs",698.35,131138,323910.86,PMO - US,"Strides, Bangalore, India.",Lamivudine,2.47,9/21/10,SCMS-84250,FPQ-6262,8/31/10,ARV,161-ZA-T30,15-Dec-10,Ocean,Adult,60,0.04,STRIDES ARCOLAB LIMITED,DDP,6360
8100,ASN-871,OraQuick,Zimbabwe,10-Jan-08,10-Jan-08,MIssing,Test kit,Yes,Freight Included in Commodity Cost,Direct Drop,"HIV 1/2, OraQuick Advance HIV Rapid Antibody Kit, 100 Tests",2.8,5,1750.0,PMO - US,"Pacific Biotech, Thailand","HIV 1/2, OraQuick Advance HIV Rapid Antibody Kit",350.0,9/28/07,SCMS-11690,Pre-PQ Process,Pre-PQ Process,HRDT,113-ZW-T01,10-Jan-08,Air,HIV test,100,3.5,Orasure Technologies Inc.,CIP,Weight Captured Separately
83828,DN-3843,Generic,"Congo, DRC",24-Sep-14,06-Nov-14,30/50/60mg,Chewable/dispersible tablet - FDC,No,See DN-3843 (ID#:82707),From RDC,"Lamivudine/Nevirapine/Zidovudine 30/50/60mg, dispersible tablets, 60 Tabs",10.83,2825,10537.25,PMO - US,"Strides, Bangalore, India.",Lamivudine/Nevirapine/Zidovudine,3.73,N/A - From RDC,SO-48850,FPQ-14252,05-07-14,ARV,101-CD-T30,13-Aug-14,Air,Pediatric,60,0.06,SCMS from RDC,N/A - From RDC,See DN-3843 (ID#:82707)
24028,ASN-18599,Determine,Nigeria,20-Mar-13,20-Mar-13,MIssing,Test kit,Yes,26380.35,Direct Drop,"HIV 1/2, Determine Complete HIV Kit, 100 Tests",358.61,2874,255786.0,PMO - US,"Alere Medical Co., Ltd.","HIV 1/2, Determine Complete HIV Kit",89.0,10/16/12,SCMS-162440,FPQ-10765,10-05-12,HRDT,133-NG-T30,09-Jan-13,Air,HIV test,100,0.89,"Orgenics, Ltd",EXW,1252
60866,ASN-33864,Intelence,South Africa,24-Aug-15,24-Aug-15,100mg,Tablet,No,Freight Included in Commodity Cost,Direct Drop,"Etravirine 100mg [Intelence], tablets, 120 Tabs",0.51,18,495.23,PMO - US,"Janssen-Cilag, Latina, IT",Etravirine,27.51,8/24/15,SCMS-295800,FPQ-14942,09-11-14,ARV,116-ZA-T30,24-Aug-15,Truck,Adult,120,0.23,PHARMACY DIRECT,DDP,Weight Captured Separately
3747,ASN-4018,Generic,South Africa,03-Apr-09,03-Apr-09,300mg,Tablet,Yes,Freight Included in Commodity Cost,Direct Drop,"Zidovudine 300mg, tablets, 60 Tabs",45.26,1977,23091.36,PMO - US,"Aurobindo Unit III, India",Zidovudine,11.68,3/13/09,SCMS-41100,Pre-PQ Process,Pre-PQ Process,ARV,116-ZA-T01,17-Jun-09,Air,Adult,60,0.19,S. BUYS WHOLESALER,DDP,Weight Captured Separately
32362,ASN-10409,Stocrin/Sustiva,Haiti,16-Apr-11,16-Apr-11,30mg/ml,Oral solution,Yes,290,Direct Drop,"Efavirenz 30mg/ml [Stocrin/Sustiva], oral solution, Bottle, 180 ml",19.2,525,8904.0,PMO - US,"MSD, Haarlem, NL",Efavirenz,16.96,11-04-10,SCMS-90450,FPQ-6489,10/20/10,ARV,106-HT-T30,16-Apr-11,Air,Pediatric,180,0.09,MERCK SHARP & DOHME IDEA GMBH (FORMALLY MERCK SHARP & DOHME B.V.),CIP,159
21540,ASN-28036,Generic,South Africa,29-Aug-14,29-Aug-14,300mg,Tablet,No,Freight Included in Commodity Cost,Direct Drop,"Zidovudine 300mg, tablets, 60 Tabs",0.57,17,460.89,PMO - US,"Aurobindo Unit III, India",Zidovudine,27.11,8/29/14,SCMS-199289,FPQ-12522,07-11-13,ARV,116-ZA-T30,29-Aug-14,Truck,Adult,60,0.45,S. BUYS WHOLESALER,DDP,Weight Captured Separately
61754,ASN-12428,Determine,Zambia,26-Oct-11,26-Oct-11,MIssing,Test kit,Yes,27952.72,Direct Drop,"HIV 1/2, Determine Complete HIV Kit, 100 Tests",422.4,3200,256000.0,PMO - US,"Alere Medical Co., Ltd.","HIV 1/2, Determine Complete HIV Kit",80.0,8/18/11,SCMS-118550,FPQ-8194,08-09-11,HRDT,110-ZM-T30,26-Oct-11,Air,HIV test,100,0.8,"Orgenics, Ltd",EXW,1526
26093,ASN-15896,Generic,Rwanda,09-Sep-12,09-Sep-12,200mg,Tablet,Yes,48501.5,Direct Drop,"Nevirapine 200mg, tablets, 60 Tabs",180.95,57364,129069.0,PMO - US,"Aurobindo Unit III, India",Nevirapine,2.25,7/16/12,SCMS-152910,FPQ-10223,07-05-12,ARV,107-RW-T30,09-Sep-12,Air,Adult,60,0.04,Aurobindo Pharma Limited,EXW,5468
69767,ASN-5739,Generic,Vietnam,19-Jan-10,19-Jan-10,150/200/30mg,Tablet - FDC,Yes,12704,Direct Drop,"Lamivudine/Nevirapine/Stavudine 150/200/30mg, tablets, 60 Tabs",486.98,40400,248460.0,PMO - US,"Cipla, Goa, India",Lamivudine/Nevirapine/Stavudine,6.15,11-02-09,SCMS-56280,FPQ-4265,10/20/09,ARV,108-VN-T30,19-Jan-10,Air,Adult,60,0.1,CIPLA LIMITED,EXW,3919
12801,DN-698,Generic,Mozambique,23-Jun-08,23-Jun-08,150/300mg,Tablet - FDC,No,See DN-698 (ID#:10970),From RDC,"Lamivudine/Zidovudine 150/300mg, tablets, 60 Tabs",26.27,1728,16416.0,PMO - US,"Cipla, Goa, India",Lamivudine/Zidovudine,9.5,N/A - From RDC,SO-1615,Pre-PQ Process,Pre-PQ Process,ARV,111-MZ-T01,23-Jun-08,Air,Adult,60,0.16,SCMS from RDC,N/A - From RDC,See DN-698 (ID#:10970)
85850,DN-2610,Generic,Zambia,16-Apr-12,16-Apr-12,600/200/300mg,Tablet - FDC,Yes,8510.81,From RDC,"Efavirenz/Emtricitabine/Tenofovir Disoproxil Fumarate 600/200/300mg, tablets, 30 Tabs",4140.68,150000,2509500.0,PMO - US,Mylan (formerly Matrix) Nashik,Efavirenz/Emtricitabine/Tenofovir Disoproxil Fumarate,16.73,N/A - From RDC,SO-40954,FPQ-8476,9/27/11,ARV,110-ZM-T30,15-May-12,Truck,Adult,30,0.56,SCMS from RDC,N/A - From RDC,17001
8038,ASN-781,Generic,Vietnam,15-Oct-07,15-Oct-07,10mg/ml,Oral solution,No,See ASN-781 (ID#:115),Direct Drop,"Lamivudine 10mg/ml, oral solution, Bottle, 240 ml",1.52,500,950.0,PMO - US,"Aurobindo Unit III, India",Lamivudine,1.9,07-04-07,SCMS-753,Pre-PQ Process,Pre-PQ Process,ARV,108-VN-T01,15-Oct-07,Air,Pediatric,240,0.01,Aurobindo Pharma Limited,EXW,See ASN-781 (ID#:115)
85427,DN-3454,Generic,Tanzania,20-Jan-14,29-Jan-14,600/300/300mg,Tablet - FDC,No,See DN-3454 (ID#:83194),From RDC,"Efavirenz/Lamivudine/Tenofovir Disoproxil Fumarate 600/300/300mg, tablets, 30 Tabs",76.29,5531,61670.65,PMO - US,Hetero Unit III Hyderabad IN,Efavirenz/Lamivudine/Tenofovir Disoproxil Fumarate,11.15,N/A - From RDC,SO-45741,FPQ-12354,5/16/13,ARV,109-TZ-T30,31-Jan-14,Truck,Adult,30,0.37,SCMS from RDC,N/A - From RDC,See DN-3454 (ID#:83194)
43116,ASN-24415,Generic,South Africa,06-Feb-14,06-Feb-14,10mg/ml,Oral solution,No,Freight Included in Commodity Cost,Direct Drop,"Lamivudine 10mg/ml, oral solution w/syringe, Bottle, 240 ml",0.39,44,311.64,PMO - US,"Aurobindo Unit III, India",Lamivudine,7.08,12-02-13,SCMS-215370,FPQ-13035,10-08-13,ARV,116-ZA-T30,06-Feb-14,Truck,Pediatric,240,0.03,S. BUYS WHOLESALER,DDP,Weight Captured Separately
84279,DN-3269,Generic,"Congo, DRC",08-Feb-14,11-Mar-14,150/300/200mg,Tablet - FDC,No,See DN-3269 (ID#:83711),From RDC,"Lamivudine/Nevirapine/Zidovudine 150/200/300mg, tablets, 60 Tabs",8.17,800,6608.0,PMO - US,Mylan (formerly Matrix) Nashik,Lamivudine/Nevirapine/Zidovudine,8.26,N/A - From RDC,SO-45030,FPQ-12088,04-12-13,ARV,101-CD-T30,28-Aug-13,Air,Adult,60,0.14,SCMS from RDC,N/A - From RDC,See DN-3269 (ID#:83711)
12923,DN-1473,Kaletra,Ghana,12-Aug-09,12-Aug-09,80/20mg/ml,Oral solution,No,See DN-1473 (ID#:11358),From RDC,"Lopinavir/Ritonavir 80/20mg/ml [Kaletra], oral solution, cool, Bottle 5 x 60 ml",0.02,896,8.96,PMO - US,ABBVIE (Abbott) Logis. UK,Lopinavir/Ritonavir,0.01,N/A - From RDC,SO-33650,Pre-PQ Process,Date Not Captured,ARV,100-GH-T01,30-Sep-09,Truck,Pediatric,300,0.0,SCMS from RDC,N/A - From RDC,See DN-1473 (ID#:11358)
83011,DN-2535,Generic,Haiti,12-Mar-12,12-Mar-12,20mg/ml,Oral solution,Yes,95269.39,From RDC,"Abacavir 20mg/ml, oral solution w/syringe, Bottle, 240 ml",25.76,1470,18375.0,PMO - US,"Aurobindo Unit III, India",Abacavir,12.5,N/A - From RDC,SO-41300,FPQ-9056,12/20/11,ARV,106-HT-T30,02-Mar-12,Air,Pediatric,240,0.05,SCMS from RDC,N/A - From RDC,9635
41302,ASN-30066,Generic,Haiti,11-Mar-15,16-Mar-15,600/300/300mg,Tablet - FDC,Yes,55886.43,Direct Drop,"Efavirenz/Lamivudine/Tenofovir Disoproxil Fumarate 600/300/300mg, tablets, 30 Tabs",789.5,75000,768000.0,PMO - US,Mylan (formerly Matrix) Nashik,Efavirenz/Lamivudine/Tenofovir Disoproxil Fumarate,10.24,11/14/14,SCMS-258630,FPQ-14895,9/24/14,ARV,106-HT-T30,11-Mar-15,Air,Adult,30,0.34,MYLAN LABORATORIES LTD (FORMERLY MATRIX LABORATORIES),EXW,9057
83302,DN-4093,Generic,CÃte dIvoire,12-Mar-15,13-Mar-15,300/300mg,Tablet - FDC,Yes,8499.16,From RDC,"Lamivudine/Tenofovir Disoproxil Fumarate 300/300mg, tablets, 30 Tabs",95.19,20000,92600.0,PMO - US,"Cipla, Kurkumbh, India",Lamivudine/Tenofovir Disoproxil Fumarate,4.63,N/A - From RDC,SO-49060,FPQ-14370,5/23/14,ARV,104-CI-T30,30-Jan-15,Truck,Adult,30,0.15,SCMS from RDC,N/A - From RDC,2000
82990,DN-2429,Generic,Rwanda,11-Nov-11,11-Nov-11,50mg,Capsule,Yes,1309.03,From RDC,"Efavirenz 50mg, capsule, 30 Caps",1.85,500,1120.0,PMO - US,"Aurobindo Unit III, India",Efavirenz,2.24,N/A - From RDC,SO-40960,FPQ-8372,10/19/11,ARV,107-RW-T30,24-Nov-11,Air,Pediatric,30,0.07,SCMS from RDC,N/A - From RDC,30
9916,ASN-2367,Coartem,Nigeria,23-Oct-08,23-Oct-08,20/120mg,Tablet - FDC + blister,Yes,1528.06,Direct Drop,"Artemether/Lumefantrine 20/120mg [Coartem], scored tablets, Blister 30 x 18 Tabs",1.4,25,875.0,PMO - US,"Novartis Pharma AG, Switzerland",Artemether/Lumefantrine,35.0,8/15/08,SCMS-28390,Pre-PQ Process,Pre-PQ Process,ACT,123-NG-T01,23-Oct-08,Air,ACT,540,0.06,IDA FOUNDATION,EXW,86
20245,ASN-19430,Uni-Gold,Swaziland,21-May-13,21-May-13,MIssing,Test kit,Yes,642.05,Direct Drop,"HIV 1/2, Uni-Gold HIV Kit, 20 Tests",6.73,150,4800.0,PMO - US,"Trinity Biotech, Plc","HIV 1/2, Uni-Gold HIV Kit",32.0,09-12-12,SCMS-159081,FPQ-10537,8/23/12,HRDT,102-SZ-T30,21-May-13,Air,HIV test,20,1.6,"Trinity Biotech, Plc",EXW,58
12167,DN-618,Stat-Pak,Guyana,21-Feb-08,21-Feb-08,MIssing,Test kit,Yes,798.58,From RDC,"HIV 1/2, Stat-Pak HIV, Kit, 20 Tests",1.94,45,1215.0,PMO - US,Chembio Diagnostics Sys. Inc.,"HIV 1/2, Stat-Pak HIV, Kit",27.0,N/A - From RDC,SO-1005,Pre-PQ Process,Pre-PQ Process,HRDT,102-GY-T01,21-Feb-08,MIssing,HIV test,20,1.35,SCMS from RDC,N/A - From RDC,13
85098,DN-1707,Generic,Nigeria,31-Mar-10,31-Mar-10,200mg,Tablet,Yes,Freight Included in Commodity Cost,From RDC,"Nevirapine 200mg, tablets, 60 Tabs",35.32,6000,16380.0,PMO - US,"Aurobindo Unit III, India",Nevirapine,2.73,N/A - From RDC,SO-34897,FPQ-4537,11-06-09,ARV,151-NG-T30,19-Apr-10,Air Charter,Adult,60,0.05,SCMS from RDC,N/A - From RDC,577
83511,DN-2270,Generic,Mozambique,05-Sep-11,05-Sep-11,150/300mg,Tablet - FDC,Yes,3525.04,From RDC,"Lamivudine/Zidovudine 150/300mg, tablets, 60 Tabs",212.29,15048,128660.4,PMO - US,"Aurobindo Unit III, India",Lamivudine/Zidovudine,8.55,N/A - From RDC,SO-40070,FPQ-7053,1/24/11,ARV,111-MZ-T30,31-Aug-11,Truck,Adult,60,0.14,SCMS from RDC,N/A - From RDC,1391
84356,DN-3628,Generic,Mozambique,24-Jun-14,14-Jul-14,600/300/300mg,Tablet - FDC,No,See DN-3628 (ID#:83234),From RDC,"Efavirenz/Lamivudine/Tenofovir Disoproxil Fumarate 600/300/300mg, tablets, 30 Tabs",1463.39,127671,1423531.65,PMO - US,Hetero Unit III Hyderabad IN,Efavirenz/Lamivudine/Tenofovir Disoproxil Fumarate,11.15,N/A - From RDC,SO-47041,FPQ-13124,10/21/13,ARV,111-MZ-T30,14-Jun-14,Truck,Adult,30,0.37,SCMS from RDC,N/A - From RDC,See DN-3628 (ID#:83234)
86691,DN-3744,Generic,Mozambique,18-Jul-14,07-Aug-14,600/300/300mg,Tablet - FDC,No,See DN-3744 (ID#:85483),From RDC,"Efavirenz/Lamivudine/Tenofovir Disoproxil Fumarate 600/300/300mg, tablets, 30 Tabs",2742.76,247500,2668050.0,PMO - US,Mylan (formerly Matrix) Nashik,Efavirenz/Lamivudine/Tenofovir Disoproxil Fumarate,10.78,N/A - From RDC,SO-47702,FPQ-13575,1/17/14,ARV,111-MZ-T30,31-Aug-14,Truck,Adult,30,0.36,SCMS from RDC,N/A - From RDC,See DN-3744 (ID#:85483)
10715,DN-951,Generic,Zambia,21-Oct-08,21-Oct-08,200mg,Tablet,Yes,4060.55,From RDC,"Nevirapine 200mg, tablets, 60 Tabs",193.33,29011,98637.4,PMO - US,"Aurobindo Unit III, India",Nevirapine,3.4,N/A - From RDC,SO-2491,Pre-PQ Process,Pre-PQ Process,ARV,110-ZM-T01,21-Oct-08,Truck,Adult,60,0.06,SCMS from RDC,N/A - From RDC,2717
84045,DN-2019,Generic,Zimbabwe,04-Oct-10,04-Oct-10,150/200/30mg,Tablet - FDC,No,See DN-2019 (ID#:82919),From RDC,"Lamivudine/Nevirapine/Stavudine 150/200/30mg, tablets, 60 Tabs",1384.87,112100,642333.0,PMO - US,"Cipla, Goa, India",Lamivudine/Nevirapine/Stavudine,5.73,N/A - From RDC,SO-35380,FPQ-4694,12-08-09,ARV,113-ZW-T30,30-Sep-10,Truck,Adult,60,0.1,SCMS from RDC,N/A - From RDC,See DN-2019 (ID#:82919)
84754,DN-2851,Generic,CÃte dIvoire,10-Sep-12,10-Sep-12,600mg,Tablet,No,See DN-2851 (ID#:84753),From RDC,"Efavirenz 600mg, tablets, 30 Tabs",28.35,5308,20223.48,PMO - US,"Strides, Bangalore, India.",Efavirenz,3.81,N/A - From RDC,SO-41361,FPQ-9063,12/21/11,ARV,104-CI-T30,28-Sep-12,Truck,Adult,30,0.13,SCMS from RDC,N/A - From RDC,See DN-2851 (ID#:84753)
29133,ASN-21532,Generic,Uganda,14-Sep-13,14-Sep-13,150mg,Tablet,Yes,8723.46,Direct Drop,"Lamivudine 150mg, tablets, 60 Tabs",103.8,45359,83914.15,PMO - US,Hetero Unit III Hyderabad IN,Lamivudine,1.85,7/24/13,SCMS-198730,FPQ-12477,07-08-13,ARV,114-UG-T30,14-Sep-13,Air,Adult,60,0.03,HETERO LABS LIMITED,EXW,2773
85870,DN-2706,Generic,Nigeria,03-Jun-12,03-Jun-12,150mg,Tablet,No,See DN-2706 (ID#:85272),From RDC,"Lamivudine 150mg, tablets, 60 Tabs",72.19,22100,51493.0,PMO - US,"Strides, Bangalore, India.",Lamivudine,2.33,N/A - From RDC,SO-41257,FPQ-8952,12-08-11,ARV,151-NG-T30,20-Jun-12,Air Charter,Adult,60,0.04,SCMS from RDC,N/A - From RDC,See DN-2706 (ID#:85272)
84180,DN-2741,Generic,Zimbabwe,23-Jul-12,23-Jul-12,200mg,Tablet,Yes,15299.58,From RDC,"Nevirapine 200mg, tablets, 60 Tabs",275.66,69037,167069.54,PMO - US,"Aurobindo Unit III, India",Nevirapine,2.42,N/A - From RDC,SO-40890,FPQ-8464,10-04-11,ARV,113-ZW-T30,16-Oct-12,Truck,Adult,60,0.04,SCMS from RDC,N/A - From RDC,14074
1337,ASN-813,Videx,CÃte dIvoire,23-Oct-07,23-Oct-07,50mg,Chewable/dispersible tablet,Yes,Freight Included in Commodity Cost,Direct Drop,"Didanosine 50mg [Videx], chewable tablets, 60 Tabs",23.97,1577,14981.5,PMO - US,"BMS Meymac, France",Didanosine,9.5,05-09-07,SCMS-610,Pre-PQ Process,Pre-PQ Process,ARV,104-CI-T01,23-Oct-07,Air,Pediatric,60,0.16,BRISTOL-MYERS SQUIBB,CIP,306
81603,ASN-26571,Determine,Zambia,23-Jul-14,17-Sep-14,MIssing,Test kit,Yes,41461.1,Direct Drop,"HIV 1/2, Determine Complete HIV Kit, 100 Tests",657.92,8000,640000.0,PMO - US,"Alere Medical Co., Ltd.","HIV 1/2, Determine Complete HIV Kit",80.0,5/19/14,SCMS-239720,FPQ-14130,4/22/14,HRDT,110-ZM-T30,23-Jul-14,Air,HIV test,100,0.8,"Orgenics, Ltd",EXW,3247
78090,ASN-9182,Generic,South Africa,31-Dec-10,31-Dec-10,50mg,Capsule,Yes,4429.37,Direct Drop,"Efavirenz 50mg, capsule, 30 Caps",118.1,22920,54778.8,PMO - US,"Aurobindo Unit III, India",Efavirenz,2.39,9/24/10,SCMS-83790,FPQ-6262,8/31/10,ARV,161-ZA-T30,31-Dec-10,Ocean,Pediatric,30,0.08,Aurobindo Pharma Limited,DDP,1291
83067,DN-2811,Generic,Guyana,29-Aug-12,29-Aug-12,200mg,Capsule,Yes,4718.3,From RDC,"Efavirenz 200mg, capsule, 90 Caps",0.6,52,429.52,PMO - US,"Aurobindo Unit III, India",Efavirenz,8.26,N/A - From RDC,SO-42780,FPQ-10252,07-05-12,ARV,105-GY-T30,02-Oct-12,Air,Pediatric,90,0.09,SCMS from RDC,N/A - From RDC,38
82516,DN-2877,Generic,CÃte dIvoire,05-Oct-12,05-Oct-12,200/50mg,Tablet,Yes,18661.97,From RDC,"Lopinavir/Ritonavir 200/50mg, tablets, 120 Tabs",902.03,24097,643389.9,PMO - US,Mylan (formerly Matrix) Nashik,Lopinavir/Ritonavir,26.7,N/A - From RDC,SO-41370,FPQ-9136,01-02-12,ARV,104-CI-T30,15-Oct-12,Truck,Adult,120,0.22,SCMS from RDC,N/A - From RDC,6375
83920,DN-4307,Generic,Zimbabwe,15-Jul-15,20-Jul-15,30/60mg,Chewable/dispersible tablet - FDC,Yes,46111.55,From RDC,"Lamivudine/Zidovudine 30/60mg, dispersible tablets, 60 Tabs",49.19,21000,41790.0,PMO - US,"Mylan,  H-12 & H-13, India",Lamivudine/Zidovudine,1.99,N/A - From RDC,SO-50020,FPQ-15197,10/16/14,ARV,103-ZW-T30,31-Jul-15,Truck,Pediatric,60,0.03,SCMS from RDC,N/A - From RDC,25880
11769,DN-358,Determine,Namibia,21-Sep-07,21-Sep-07,MIssing,Test kit,Yes,541.42,From RDC,"HIV 1/2, Determine Complete HIV Kit, 100 Tests",21.76,170,13600.0,PMO - US,ABBVIE GmbH & Co.KG Wiesbaden,"HIV 1/2, Determine Complete HIV Kit",80.0,N/A - From RDC,SO-1007,Pre-PQ Process,Pre-PQ Process,HRDT,119-NA-T01,21-Sep-07,Air,HIV test,100,0.8,SCMS from RDC,N/A - From RDC,39
83791,DN-3693,Generic,CÃte dIvoire,16-May-14,30-Jun-14,30/50/60mg,Chewable/dispersible tablet - FDC,Yes,5156.93,From RDC,"Lamivudine/Nevirapine/Zidovudine 30/50/60mg, dispersible tablets, 60 Tabs",77.1,20000,75000.0,PMO - US,Mylan (formerly Matrix) Nashik,Lamivudine/Nevirapine/Zidovudine,3.75,N/A - From RDC,SO-47134,FPQ-13142,10/22/13,ARV,104-CI-T30,30-May-14,Truck,Pediatric,60,0.06,SCMS from RDC,N/A - From RDC,1041
67199,ASN-8903,Generic,South Africa,06-Jan-11,06-Jan-11,10mg/ml,Oral suspension,Yes,11138.89,Direct Drop,"Nevirapine 10mg/ml, oral suspension w/syringe, Bottle, 240 ml",159.98,35000,74200.0,PMO - US,"Aurobindo Unit III, India",Nevirapine,2.12,9/24/10,SCMS-83830,FPQ-6262,8/31/10,ARV,161-ZA-T30,06-Jan-11,Ocean,Pediatric,240,0.01,Aurobindo Pharma Limited,DDP,12974
53108,ASN-24931,Generic,Rwanda,04-Apr-14,22-Apr-14,50mg,Capsule,Yes,1411.52,Direct Drop,"Efavirenz 50mg, capsule, 30 Caps",1.8,924,1755.6,PMO - US,"Micro labs, Verna, Goa, India",Efavirenz,1.9,2/28/14,SCMS-227730,FPQ-13651,02-05-14,ARV,107-RW-T30,04-Apr-14,Air,Pediatric,30,0.06,MICRO LABS LIMITED,EXW,45
83707,DN-3263,Generic,Uganda,27-Sep-13,27-Sep-13,300/300mg,Tablet - FDC,No,See DN-3263 (ID#:83150),From RDC,"Lamivudine/Tenofovir Disoproxil Fumarate 300/300mg, tablets, 30 Tabs",381.48,65615,308390.5,PMO - US,"Aurobindo Unit VII, IN",Lamivudine/Tenofovir Disoproxil Fumarate,4.7,N/A - From RDC,SO-45880,FPQ-12473,06-11-13,ARV,114-UG-T30,27-Sep-13,Air,Adult,30,0.16,SCMS from RDC,N/A - From RDC,See DN-3263 (ID#:83150)
63228,ASN-30792,Generic,South Africa,19-Feb-15,19-Feb-15,300mg,Tablet,No,Freight Included in Commodity Cost,Direct Drop,"Zidovudine 300mg, tablets, 60 Tabs",0.08,3,74.86,PMO - US,"Aurobindo Unit III, India",Zidovudine,24.95,05-08-14,SCMS-238550,FPQ-13973,4/30/14,ARV,116-ZA-T30,19-Feb-15,Truck,Adult,60,0.42,PHARMACY DIRECT,DDP,Weight Captured Separately
74156,ASN-31958,Determine,South Sudan,02-Jul-15,03-Jul-15,MIssing,Test kit,No,See ASN-31958 (ID#:15788),Direct Drop,"HIV 1/2, Determine Complete HIV Kit, 100 Tests",9.43,90,8010.0,PMO - US,"Alere Medical Co., Ltd.","HIV 1/2, Determine Complete HIV Kit",89.0,2/20/15,SCMS-272170,FPQ-15569,12/29/14,HRDT,105-SS-T30,02-Jul-15,Air,HIV test,100,0.89,"Orgenics, Ltd",EXW,See ASN-31958 (ID#:15788)
11531,DN-824,Generic,Zambia,23-Jul-08,23-Jul-08,600mg,Tablet,Yes,1934.31,From RDC,"Efavirenz 600mg, tablets, 30 Tabs",864.72,45000,540450.0,PMO - US,Mylan (formerly Matrix) Nashik,Efavirenz,12.01,N/A - From RDC,SO-1895,Pre-PQ Process,Pre-PQ Process,ARV,110-ZM-T01,23-Jul-08,Truck,Adult,30,0.4,SCMS from RDC,N/A - From RDC,3457
39509,ASN-24433,Generic,South Africa,07-Feb-14,07-Feb-14,400mg,Delayed-release capsules,No,Freight Included in Commodity Cost,Direct Drop,"Didanosine 400mg, delayed-release capsules, 30 Caps",0.27,10,217.06,PMO - US,"Aurobindo Unit III, India",Didanosine,21.71,8/13/13,SCMS-199280,FPQ-12522,07-11-13,ARV,116-ZA-T30,07-Feb-14,Truck,Adult,30,0.72,S. BUYS WHOLESALER,DDP,Weight Captured Separately
56844,ASN-8999,Determine,Zambia,16-Dec-10,16-Dec-10,MIssing,Test kit,Yes,16654.29,Direct Drop,"HIV 1/2, Determine Complete HIV Kit, 100 Tests",352.03,2041,163280.0,PMO - US,Inverness Japan,"HIV 1/2, Determine Complete HIV Kit",80.0,10-07-10,SCMS-87290,FPQ-6263,09-08-10,HRDT,110-ZM-T30,17-Dec-10,Air,HIV test,100,0.8,"Orgenics, Ltd",EXW,989
84832,DN-3246,Generic,CÃte dIvoire,23-Jul-13,23-Jul-13,300mg,Tablet,Yes,1478.35,From RDC,"Tenofovir Disoproxil Fumarate 300mg, tablets, 30 Tabs",14.99,3000,12120.0,PMO - US,Mylan (formerly Matrix) Nashik,Tenofovir Disoproxil Fumarate,4.04,N/A - From RDC,SO-44120,FPQ-11254,12/14/12,ARV,104-CI-T30,01-Aug-13,Truck,Adult,30,0.13,SCMS from RDC,N/A - From RDC,188
85086,DN-1638,Generic,Uganda,18-Feb-10,18-Feb-10,150/300/200mg,Tablet - FDC,No,See DN-1638 (ID#:84526),From RDC,"Lamivudine/Nevirapine/Zidovudine 150/200/300mg, tablets, 60 Tabs",476.29,21658,243002.76,PMO - US,Mylan (formerly Matrix) Nashik,Lamivudine/Nevirapine/Zidovudine,11.22,N/A - From RDC,SO-35610,FPQ-4275,9/17/09,ARV,114-UG-T30,25-Feb-10,Truck,Adult,60,0.19,SCMS from RDC,N/A - From RDC,See DN-1638 (ID#:84526)
85355,DN-3122,Generic,Uganda,07-Jun-13,07-Jun-13,150/300/200mg,Tablet - FDC,No,See DN-3122 (ID#:82570),From RDC,"Lamivudine/Nevirapine/Zidovudine 150/200/300mg, tablets, 60 Tabs",729.53,68736,589754.88,PMO - US,Hetero Unit III Hyderabad IN,Lamivudine/Nevirapine/Zidovudine,8.58,N/A - From RDC,SO-43890,FPQ-11133,12/13/12,ARV,114-UG-T30,07-Jun-13,Truck,Adult,60,0.14,SCMS from RDC,N/A - From RDC,See DN-3122 (ID#:82570)
85981,DN-3216,Generic,CÃte dIvoire,06-Aug-13,06-Aug-13,10mg/ml,Oral solution,No,See DN-3216 (ID#:83701),From RDC,"Zidovudine 10mg/ml, oral solution w/syringe, Bottle, 240 ml",5.2,2000,4200.0,PMO - US,"Aurobindo Unit III, India",Zidovudine,2.1,N/A - From RDC,SO-44220,FPQ-11253,12/14/12,ARV,104-CI-T30,31-Jul-13,Truck,Pediatric,240,0.01,SCMS from RDC,N/A - From RDC,See DN-3216 (ID#:83701)
82159,ASN-33764,Generic,Nigeria,31-Aug-15,09-Sep-15,60mg,Chewable/dispersible tablet,Yes,Invoiced Separately,Direct Drop,"Abacavir 60mg, dispersible tablets, 60 Tabs",4.24,800,3600.0,PMO - US,"Cipla, Patalganga, India",Abacavir,4.5,08-04-15,SCMS-296460,FPQ-16553,07-07-15,ARV,151-NG-T30,31-Aug-15,Air,Pediatric,60,0.08,CIPLA LIMITED,EXW,Weight Captured Separately
85912,DN-2912,Generic,Zambia,05-Nov-12,05-Nov-12,600/200/300mg,Tablet - FDC,Yes,10809.09,From RDC,"Efavirenz/Emtricitabine/Tenofovir Disoproxil Fumarate 600/200/300mg, tablets, 30 Tabs",2681.38,133000,1912540.0,PMO - US,Mylan (formerly Matrix) Nashik,Efavirenz/Emtricitabine/Tenofovir Disoproxil Fumarate,14.38,N/A - From RDC,SO-41994,FPQ-9773,4/27/12,ARV,110-ZM-T30,15-Nov-12,Truck,Adult,30,0.48,SCMS from RDC,N/A - From RDC,15075
12090,DN-304,Crixivan,Mozambique,21-Sep-07,21-Sep-07,400mg,Capsule,No,See DN-304 (ID#:10589),From RDC,"Indinavir 400mg [Crixivan], capsules, 180 Caps",58.39,740,36496.8,PMO - US,MSD Elkton USA,Indinavir,49.32,N/A - From RDC,SO-298,Pre-PQ Process,Pre-PQ Process,ARV,111-MZ-T01,21-Sep-07,Air,Adult,180,0.27,SCMS from RDC,N/A - From RDC,See DN-304 (ID#:10589)
39075,ASN-14235,Stat-Pak,Ethiopia,27-Mar-12,27-Mar-12,MIssing,Test kit,Yes,379.65,Direct Drop,"HIV 1/2, Stat-Pak HIV, Kit, 20 Tests",5.49,135,3915.0,PMO - US,Chembio Diagnostics Sys. Inc.,"HIV 1/2, Stat-Pak HIV, Kit",29.0,1/23/12,SCMS-134720,FPQ-9209,1/18/12,HRDT,117-ET-T30,27-Mar-12,Air,HIV test,20,1.45,"CHEMBIO DIAGNOSTIC SYSTEMS, INC.",EXW,47
65484,ASN-16020,Norvir,Vietnam,27-Oct-12,27-Oct-12,100mg,Tablet,Yes,404.78,Direct Drop,"Ritonavir 100mg [Norvir], film coated tablets, 30 Tabs",10.63,326,7582.76,PMO - US,ABBVIE Ludwigshafen Germany,Ritonavir,23.26,6/15/12,SCMS-145330,FPQ-9577,04-11-12,ARV,108-VN-T30,27-Oct-12,Air,Adult,30,0.78,ABBVIE LOGISTICS (FORMERLY ABBOTT LOGISTICS BV),FCA,34
12573,DN-1212,Generic,Nigeria,08-May-09,08-May-09,300/300mg,Tablet - FDC,Yes,15128.37,From RDC,"Lamivudine/Tenofovir Disoproxil Fumarate 300/300mg, tablets, 30 Tabs",540.76,23991,275896.5,PMO - US,Mylan (formerly Matrix) Nashik,Lamivudine/Tenofovir Disoproxil Fumarate,11.5,N/A - From RDC,SO-26250,Pre-PQ Process,Pre-PQ Process,ARV,126-NG-T01,08-May-09,Air Charter,Adult,30,0.38,SCMS from RDC,N/A - From RDC,2096
39105,ASN-27196,Kaletra,South Africa,10-Jul-14,10-Jul-14,80/20mg/ml,Oral solution,Yes,Freight Included in Commodity Cost,Direct Drop,"Lopinavir/Ritonavir 80/20mg/ml [Kaletra], oral solution, cool, Bottle 5 x 60 ml",0.15,5,117.26,PMO - US,ABBVIE (Abbott) Logis. UK,Lopinavir/Ritonavir,23.45,07-10-14,SCMS-199288,FPQ-12522,07-11-13,ARV,116-ZA-T30,10-Jul-14,Truck,Pediatric,300,0.08,S. BUYS WHOLESALER,DDP,Weight Captured Separately
36539,ASN-17750,Generic,Uganda,21-Jan-13,21-Jan-13,300/100mg,Tablet,Yes,3900.39,Direct Drop,"Atazanavir/Ritonavir 300/100mg, tablets, 30 Tabs",46.34,1665,37462.5,PMO - US,Mylan (formerly Matrix) Nashik,Atazanavir/Ritonavir,22.5,10/25/12,SCMS-163460,FPQ-10787,10-10-12,ARV,114-UG-T30,21-Jan-13,Air,Adult,30,0.75,MYLAN LABORATORIES LTD (FORMERLY MATRIX LABORATORIES),EXW,420
33314,ASN-33749,Generic,Nigeria,02-Sep-15,09-Sep-15,60/30mg,Chewable/dispersible tablet - FDC,Yes,Invoiced Separately,Direct Drop,"Abacavir/Lamivudine 60/30mg, dispersible tablets, 60 Tabs",79.03,13429,67145.0,PMO - US,"Cipla, Patalganga, India",Abacavir/Lamivudine,5.0,08-04-15,SCMS-296470,FPQ-16553,07-07-15,ARV,151-NG-T30,02-Sep-15,Air,Pediatric,60,0.08,CIPLA LIMITED,EXW,Weight Captured Separately
74707,ASN-27589,Generic,Ghana,09-Oct-14,13-Oct-14,10mg/ml,Oral solution,Yes,8130.55,Direct Drop,"Zidovudine 10mg/ml, oral solution, Bottle, 240 ml",7.51,3652,7304.0,PMO - US,"Aurobindo Unit III, India",Zidovudine,2.0,5/23/14,SCMS-237830,FPQ-14052,04-12-14,ARV,105-GH-T30,09-Oct-14,Air,Pediatric,240,0.01,Aurobindo Pharma Limited,EXW,1575
63106,ASN-21704,Generic,Cameroon,18-Oct-13,18-Oct-13,150/300/200mg,Tablet - FDC,Yes,40227.6,Direct Drop,"Lamivudine/Nevirapine/Zidovudine 150/200/300mg, tablets, 60 Tabs",389.27,38707,314687.91,PMO - US,"Aurobindo Unit III, India",Lamivudine/Nevirapine/Zidovudine,8.13,8/23/13,SCMS-204300,FPQ-12837,8/19/13,ARV,901-CM-T30,18-Oct-13,Air,Adult,60,0.14,Aurobindo Pharma Limited,EXW,4926
85782,DN-2315,Generic,Uganda,24-Aug-11,24-Aug-11,150/300mg,Tablet - FDC,Yes,14406.99,From RDC,"Lamivudine/Zidovudine 150/300mg, tablets, 60 Tabs",436.13,32000,264320.0,PMO - US,"Aurobindo Unit III, India",Lamivudine/Zidovudine,8.26,N/A - From RDC,SO-38802,FPQ-7162,2/14/11,ARV,114-UG-T30,05-Aug-11,Truck,Adult,60,0.14,SCMS from RDC,N/A - From RDC,3026
83113,DN-3028,Generic,Nigeria,21-Feb-13,21-Feb-13,200mg,Tablet,No,See DN-3028 (ID#:82548),From RDC,"Nevirapine 200mg, tablets, 60 Tabs",316.85,99999,225997.74,PMO - US,"Aurobindo Unit VII, IN",Nevirapine,2.26,N/A - From RDC,SO-44550,FPQ-10477,08-09-12,ARV,151-NG-T30,15-Mar-13,Air Charter,Adult,60,0.04,SCMS from RDC,N/A - From RDC,See DN-3028 (ID#:82548)
19620,ASN-9057,Aluvia,CÃte dIvoire,14-Jan-11,14-Jan-11,200/50mg,Tablet,Yes,13562.36,Direct Drop,"Lopinavir/Ritonavir 200/50mg [Aluvia], tablets, 120 Tabs",436.74,7320,264691.2,PMO - US,ABBVIE Ludwigshafen Germany,Lopinavir/Ritonavir,36.16,11-11-10,SCMS-91830,FPQ-6661,11-04-10,ARV,104-CI-T30,14-Jan-11,Air,Adult,120,0.3,ABBVIE LOGISTICS (FORMERLY ABBOTT LOGISTICS BV),FCA,1838
83126,DN-3085,Generic,Zimbabwe,08-Apr-13,08-Apr-13,300/300mg,Tablet - FDC,Yes,14451.69,From RDC,"Lamivudine/Tenofovir Disoproxil Fumarate 300/300mg, tablets, 30 Tabs",171.54,29506,138678.2,PMO - US,Hetero Unit III Hyderabad IN,Lamivudine/Tenofovir Disoproxil Fumarate,4.7,N/A - From RDC,SO-43711,FPQ-11002,11/16/12,ARV,113-ZW-T30,30-Mar-13,Truck,Adult,30,0.16,SCMS from RDC,N/A - From RDC,3133
71064,ASN-15626,Generic,Rwanda,04-Aug-12,04-Aug-12,300/300mg,Tablet - FDC,Yes,45060.6,Direct Drop,"Lamivudine/Tenofovir Disoproxil Fumarate 300/300mg, tablets, 30 Tabs",274.03,40805,195455.95,PMO - US,Hetero Unit III Hyderabad IN,Lamivudine/Tenofovir Disoproxil Fumarate,4.79,06-12-12,SCMS-149432,FPQ-10092,06-04-12,ARV,107-RW-T30,04-Aug-12,Air,Adult,30,0.16,HETERO LABS LIMITED,EXW,4574
84447,DN-4111,Generic,Zambia,19-Feb-15,20-Feb-15,600mg,Tablet,No,See DN-4111 (ID#:83882),From RDC,"Efavirenz 600mg, tablets, 30 Tabs",214.49,65000,208650.0,PMO - US,"Micro labs, Verna, Goa, India",Efavirenz,3.21,N/A - From RDC,SO-49630,FPQ-14784,08-12-14,ARV,110-ZM-T30,31-Mar-15,Truck,Adult,30,0.11,SCMS from RDC,N/A - From RDC,See DN-4111 (ID#:83882)
5976,ASN-2579,Colloidal Gold,Ethiopia,03-Oct-08,03-Oct-08,MIssing,Test kit,Yes,44347.71,Direct Drop,"HIV 1/2, SKB Colloidal Gold, Diagnostic Kit, Antibody, 50 Tests",257.53,6998,160954.0,PMO - US,"KHB Test Kit Facility, Shanghai China","HIV 1/2, Colloidal Gold, Diagnostic Kit, Antibody",23.0,8/22/08,SCMS-28720,Pre-PQ Process,Pre-PQ Process,HRDT,117-ET-T01,06-Oct-08,Air,HIV test,1,23.0,"SHANGHAI KEHUA BIOENGINEERING CO.,LTD.  (KHB)",EXW,5057
5507,ASN-1251,Stocrin/Sustiva,South Africa,29-Jan-08,29-Jan-08,600mg,Tablet,No,Freight Included in Commodity Cost,Direct Drop,"Efavirenz 600mg [Stocrin/Sustiva], tablets, 30 Tabs",20.79,600,12996.0,PMO - US,"MSD Midrand, Jburg, SA",Efavirenz,21.66,11-12-07,SCMS-14050,Pre-PQ Process,Pre-PQ Process,ARV,116-ZA-T01,29-Jan-08,MIssing,Adult,30,0.72,"JSI R&T INSTITUTE, INC.",DDP,Weight Captured Separately
11117,DN-194,Aluvia,CÃte dIvoire,28-Jun-07,28-Jun-07,200/50mg,Tablet,Yes,3256,From RDC,"Lopinavir/Ritonavir 200/50mg [Aluvia], tablets, 120 Tabs",263.04,4000,164400.0,PMO - US,ABBVIE Ludwigshafen Germany,Lopinavir/Ritonavir,41.1,N/A - From RDC,SO-586,Pre-PQ Process,Pre-PQ Process,ARV,104-CI-T01,28-Jun-07,MIssing,Adult,120,0.34,SCMS from RDC,N/A - From RDC,1015
11994,DN-1326,Generic,Zambia,04-Sep-09,04-Sep-09,600mg,Tablet,Yes,2448.71,From RDC,"Efavirenz 600mg, tablets, 30 Tabs",274.67,12740,140140.0,PMO - US,Hetero Unit III Hyderabad IN,Efavirenz,11.0,N/A - From RDC,SO-17641,Pre-PQ Process,Date Not Captured,ARV,110-ZM-T01,04-Sep-09,Truck,Adult,30,0.37,SCMS from RDC,N/A - From RDC,987
11923,DN-1072,Generic,CÃte dIvoire,14-Feb-09,14-Feb-09,300mg,Tablet,Yes,5110.42,From RDC,"Abacavir 300mg, tablets, 60 Tabs",150.41,3000,76740.0,PMO - US,Mylan (formerly Matrix) Nashik,Abacavir,25.58,N/A - From RDC,SO-16222,Pre-PQ Process,Pre-PQ Process,ARV,104-CI-T01,14-Feb-09,Air,Adult,60,0.43,SCMS from RDC,N/A - From RDC,187
10880,DN-332,Generic,Ethiopia,04-Sep-07,04-Sep-07,30mg,Capsule,No,See DN-332 (ID#:10613),From RDC,"Stavudine 30mg, capsules, 60 Caps",35.75,14700,22344.0,PMO - US,"Aurobindo Unit III, India",Stavudine,1.52,N/A - From RDC,SO-914,Pre-PQ Process,Pre-PQ Process,ARV,117-ET-T01,04-Sep-07,MIssing,Adult,60,0.03,SCMS from RDC,N/A - From RDC,See DN-332 (ID#:10613)
84046,DN-2022,Generic,Guyana,28-Sep-10,28-Sep-10,200/50mg,Tablet,Yes,2027.42,From RDC,"Lopinavir/Ritonavir 200/50mg, tablets, 120 Tabs",11.7,140,5425.0,PMO - US,"Aurobindo Unit III, India",Lopinavir/Ritonavir,38.75,N/A - From RDC,SO-37490,FPQ-6439,9/22/10,ARV,105-GY-T30,20-Oct-10,Air,Adult,120,0.32,SCMS from RDC,N/A - From RDC,34
1587,ASN-1520,Zerit,South Africa,04-Jan-08,04-Jan-08,20mg,Capsule,No,Freight Included in Commodity Cost,Direct Drop,"Stavudine 20mg [Zerit], capsules, 60 Caps",0.92,100,573.0,PMO - US,"BMS Meymac, France",Stavudine,5.73,01-04-08,SCMS-16600,Pre-PQ Process,Pre-PQ Process,ARV,116-ZA-T01,21-Jan-08,MIssing,Adult,60,0.1,"JSI R&T INSTITUTE, INC.",DDP,Weight Captured Separately
85233,DN-2519,Generic,Zimbabwe,16-Feb-12,16-Feb-12,150/200/30mg,Tablet - FDC,No,See DN-2519 (ID#:84141),From RDC,"Lamivudine/Nevirapine/Stavudine 150/200/30mg, tablets, 60 Tabs",117.28,13212,71080.56,PMO - US,"Strides, Bangalore, India.",Lamivudine/Nevirapine/Stavudine,5.38,N/A - From RDC,SO-38520,FPQ-7052,1/19/11,ARV,113-ZW-T30,29-Feb-12,Truck,Adult,60,0.09,SCMS from RDC,N/A - From RDC,See DN-2519 (ID#:84141)
85230,DN-2510,Generic,"Congo, DRC",23-Mar-12,23-Mar-12,300mg,Tablet,No,See DN-2510 (ID#:82442),From RDC,"Zidovudine 300mg, tablets, 60 Tabs",1.03,105,737.1,PMO - US,Hetero Unit III Hyderabad IN,Zidovudine,7.02,N/A - From RDC,SO-41146,FPQ-8840,11/21/11,ARV,101-CD-T30,16-Mar-12,Air,Adult,60,0.12,SCMS from RDC,N/A - From RDC,See DN-2510 (ID#:82442)
83574,DN-2579,Generic,Nigeria,16-Feb-12,16-Feb-12,600mg,Tablet,Yes,25231.96,From RDC,"Efavirenz 600mg, tablets, 30 Tabs",526.6,91166,375603.92,PMO - US,"Strides, Bangalore, India.",Efavirenz,4.12,N/A - From RDC,SO-41267,FPQ-8952,12-08-11,ARV,151-NG-T30,20-Jun-12,Air Charter,Adult,30,0.14,SCMS from RDC,N/A - From RDC,6073
84847,DN-3295,Generic,Tanzania,10-Sep-13,10-Sep-13,300mg,Tablet,No,See DN-3295 (ID#:83155),From RDC,"Abacavir 300mg, tablets, 60 Tabs",47.38,3342,38299.32,PMO - US,"Aurobindo Unit III, India",Abacavir,11.46,N/A - From RDC,SO-44983,FPQ-12015,04-02-13,ARV,109-TZ-T30,15-Oct-13,Truck,Adult,60,0.19,SCMS from RDC,N/A - From RDC,See DN-3295 (ID#:83155)
73724,ASN-33599,Generic,Haiti,02-Sep-15,03-Sep-15,300/100mg,Tablet,Yes,Invoiced Separately,Direct Drop,"Atazanavir/Ritonavir 300/100mg, tablets, 30 Tabs",61.43,3320,59760.0,PMO - US,"Emcure Plot No.P-2, I.T-B.T. Park, Phase II, MIDC, Hinjwadi, Pune, India",Atazanavir/Ritonavir,18.0,11/14/14,SCMS-261013,FPQ-14895,9/24/14,ARV,106-HT-T30,02-Sep-15,Air,Adult,30,0.6,EMCURE PHARMACEUTICALS LTD,EXW,Weight Captured Separately
34582,ASN-27939,Generic,Vietnam,27-Oct-14,28-Oct-14,150/300mg,Tablet - FDC,Yes,1599.67,Direct Drop,"Lamivudine/Zidovudine 150/300mg, tablets, 60 Tabs",53.37,8000,51920.0,PMO - US,Mylan (formerly Matrix) Nashik,Lamivudine/Zidovudine,6.49,6/27/14,SCMS-226211,FPQ-13524,02-06-14,ARV,108-VN-T30,27-Oct-14,Air,Adult,60,0.11,MYLAN LABORATORIES LTD (FORMERLY MATRIX LABORATORIES),EXW,696
21656,ASN-26468,Generic,Zambia,20-Jul-14,01-Aug-14,200mg,Tablet,Yes,22508.32,Direct Drop,"Nevirapine 200mg, tablets, 60 Tabs",99.03,42813,96329.25,PMO - US,"Aurobindo Unit III, India",Nevirapine,2.25,5/21/14,SCMS-240080,FPQ-14151,4/30/14,ARV,110-ZM-T30,20-Jul-14,Air,Adult,60,0.04,Aurobindo Pharma Limited,EXW,4369
11025,DN-1139,Generic,Nigeria,19-Mar-09,19-Mar-09,150/300/200mg,Tablet - FDC,Yes,11492.86,From RDC,"Lamivudine/Nevirapine/Zidovudine 150/200/300mg, tablets, 60 Tabs",1103.46,49385,562989.0,PMO - US,"Aurobindo Unit III, India",Lamivudine/Nevirapine/Zidovudine,11.4,N/A - From RDC,SO-21805,Pre-PQ Process,Pre-PQ Process,ARV,151-NG-T01,19-Mar-09,Air Charter,Adult,60,0.19,SCMS from RDC,N/A - From RDC,5553
33848,ASN-19410,OraQuick,Mali,17-Jul-13,17-Jul-13,MIssing,Test kit - Ancillary,Yes,Freight Included in Commodity Cost,Direct Drop,"HIV, OraQuick Controls Kit, 3 Vials",1.27,41,1025.0,PMO - US,"Orasure Technologies, Inc USA","HIV, OraQuick Controls Kit, 3 Vials",25.0,04-11-13,SCMS-182790,FPQ-11783,3/15/13,HRDT,102-ML-T30,17-Jul-13,Air,HIV test - Ancillary,1,25.0,Orasure Technologies Inc.,CIP,Weight Captured Separately
86361,DN-2090,Generic,Nigeria,16-Feb-11,16-Feb-11,600mg,Tablet,No,See DN-2090 (ID#:82366),From RDC,"Efavirenz 600mg, tablets, 30 Tabs",478.52,51140,221947.6,PMO - US,"Aurobindo Unit III, India",Efavirenz,4.34,N/A - From RDC,SO-38320,FPQ-6243,8/25/10,ARV,151-NG-T30,22-Feb-11,Air Charter,Adult,30,0.14,SCMS from RDC,N/A - From RDC,See DN-2090 (ID#:82366)
5917,ASN-2554,Generic,Nigeria,09-Oct-08,09-Oct-08,500/25mg,Tablet - FDC,Yes,4404.9,Direct Drop,"Sulfadoxine/Pyrimethamine 500/25mg, tablets, 1000 Tabs",0.3,7,184.45,PMO - US,"Micro Labs Ltd. (Brown & Burk), India",Sulfadoxine/Pyrimethamine,26.35,7/15/08,SCMS-26840,Pre-PQ Process,Pre-PQ Process,ANTM,130-NG-T01,09-Oct-08,Air,Malaria,1000,0.03,IDA FOUNDATION,EXW,488
82382,DN-2220,Generic,Nigeria,05-Jul-11,05-Jul-11,600mg,Tablet,Yes,13398.06,From RDC,"Efavirenz 600mg, tablets, 30 Tabs",409.63,57468,248261.76,PMO - US,Mylan (formerly Matrix) Nashik,Efavirenz,4.32,N/A - From RDC,SO-39640,FPQ-7217,2/21/11,ARV,151-NG-T30,15-Jun-11,Air Charter,Adult,30,0.14,SCMS from RDC,N/A - From RDC,4915
83494,DN-2146,Generic,Zambia,05-Apr-11,05-Apr-11,600/200/300mg,Tablet - FDC,Yes,4471.08,From RDC,"Efavirenz/Emtricitabine/Tenofovir Disoproxil Fumarate 600/200/300mg, tablets, 30 Tabs",5162.29,120200,2394384.0,PMO - US,Mylan (formerly Matrix) Nashik,Efavirenz/Emtricitabine/Tenofovir Disoproxil Fumarate,19.92,N/A - From RDC,SO-37420,FPQ-6319,09-01-10,ARV,110-ZM-T30,14-Apr-11,Truck,Adult,30,0.66,SCMS from RDC,N/A - From RDC,13222
23718,ASN-6033,Uni-Gold,Botswana,04-Mar-10,04-Mar-10,MIssing,Test kit - Ancillary,Yes,599.73,Direct Drop,"#109436**HIV 1, Uni-Gold Recombigen HIV Control, Vial 2 x 0.5 ml",1,15,465.0,PMO - US,"Trinity Biotech, Plc","HIV 1, Uni-Gold Recombigen HIV Control, Vial 2 x 0.5 ml",31.0,11/13/09,SCMS-57522,FPQ-4487,11-02-09,HRDT,144-BW-T30,04-Mar-10,Air,HIV test - Ancillary,2,15.5,"Trinity Biotech, Plc",EXW,1
61783,ASN-21504,Generic,Tanzania,23-Oct-13,23-Oct-13,600/200/300mg,Tablet - FDC,Yes,7814.59,Direct Drop,"Efavirenz/Emtricitabine/Tenofovir Disoproxil Fumarate 600/200/300mg, tablets, 30 Tabs",1016.05,65763,821379.87,PMO - US,Mylan (formerly Matrix) Nashik,Efavirenz/Emtricitabine/Tenofovir Disoproxil Fumarate,12.49,8/27/13,SCMS-198801,FPQ-12540,07-03-13,ARV,109-TZ-T30,23-Oct-13,Ocean,Adult,30,0.42,MYLAN LABORATORIES LTD (FORMERLY MATRIX LABORATORIES),EXW,8182
86511,DN-2829,Generic,Uganda,29-Oct-12,29-Oct-12,300/300mg,Tablet - FDC,No,See DN-2829 (ID#:82504),From RDC,"Lamivudine/Tenofovir Disoproxil Fumarate 300/300mg, tablets, 30 Tabs",192.62,24799,137386.46,PMO - US,Mylan (formerly Matrix) Nashik,Lamivudine/Tenofovir Disoproxil Fumarate,5.54,N/A - From RDC,SO-42610,FPQ-10048,06-06-12,ARV,900-UG-T30,29-Oct-12,Air,Adult,30,0.18,SCMS from RDC,N/A - From RDC,See DN-2829 (ID#:82504)
12783,DN-761,Generic,CÃte dIvoire,02-Jun-08,02-Jun-08,10mg/ml,Oral suspension,No,See DN-761 (ID#:10951),From RDC,"Nevirapine 10mg/ml, oral suspension, Bottle, 240 ml",17.01,5536,10629.12,PMO - US,"Aurobindo Unit III, India",Nevirapine,1.92,N/A - From RDC,SO-2045,Pre-PQ Process,Pre-PQ Process,ARV,104-CI-T01,02-Jun-08,Air,Pediatric,240,0.01,SCMS from RDC,N/A - From RDC,See DN-761 (ID#:10951)
83486,DN-2114,Generic,Haiti,14-Feb-11,14-Feb-11,20mg/ml,Oral solution,Yes,6555.75,From RDC,"Abacavir 20mg/ml, oral solution w/syringe, Bottle, 240 ml",12.3,544,7452.8,PMO - US,"Aurobindo Unit III, India",Abacavir,13.7,N/A - From RDC,SO-38620,FPQ-6801,12/14/10,ARV,106-HT-T30,28-Feb-11,Air,Pediatric,240,0.06,SCMS from RDC,N/A - From RDC,395
75491,ASN-31854,Generic,South Africa,28-Apr-15,28-Apr-15,200mg,Capsule,No,Freight Included in Commodity Cost,Direct Drop,"Efavirenz 200mg, capsule, 90 Caps",0.29,6,283.05,PMO - US,"Aurobindo Unit III, India",Efavirenz,47.18,4/28/15,SCMS-238556,FPQ-13973,4/30/14,ARV,116-ZA-T30,28-Apr-15,Truck,Pediatric,90,0.52,PHARMACY DIRECT,DDP,Weight Captured Separately
86339,DN-2017,Generic,Guyana,19-Sep-10,19-Sep-10,10mg/ml,Oral solution,No,See DN-2017 (ID#:82918),From RDC,"Zidovudine 10mg/ml, oral solution, Bottle, 240 ml",2.47,567,1145.34,PMO - US,"Aurobindo Unit III, India",Zidovudine,2.02,N/A - From RDC,SO-37400,FPQ-6307,8/30/10,ARV,105-GY-T30,23-Nov-10,Air,Pediatric,240,0.01,SCMS from RDC,N/A - From RDC,See DN-2017 (ID#:82918)
11536,DN-800,Generic,Nigeria,19-Jun-08,19-Jun-08,30mg,Capsule,No,See DN-800 (ID#:10953),From RDC,"Stavudine 30mg, capsules, 60 Caps",0.38,154,238.7,PMO - US,"Aurobindo Unit III, India",Stavudine,1.55,N/A - From RDC,SO-2726,Pre-PQ Process,Pre-PQ Process,ARV,112-NG-T01,19-Jun-08,Air,Adult,60,0.03,SCMS from RDC,N/A - From RDC,See DN-800 (ID#:10953)
13926,ASN-8885,Generic,South Africa,25-Jan-11,25-Jan-11,300mg,Tablet,Yes,3646.1,Direct Drop,"Tenofovir Disoproxil Fumarate 300mg, tablets, 30 Tabs",337.06,19992,156337.44,PMO - US,"Cipla, Goa, India",Tenofovir Disoproxil Fumarate,7.82,3/19/10,SCMS-68750,FPQ-5303,3/18/10,ARV,161-ZA-T30,13-Oct-10,Air,Adult,30,0.26,CIPLA LIMITED,DDP,1378
50723,ASN-9834,Uni-Gold,Namibia,15-Mar-11,15-Mar-11,MIssing,Test kit,Yes,3496.34,Direct Drop,"HIV 1/2, Uni-Gold HIV Kit, 20 Tests",27.46,520,16640.0,PMO - US,"Trinity Biotech, Plc","HIV 1/2, Uni-Gold HIV Kit",32.0,02-02-11,SCMS-98330,FPQ-7007,1/13/11,HRDT,119-NA-T30,15-Mar-11,Air,HIV test,20,1.6,"Trinity Biotech, Plc",EXW,177
59502,ASN-31391,Generic,Botswana,04-Jun-15,04-Jun-15,600/200/300mg,Tablet - FDC,Yes,23796.98,Direct Drop,"Efavirenz/Emtricitabine/Tenofovir Disoproxil Fumarate 600/200/300mg, tablets, 30 Tabs",485.52,39550,412506.5,PMO - US,"Hetero, Jadcherla, unit 5, IN",Efavirenz/Emtricitabine/Tenofovir Disoproxil Fumarate,10.43,02-06-15,SCMS-275710,FPQ-15568,01-08-15,ARV,104-BW-T30,02-Jun-15,Air,Adult,30,0.35,HETERO LABS LIMITED,EXW,4840
85298,DN-2812,Generic,"Congo, DRC",14-Feb-13,14-Feb-13,600mg,Tablet,No,See DN-2812 (ID#:83068),From RDC,"Efavirenz 600mg, tablets, 30 Tabs",2.8,525,2000.25,PMO - US,Hetero Unit III Hyderabad IN,Efavirenz,3.81,N/A - From RDC,SO-42340,FPQ-9906,5/15/12,ARV,102-CD-T30,14-Feb-13,Air,Adult,30,0.13,SCMS from RDC,N/A - From RDC,See DN-2812 (ID#:83068)
86795,DN-4210,Generic,Burundi,22-Apr-15,23-Apr-15,150/300/200mg,Tablet - FDC,No,See DN-4210 (ID#:83906),From RDC,"Lamivudine/Nevirapine/Zidovudine 150/200/300mg, tablets, 60 Tabs",9.6,1056,8152.32,PMO - US,Mylan (formerly Matrix) Nashik,Lamivudine/Nevirapine/Zidovudine,7.72,N/A - From RDC,SO-50290,FPQ-15406,11/19/14,ARV,102-BI-T30,30-Jun-15,Air,Adult,60,0.13,SCMS from RDC,N/A - From RDC,See DN-4210 (ID#:83906)
12144,DN-601,Crixivan,Mozambique,05-Apr-08,05-Apr-08,400mg,Capsule,No,See DN-601 (ID#:10651),From RDC,"Indinavir 400mg [Crixivan], capsules, 180 Caps",53.2,665,33250.0,PMO - US,"MSD, Haarlem, NL",Indinavir,50.0,N/A - From RDC,SO-1039,Pre-PQ Process,Pre-PQ Process,ARV,111-MZ-T01,08-Apr-08,Air,Adult,180,0.28,SCMS from RDC,N/A - From RDC,See DN-601 (ID#:10651)
29061,ASN-13273,Determine,Sudan,03-Feb-12,03-Feb-12,MIssing,Test kit,Yes,1255.77,Direct Drop,"HIV 1/2, Determine Complete HIV Kit, 100 Tests",10.28,70,6230.0,PMO - US,"Alere Medical Co., Ltd.","HIV 1/2, Determine Complete HIV Kit",89.0,9/14/11,SCMS-120452,FPQ-8261,8/29/11,HRDT,102-SD-T30,03-Feb-12,Air,HIV test,100,0.89,"Orgenics, Ltd",EXW,33
37089,ASN-14729,Generic,Haiti,10-May-12,10-May-12,150mg,Tablet,Yes,37744.27,Direct Drop,"Chloroquine 150mg base (as phosphate), tablets, 1000 Tabs",140.96,11000,100540.0,PMO - US,"Micro Labs, Hosur, India",Chloroquine base (as phosphate),9.14,01-05-12,SCMS-132170,FPQ-8635,12-07-11,ANTM,122-HT-T30,10-May-12,Air,Malaria,1000,0.01,THE MEDICAL EXPORT GROUP BV,EXW,5051
9039,ASN-3732,Aluvia,South Africa,21-Jan-09,21-Jan-09,200/50mg,Tablet,No,Freight Included in Commodity Cost,Direct Drop,"Lopinavir/Ritonavir 200/50mg [Aluvia], tablets, 120 Tabs",12.12,200,6182.0,PMO - US,ABBVIE Ludwigshafen Germany,Lopinavir/Ritonavir,30.91,Date Not Captured,SCMS-41190,Pre-PQ Process,Pre-PQ Process,ARV,116-ZA-T01,30-Mar-09,Air,Adult,120,0.26,S. BUYS WHOLESALER,DDP,Weight Captured Separately
14628,ASN-27978,Aluvia,South Africa,27-Aug-14,27-Aug-14,200/50mg,Tablet,No,Freight Included in Commodity Cost,Direct Drop,"Lopinavir/Ritonavir 200/50mg [Aluvia], tablets, 120 Tabs",1.53,48,1236.47,PMO - US,ABBVIE Ludwigshafen Germany,Lopinavir/Ritonavir,25.76,8/27/14,SCMS-199283,FPQ-12522,07-11-13,ARV,116-ZA-T30,27-Aug-14,Truck,Adult,120,0.21,S. BUYS WHOLESALER,DDP,Weight Captured Separately
85827,DN-2535,Generic,Haiti,12-Mar-12,12-Mar-12,50mg,Capsule,No,See DN-2535 (ID#:83011),From RDC,"Efavirenz 50mg, capsule, 30 Caps",5.28,1680,3763.2,PMO - US,"Aurobindo Unit III, India",Efavirenz,2.24,N/A - From RDC,SO-41300,FPQ-9056,12/20/11,ARV,106-HT-T30,02-Mar-12,Air,Pediatric,30,0.07,SCMS from RDC,N/A - From RDC,See DN-2535 (ID#:83011)
52081,ASN-9942,Generic,South Africa,03-May-11,03-May-11,150/300mg,Tablet - FDC,Yes,3073.74,Direct Drop,"Lamivudine/Zidovudine 150/300mg, tablets, 60 Tabs",450.6,25000,209000.0,PMO - US,"Aurobindo Unit III, India",Lamivudine/Zidovudine,8.36,9/24/10,SCMS-83830,FPQ-6262,8/31/10,ARV,161-ZA-T30,03-May-11,Ocean,Adult,60,0.14,Aurobindo Pharma Limited,DDP,2275
83879,DN-4099,Generic,Nigeria,14-Jan-15,20-Jan-15,600/300/300mg,Tablet - FDC,Yes,37929,From RDC,"Efavirenz/Lamivudine/Tenofovir Disoproxil Fumarate 600/300/300mg, tablets, 30 Tabs",1175.02,117112,1143013.12,PMO - US,Hetero Unit III Hyderabad IN,Efavirenz/Lamivudine/Tenofovir Disoproxil Fumarate,9.76,N/A - From RDC,SO-49681,FPQ-14766,8/13/14,ARV,151-NG-T30,28-Feb-15,Air Charter,Adult,30,0.33,SCMS from RDC,N/A - From RDC,15735
70236,ASN-10479,Invirase,Guatemala,18-Apr-11,18-Apr-11,500mg,Tablet,Yes,566.56,Direct Drop,"Saquinavir 500mg [Invirase], tablets, 120 Tabs",68.56,175,41553.18,PMO - US,Roche Basel,Saquinavir,237.45,01-05-11,SCMS-96160,FPQ-6964,12/29/10,ARV,202-GT-T30,18-Apr-11,Air,Adult,120,1.98,Hoffmann-La Roche ltd Basel,FCA,31
83829,DN-3844,Generic,Guyana,30-Jul-14,05-Sep-14,150mg,Tablet,No,See DN-3844 (ID#:82710),From RDC,"Lamivudine 150mg, tablets, 60 Tabs",0.57,320,556.8,PMO - US,"Aurobindo Unit III, India",Lamivudine,1.74,N/A - From RDC,SO-48520,FPQ-14042,04-09-14,ARV,105-GY-T30,30-Sep-14,Air,Adult,60,0.03,SCMS from RDC,N/A - From RDC,See DN-3844 (ID#:82710)
84734,DN-2744,Generic,Uganda,26-Jul-12,26-Jul-12,600/200/300mg,Tablet - FDC,No,See DN-2744 (ID#:82490),From RDC,"Efavirenz/Emtricitabine/Tenofovir Disoproxil Fumarate 600/200/300mg, tablets, 30 Tabs",129.68,6150,92496.0,PMO - US,Mylan (formerly Matrix) Nashik,Efavirenz/Emtricitabine/Tenofovir Disoproxil Fumarate,15.04,N/A - From RDC,SO-41593,FPQ-9355,2/20/12,ARV,114-UG-T30,05-Sep-12,Truck,Adult,30,0.5,SCMS from RDC,N/A - From RDC,See DN-2744 (ID#:82490)
66762,ASN-14873,Determine,CÃte dIvoire,31-May-12,31-May-12,MIssing,Test kit,Yes,28142.92,Direct Drop,"HIV 1/2, Determine Complete HIV Kit, 100 Tests",336.48,3000,240000.0,PMO - US,"Alere Medical Co., Ltd.","HIV 1/2, Determine Complete HIV Kit",80.0,3/22/12,SCMS-141420,FPQ-9394,2/28/12,HRDT,104-CI-T30,31-May-12,Air,HIV test,100,0.8,"Orgenics, Ltd",EXW,1428
55253,ASN-8442,Generic,South Africa,08-Dec-10,08-Dec-10,200mg,Tablet,Yes,5159.33,Direct Drop,"Nevirapine 200mg, tablets, 60 Tabs",166.2,26400,77088.0,PMO - US,"Aurobindo Unit III, India",Nevirapine,2.92,3/19/10,SCMS-68981,FPQ-5303,3/18/10,ARV,161-ZA-T30,08-Dec-10,Air,Adult,60,0.05,Aurobindo Pharma Limited,DDP,3113
27026,ASN-7537,Generic,South Africa,29-Jul-10,29-Jul-10,300mg,Tablet,Yes,1881.24,Direct Drop,"Tenofovir Disoproxil Fumarate 300mg, tablets, 30 Tabs",33.99,2016,15765.12,PMO - US,"Cipla, Goa, India",Tenofovir Disoproxil Fumarate,7.82,3/19/10,SCMS-68720,FPQ-5303,3/18/10,ARV,161-ZA-T30,19-Jul-10,Air,Adult,30,0.26,CIPLA LIMITED,DDP,136
83694,DN-3194,Generic,Tanzania,18-Jun-13,18-Jun-13,600/200/300mg,Tablet - FDC,Yes,22904.02,From RDC,"Efavirenz/Emtricitabine/Tenofovir Disoproxil Fumarate 600/200/300mg, tablets, 30 Tabs",490.53,30598,396550.08,PMO - US,"Cipla, Goa, India",Efavirenz/Emtricitabine/Tenofovir Disoproxil Fumarate,12.96,N/A - From RDC,SO-44383,FPQ-11393,12/30/12,ARV,109-TZ-T30,31-May-13,Air,Adult,30,0.43,SCMS from RDC,N/A - From RDC,3637
86390,DN-2237,Generic,Benin,09-Jun-11,09-Jun-11,200mg,Tablet,No,See DN-2237 (ID#:82954),From RDC,"Nevirapine 200mg, tablets, 60 Tabs",58.32,14081,35343.31,PMO - US,"Strides, Bangalore, India.",Nevirapine,2.51,N/A - From RDC,SO-39790,FPQ-7658,5/15/11,ARV,100-BJ-T30,13-Jun-11,Air,Adult,60,0.04,SCMS from RDC,N/A - From RDC,See DN-2237 (ID#:82954)
84539,DN-1701,Generic,Nigeria,31-Mar-10,31-Mar-10,150/200/30mg,Tablet - FDC,Yes,Freight Included in Commodity Cost,From RDC,"Lamivudine/Nevirapine/Stavudine 150/200/30mg, tablets, 60 Tabs",0.26,20,122.2,PMO - US,"Strides, Bangalore, India.",Lamivudine/Nevirapine/Stavudine,6.11,N/A - From RDC,SO-35041,FPQ-4537,11-06-09,ARV,151-NG-T30,19-Apr-10,Air Charter,Adult,60,0.1,SCMS from RDC,N/A - From RDC,2
83278,DN-3932,Generic,Tanzania,22-Oct-14,04-Nov-14,30/60mg,Chewable/dispersible tablet - FDC,Yes,5364.61,From RDC,"Lamivudine/Zidovudine 30/60mg, dispersible tablets, 60 Tabs",25.83,11688,25129.2,PMO - US,"Cipla, Goa, India",Lamivudine/Zidovudine,2.15,N/A - From RDC,SO-47654,FPQ-13566,1/15/14,ARV,109-TZ-T30,31-Oct-14,Truck,Pediatric,60,0.04,SCMS from RDC,N/A - From RDC,1673
67225,ASN-31765,Uni-Gold,South Sudan,25-Jul-15,29-Jul-15,MIssing,Test kit,No,See ASN-31765 (ID#:41640),Direct Drop,"HIV 1/2, Uni-Gold HIV Kit, 20 Tests",0.68,18,576.0,PMO - US,"Trinity Biotech, Plc","HIV 1/2, Uni-Gold HIV Kit",32.0,2/20/15,SCMS-272150,FPQ-15569,12/29/14,HRDT,105-SS-T30,25-Jul-15,Air,HIV test,20,1.6,"Trinity Biotech, Plc",EXW,See ASN-31765 (ID#:41640)
18633,ASN-8632,Uni-Gold,Sudan,29-Nov-10,29-Nov-10,MIssing,Test kit,Yes,1117.79,Direct Drop,"HIV 1/2, Uni-Gold HIV Kit, 20 Tests",3.45,50,1600.0,PMO - US,"Trinity Biotech, Plc","HIV 1/2, Uni-Gold HIV Kit",32.0,8/23/10,SCMS-81710,FPQ-6171,08-05-10,HRDT,102-SD-T30,29-Nov-10,Air,HIV test,20,1.6,"Trinity Biotech, Plc",EXW,17
83089,DN-2914,Generic,Zimbabwe,19-Nov-12,19-Nov-12,30/60mg,Tablet - FDC,Yes,6933.75,From RDC,"Lamivudine/Zidovudine 30/60mg, tablets, 60 Tabs",101.64,26267,72496.92,PMO - US,Mylan (formerly Matrix) Nashik,Lamivudine/Zidovudine,2.76,N/A - From RDC,SO-42270,FPQ-9907,5/15/12,ARV,103-ZW-T30,19-Nov-12,Truck,Pediatric,60,0.05,SCMS from RDC,N/A - From RDC,1875
85294,DN-2811,Generic,Guyana,29-Aug-12,29-Aug-12,10mg/ml,Oral solution,No,See DN-2811 (ID#:83067),From RDC,"Zidovudine 10mg/ml, oral solution w/syringe, Bottle, 240 ml",1.08,366,768.6,PMO - US,"Aurobindo Unit III, India",Zidovudine,2.1,N/A - From RDC,SO-42780,FPQ-10252,07-05-12,ARV,105-GY-T30,02-Oct-12,Air,Pediatric,240,0.01,SCMS from RDC,N/A - From RDC,See DN-2811 (ID#:83067)
10784,DN-1356,Generic,CÃte dIvoire,11-Aug-09,11-Aug-09,300mg,Tablet,Yes,1854.88,From RDC,"Abacavir 300mg, tablets, 60 Tabs",345.68,6930,176368.5,PMO - US,Mylan (formerly Matrix) Nashik,Abacavir,25.45,N/A - From RDC,SO-27542,Pre-PQ Process,Date Not Captured,ARV,104-CI-T01,11-Aug-09,Air,Adult,60,0.42,SCMS from RDC,N/A - From RDC,687
60966,ASN-12267,Determine,Liberia,13-Oct-11,13-Oct-11,MIssing,Test kit,Yes,8738.06,Direct Drop,"HIV 1/2, Determine Complete HIV Kit, 100 Tests",91.74,695,55600.0,PMO - US,"Alere Medical Co., Ltd.","HIV 1/2, Determine Complete HIV Kit",80.0,8/18/11,SCMS-118700,FPQ-8135,08-04-11,HRDT,901-LR-T30,13-Oct-11,Air,HIV test,100,0.8,"Orgenics, Ltd",EXW,332
71518,ASN-16124,Generic,Vietnam,02-Oct-12,02-Oct-12,30/50/60mg,Chewable/dispersible tablet - FDC,No,See ASN-16124 (ID#:20321),Direct Drop,"Lamivudine/Nevirapine/Zidovudine 30/50/60mg, dispersible tablets, 60 Tabs",50.61,8698,36096.7,PMO - US,Mylan (formerly Matrix) Nashik,Lamivudine/Nevirapine/Zidovudine,4.15,06-11-12,SCMS-145310,FPQ-9576,04-11-12,ARV,108-VN-T30,02-Oct-12,Air,Pediatric,60,0.07,MYLAN LABORATORIES LTD (FORMERLY MATRIX LABORATORIES),EXW,See ASN-16124 (ID#:20321)
84395,DN-3841,Aluvia,Uganda,15-Jul-14,17-Jul-14,200/50mg,Tablet,Yes,2676,From RDC,"Lopinavir/Ritonavir 200/50mg [Aluvia], tablets, 120 Tabs",71.21,3426,69273.72,PMO - US,ABBVIE Ludwigshafen Germany,Lopinavir/Ritonavir,20.22,N/A - From RDC,SO-47850,FPQ-13693,02-07-14,ARV,114-UG-T30,31-Jul-14,Truck,Adult,120,0.17,SCMS from RDC,N/A - From RDC,698
47862,ASN-29098,Prezista,Mozambique,21-Nov-14,10-Dec-14,600mg,Tablet,Yes,Freight Included in Commodity Cost,Direct Drop,"Darunavir 600mg [Prezista], tablets, 60 Tabs",2.78,50,2700.0,PMO - US,"Janssen-Cilag, Latina, IT",Darunavir,54.0,7/28/14,SCMS-247380,FPQ-14235,5/21/14,ARV,111-MZ-T30,21-Nov-14,Air,Adult,60,0.9,JANSSEN SCIENCES IRELAND UC (FORMERLY JANSSEN R&D IRELAND),CIP,Weight Captured Separately
82880,DN-1777,Generic,Nigeria,18-May-10,18-May-10,150/300mg+600mg,Tablet - FDC + co-blister,Yes,9736.1,From RDC,"Lamivudine/Zidovudine+Efavirenz 150/300mg+600mg, tablets, co-blister 60+30 Tabs",50.63,854,23485.0,PMO - US,"Aurobindo Unit III, India",Lamivudine/Zidovudine+Efavirenz,27.5,N/A - From RDC,SO-35110,FPQ-4537,11-06-09,ARV,151-NG-T30,31-Mar-10,Air Charter,Adult,90,0.31,SCMS from RDC,N/A - From RDC,142
11475,DN-401,Generic,Zimbabwe,25-Nov-07,25-Nov-07,150/200/30mg,Tablet - FDC,No,See DN-401 (ID#:11474),From RDC,"Lamivudine/Nevirapine/Stavudine 150/200/30mg, tablets, 60 Tabs",177.6,15000,111000.0,PMO - US,"Cipla, Goa, India",Lamivudine/Nevirapine/Stavudine,7.4,N/A - From RDC,SO-706,Pre-PQ Process,Pre-PQ Process,ARV,100-ZW-T01,25-Nov-07,Air,Adult,60,0.12,SCMS from RDC,N/A - From RDC,See DN-401 (ID#:11474)
79879,ASN-26518,Determine,CÃte dIvoire,24-Jun-14,25-Jun-14,MIssing,Test kit,Yes,8158.8,Direct Drop,"HIV 1/2, Determine Complete HIV Kit, 100 Tests",123.36,1500,120000.0,PMO - US,"Alere Medical Co., Ltd.","HIV 1/2, Determine Complete HIV Kit",80.0,2/26/14,SCMS-228050,FPQ-13602,1/22/14,HRDT,104-CI-T30,24-Jun-14,Air,HIV test,100,0.8,"Orgenics, Ltd",EXW,606
51098,ASN-9568,Generic,Vietnam,28-Feb-11,28-Feb-11,300mg,Tablet,No,See ASN-9568 (ID#:29427),Direct Drop,"Abacavir 300mg, tablets, 60 Tabs",17.46,540,8100.0,PMO - US,Mylan (formerly Matrix) Nashik,Abacavir,15.0,10/14/10,SCMS-87760,FPQ-6384,9/30/10,ARV,108-VN-T30,28-Feb-11,Air,Adult,60,0.25,MYLAN LABORATORIES LTD (FORMERLY MATRIX LABORATORIES),EXW,See ASN-9568 (ID#:29427)
17135,ASN-21230,Determine,Tanzania,13-Sep-13,13-Sep-13,MIssing,Test kit,Yes,21384.75,Direct Drop,"HIV 1/2, Determine Complete HIV Kit, 100 Tests",0,3053,0.0,PMO - US,"Alere Medical Co., Ltd.","HIV 1/2, Determine Complete HIV Kit",0.0,5/29/13,SCMS-189360,FPQ-12197,4/30/13,HRDT,109-TZ-T30,17-Sep-13,Air,HIV test,100,0.0,"Standard Diagnostics, Inc.",EXW,1265
24051,ASN-5222,Bioline,Tanzania,24-Dec-09,24-Dec-09,MIssing,Test kit,Yes,36096.76,Direct Drop,"HIV 1/2, Bioline 3.0 Kit, (no accessories), 30 Tests",457.23,9720,233280.0,PMO - US,"Standard Diagnostics, Korea","HIV 1/2, Bioline 3.0 Kit (no accessories)",24.0,09-11-09,SCMS-52776,FPQ-4157,8/27/09,HRDT,109-TZ-T30,24-Dec-09,Air,HIV test,30,0.8,"Standard Diagnostics, Inc.",EXW,3240
9201,ASN-4819,Truvada,South Africa,21-Jul-09,21-Jul-09,300/200mg,Tablet - FDC,No,Freight Included in Commodity Cost,Direct Drop,"Emtricitabine/Tenofovir Disoproxil Fumarate 200/300mg [Truvada], tablets, 30 Tabs",20.91,260,10670.4,PMO - US,"Aspen-OSD, Port Elizabeth, SA",Emtricitabine/Tenofovir Disoproxil Fumarate,41.04,06-05-09,SCMS-47050,Pre-PQ Process,Pre-PQ Process,ARV,116-ZA-T01,12-Oct-09,Truck,Adult,30,1.37,S. BUYS WHOLESALER,DDP,Weight Captured Separately
1079,ASN-4634,Generic,South Africa,17-Jun-09,17-Jun-09,10mg/ml,Oral solution,Yes,Freight Included in Commodity Cost,Direct Drop,"Lamivudine 10mg/ml, oral solution, Bottle, 240 ml",3.79,342,1932.3,PMO - US,"Aurobindo Unit III, India",Lamivudine,5.65,3/18/09,SCMS-41464,Pre-PQ Process,Pre-PQ Process,ARV,116-ZA-T01,25-Jun-09,Air,Pediatric,240,0.02,S. BUYS WHOLESALER,DDP,Weight Captured Separately
36562,ASN-9423,Norvir,Mozambique,02-Mar-11,02-Mar-11,100mg,Tablet,Yes,2698.28,Direct Drop,"Ritonavir 100mg [Norvir], film coated tablets, 30 Tabs",16.56,2240,7683.2,PMO - US,ABBVIE Ludwigshafen Germany,Ritonavir,3.43,8/25/10,SCMS-82730,FPQ-4740,12/23/09,ARV,111-MZ-T30,02-Mar-11,Air,Adult,30,0.11,ABBVIE LOGISTICS (FORMERLY ABBOTT LOGISTICS BV),FCA,216
11567,DN-950,Generic,Zambia,21-Oct-08,21-Oct-08,200mg,Tablet,Yes,4060.55,From RDC,"Nevirapine 200mg, tablets, 60 Tabs",269.59,40454,137543.6,PMO - US,"Aurobindo Unit III, India",Nevirapine,3.4,N/A - From RDC,SO-2490,Pre-PQ Process,Pre-PQ Process,ARV,110-ZM-T01,21-Oct-08,Truck,Adult,60,0.06,SCMS from RDC,N/A - From RDC,3787
69463,ASN-28761,Generic,Haiti,09-Jan-15,12-Jan-15,600mg,Tablet,No,See ASN-28761 (ID#:38632),Direct Drop,"Efavirenz 600mg, tablets, 30 Tabs",131.93,43065,128333.7,PMO - US,"Micro labs, Verna, Goa, India",Efavirenz,2.98,06-02-14,SCMS-240130,FPQ-14083,05-11-14,ARV,106-HT-T30,09-Jan-15,Ocean,Adult,30,0.1,MICRO LABS LIMITED,EXW,See ASN-28761 (ID#:38632)
26188,ASN-11930,Bioline,Tanzania,29-Sep-11,29-Sep-11,MIssing,Test kit,Yes,23030.38,Direct Drop,"HIV 1/2, Bioline 3.0 Kit, Lancets, Capillary pipets, Alcohol swabs included, 25 Tests",330,10000,200000.0,PMO - US,"Standard Diagnostics, Korea","HIV 1/2, Bioline 3.0 Kit, Lancets, Capillary pipets, Alcohol swabs included",20.0,7/18/11,SCMS-114980,FPQ-7909,6/24/11,HRDT,109-TZ-T30,29-Sep-11,Air,HIV test,25,0.8,"Standard Diagnostics, Inc.",EXW,3334
3753,ASN-3737,Invirase,South Africa,23-Jan-09,23-Jan-09,200mg,Capsule,Yes,Freight Included in Commodity Cost,Direct Drop,"Saquinavir 200mg [Invirase], capsules, 270 Caps",0.23,2,114.9,PMO - US,Roche Basel,Saquinavir,57.45,Date Not Captured,SCMS-41210,Pre-PQ Process,Pre-PQ Process,ARV,116-ZA-T01,30-Mar-09,Air,Adult,270,0.21,S. BUYS WHOLESALER,DDP,Weight Captured Separately
69253,ASN-19620,Generic,Vietnam,02-Jul-13,02-Jul-13,150mg,Tablet,Yes,10627.8,Direct Drop,"Lamivudine 150mg, tablets, 60 Tabs",103.22,46100,83441.0,PMO - US,"Micro labs, Verna, Goa, India",Lamivudine,1.81,1/22/13,SCMS-174370,FPQ-11417,01-10-13,ARV,108-VN-T30,02-Jul-13,Air,Adult,60,0.03,MICRO LABS LIMITED,EXW,2350
51608,ASN-33189,OraQuick,Cameroon,23-Jul-15,27-Jul-15,MIssing,Test kit,Yes,Invoiced Separately,Direct Drop,"HIV 1/2, OraQuick Advance HIV Rapid Antibody Kit, 100 Tests",10.3,25,8750.0,PMO - US,"Pacific Biotech, Thailand","HIV 1/2, OraQuick Advance HIV Rapid Antibody Kit",350.0,6/25/15,SCMS-291900,FPQ-16474,06-09-15,HRDT,103-CM-T30,23-Jul-15,Air,HIV test,100,3.5,Orasure Technologies Inc.,EXW,Weight Captured Separately
86240,DN-1453,Generic,Nigeria,20-Oct-09,20-Oct-09,10mg/ml,Oral suspension,Yes,9341.49,From RDC,"Nevirapine 10mg/ml, oral suspension, Bottle, 240 ml",4.52,1200,2304.0,PMO - US,"Aurobindo Unit III, India",Nevirapine,1.92,N/A - From RDC,SO-32981,FPQ-4040,7/29/09,ARV,112-NG-T30,31-Oct-09,Air Charter,Pediatric,240,0.01,SCMS from RDC,N/A - From RDC,445
1358,ASN-781,Generic,Vietnam,15-Oct-07,15-Oct-07,10mg/ml,Oral solution,No,See ASN-781 (ID#:115),Direct Drop,"Zidovudine 10mg/ml, oral solution, Bottle, 240 ml",3.36,1000,2100.0,PMO - US,"Aurobindo Unit III, India",Zidovudine,2.1,07-04-07,SCMS-753,Pre-PQ Process,Pre-PQ Process,ARV,108-VN-T01,15-Oct-07,Air,Pediatric,240,0.01,Aurobindo Pharma Limited,EXW,See ASN-781 (ID#:115)
84926,DN-3689,Generic,Rwanda,17-May-14,23-Jun-14,600/300/300mg,Tablet - FDC,Yes,14311,From RDC,"Efavirenz/Lamivudine/Tenofovir Disoproxil Fumarate 600/300/300mg, tablets, 30 Tabs",815.07,61123,658905.94,PMO - US,Hetero Unit III Hyderabad IN,Efavirenz/Lamivudine/Tenofovir Disoproxil Fumarate,10.78,N/A - From RDC,SO-46560,FPQ-12901,8/30/13,ARV,107-RW-T30,16-Jun-14,Truck,Adult,30,0.36,SCMS from RDC,N/A - From RDC,8281
83422,DN-1800,Generic,Guyana,27-May-10,27-May-10,10mg/ml,Oral solution,Yes,3170.64,From RDC,"Lamivudine 10mg/ml, oral solution, Bottle, 240 ml",2.03,471,942.0,PMO - US,"Cipla, Goa, India",Lamivudine,2.0,N/A - From RDC,SO-36640,FPQ-5470,04-07-10,ARV,105-GY-T30,30-Jun-10,Air,Pediatric,240,0.01,SCMS from RDC,N/A - From RDC,221
82879,DN-1766,Generic,Uganda,12-Apr-10,12-Apr-10,200mg,Tablet,No,See DN-1766 (ID#:82878),From RDC,"Nevirapine 200mg, tablets, 60 Tabs",24.72,4200,11466.0,PMO - US,"Aurobindo Unit III, India",Nevirapine,2.73,N/A - From RDC,SO-36170,FPQ-5239,03-02-10,ARV,114-UG-T30,26-May-10,Air,Adult,60,0.05,SCMS from RDC,N/A - From RDC,See DN-1766 (ID#:82878)
77781,ASN-7373,Aluvia,South Africa,31-May-10,31-May-10,200/50mg,Tablet,No,Freight Included in Commodity Cost,Direct Drop,"Lopinavir/Ritonavir 200/50mg [Aluvia], tablets, 120 Tabs",26.84,300,12447.35,PMO - US,ABBVIE Ludwigshafen Germany,Lopinavir/Ritonavir,41.49,4/21/10,SCMS-71370,FPQ-5535,4/19/10,ARV,116-ZA-T30,31-May-10,Truck,Adult,120,0.35,S. BUYS WHOLESALER,DDP,Weight Captured Separately
7731,ASN-3752,Stocrin/Sustiva,South Africa,21-Nov-08,21-Nov-08,50mg,Capsule,No,Freight Included in Commodity Cost,Direct Drop,"Efavirenz 50mg [Stocrin/Sustiva], capsule, 30 Caps",1.79,400,912.0,PMO - US,"MSD Midrand, Jburg, SA",Efavirenz,2.28,Date Not Captured,SCMS-41140,Pre-PQ Process,Pre-PQ Process,ARV,116-ZA-T01,31-Mar-09,Air,Pediatric,30,0.08,S. BUYS WHOLESALER,DDP,Weight Captured Separately
86328,DN-1984,Generic,CÃte dIvoire,23-Aug-10,23-Aug-10,150mg,Tablet,No,See DN-1984 (ID#:83453),From RDC,"Lamivudine 150mg, tablets, 60 Tabs",62.22,12386,28859.38,PMO - US,"Aurobindo Unit III, India",Lamivudine,2.33,N/A - From RDC,SO-36890,FPQ-5623,05-07-10,ARV,104-CI-T30,31-Aug-10,Air,Adult,60,0.04,SCMS from RDC,N/A - From RDC,See DN-1984 (ID#:83453)
11865,DN-750,Generic,Nigeria,27-May-08,27-May-08,150/300/200mg,Tablet - FDC,Yes,11815.12,From RDC,"Lamivudine/Nevirapine/Zidovudine 150/200/300mg, tablets, 60 Tabs",352.93,16610,220580.8,PMO - US,"Aurobindo Unit III, India",Lamivudine/Nevirapine/Zidovudine,13.28,N/A - From RDC,SO-2664,Pre-PQ Process,Pre-PQ Process,ARV,131-NG-T01,27-May-08,Air,Adult,60,0.22,SCMS from RDC,N/A - From RDC,1832
12875,DN-1181,Generic,Mozambique,03-Jun-09,03-Jun-09,150/200/30mg,Tablet - FDC,Yes,10211.52,From RDC,"Lamivudine/Nevirapine/Stavudine 150/200/30mg, tablets, 60 Tabs",1905.12,135000,972000.0,PMO - US,"Strides, Bangalore, India.",Lamivudine/Nevirapine/Stavudine,7.2,N/A - From RDC,SO-17531,Pre-PQ Process,Pre-PQ Process,ARV,111-MZ-T01,03-Jun-09,Truck,Adult,60,0.12,SCMS from RDC,N/A - From RDC,10053
82746,DN-3974,Generic,Zimbabwe,30-Oct-14,07-Nov-14,600/300/300mg,Tablet - FDC,No,See DN-3974 (ID#:82745),From RDC,"Efavirenz/Lamivudine/Tenofovir Disoproxil Fumarate 600/300/300mg, tablets, 30 Tabs",790.41,75013,768883.25,PMO - US,Cipla Ltd A-42 MIDC Mahar. IN,Efavirenz/Lamivudine/Tenofovir Disoproxil Fumarate,10.25,N/A - From RDC,SO-49171,FPQ-14458,6/13/14,ARV,113-ZW-T30,31-Jan-15,Truck,Adult,30,0.34,SCMS from RDC,N/A - From RDC,See DN-3974 (ID#:82745)
7468,ASN-2933,Colloidal Gold,Ethiopia,01-Dec-08,01-Dec-08,MIssing,Test kit,Yes,23035.69,Direct Drop,"HIV 1/2, SKB Colloidal Gold, Diagnostic Kit, Antibody, 50 Tests",158.23,3510,80730.0,PMO - US,"KHB Test Kit Facility, Shanghai China","HIV 1/2, Colloidal Gold, Diagnostic Kit, Antibody",23.0,10/27/08,SCMS-32640,Pre-PQ Process,Pre-PQ Process,HRDT,117-ET-T01,03-Dec-08,Air,HIV test,1,23.0,"SHANGHAI KEHUA BIOENGINEERING CO.,LTD.  (KHB)",EXW,2535
82605,DN-3335,Generic,Burundi,05-Nov-13,12-Nov-13,150/300/200mg,Tablet - FDC,No,See DN-3335 (ID#:82604),From RDC,"Lamivudine/Nevirapine/Zidovudine 150/200/300mg, tablets, 60 Tabs",13.73,1344,11101.44,PMO - US,Hetero Unit III Hyderabad IN,Lamivudine/Nevirapine/Zidovudine,8.26,N/A - From RDC,SO-46010,FPQ-12602,07-09-13,ARV,102-BI-T30,03-Nov-13,Air,Adult,60,0.14,SCMS from RDC,N/A - From RDC,See DN-3335 (ID#:82604)
85330,DN-3012,Generic,Mozambique,22-Mar-13,22-Mar-13,150mg,Tablet,No,See DN-3012 (ID#:83107),From RDC,"Lamivudine 150mg, tablets, 60 Tabs",3.59,1458,2901.42,PMO - US,Hetero Unit III Hyderabad IN,Lamivudine,1.99,N/A - From RDC,SO-43760,FPQ-11033,11-12-12,ARV,111-MZ-T30,01-Apr-13,Truck,Adult,60,0.03,SCMS from RDC,N/A - From RDC,See DN-3012 (ID#:83107)
86297,DN-1795,Generic,Mozambique,14-Jun-10,14-Jun-10,300mg,Tablet,No,See DN-1795 (ID#:82315),From RDC,"Zidovudine 300mg, tablets, 60 Tabs",78.35,5040,36338.4,PMO - US,Hetero Unit III Hyderabad IN,Zidovudine,7.21,N/A - From RDC,SO-35750,FPQ-4711,12/23/09,ARV,111-MZ-T30,21-Jun-10,Truck,Adult,60,0.12,SCMS from RDC,N/A - From RDC,See DN-1795 (ID#:82315)
63234,ASN-8453,Determine,Sudan,12-Nov-10,12-Nov-10,MIssing,Test kit,Yes,2742.83,Direct Drop,"HIV 1/2, Determine Complete HIV Kit, 100 Tests",49.89,260,23140.0,PMO - US,Inverness Japan,"HIV 1/2, Determine Complete HIV Kit",89.0,09-02-10,SCMS-83990,FPQ-6119,8/30/10,HRDT,102-SD-T30,12-Nov-10,Air,HIV test,100,0.89,"Orgenics, Ltd",EXW,119
12558,DN-1135,Generic,Nigeria,19-Mar-09,19-Mar-09,150/300/200mg,Tablet - FDC,Yes,11492.86,From RDC,"Lamivudine/Nevirapine/Zidovudine 150/200/300mg, tablets, 60 Tabs",356.25,15944,181761.6,PMO - US,"Aurobindo Unit III, India",Lamivudine/Nevirapine/Zidovudine,11.4,N/A - From RDC,SO-21801,Pre-PQ Process,Pre-PQ Process,ARV,151-NG-T01,19-Mar-09,Air Charter,Adult,60,0.19,SCMS from RDC,N/A - From RDC,1793
56165,ASN-6559,Crixivan,CÃte dIvoire,27-Apr-10,27-Apr-10,400mg,Capsule,Yes,1434.5,Direct Drop,"Indinavir 400mg [Crixivan], capsules, 180 Caps",215.6,2000,100000.0,PMO - US,"MSD, Haarlem, NL",Indinavir,50.0,02-12-10,SCMS-62980,FPQ-4698,12/28/09,ARV,104-CI-T30,27-Apr-10,Air,Adult,180,0.28,MERCK SHARP & DOHME IDEA GMBH (FORMALLY MERCK SHARP & DOHME B.V.),CIP,518
11140,DN-271,Generic,CÃte dIvoire,14-Aug-07,14-Aug-07,150/30mg,Tablet - FDC,Yes,14893,From RDC,"Lamivudine/Stavudine 150/30mg, tablets, 30 Tabs",277.83,86821,173642.0,PMO - US,"Cipla, Goa, India",Lamivudine/Stavudine,2.0,N/A - From RDC,SO-701,Pre-PQ Process,Pre-PQ Process,ARV,104-CI-T01,14-Aug-07,MIssing,Adult,30,0.07,SCMS from RDC,N/A - From RDC,5697
78985,ASN-5855,Determine,Zambia,27-Jan-10,27-Jan-10,MIssing,Test kit,Yes,16793.45,Direct Drop,"HIV 1/2, Determine Complete HIV Kit, 100 Tests",322.04,2282,164304.0,PMO - US,Inverness Japan,"HIV 1/2, Determine Complete HIV Kit",72.0,09-11-09,SCMS-53261,FPQ-4141,8/31/09,HRDT,110-ZM-T30,28-Jan-10,Air,HIV test,100,0.72,"Orgenics, Ltd",EXW,1106
12710,DN-323,Generic,CÃte dIvoire,14-Sep-07,14-Sep-07,20mg/ml,Oral solution,No,See DN-323 (ID#:10588),From RDC,"Abacavir 20mg/ml, oral solution, Bottle, 240 ml",39.6,1500,24750.0,PMO - US,"Aurobindo Unit III, India",Abacavir,16.5,N/A - From RDC,SO-963,Pre-PQ Process,Pre-PQ Process,ARV,104-CI-T01,14-Sep-07,MIssing,Pediatric,240,0.07,SCMS from RDC,N/A - From RDC,See DN-323 (ID#:10588)
16725,ASN-15795,Generic,Vietnam,22-Aug-12,22-Aug-12,50mg,Capsule,Yes,1238.16,Direct Drop,"Efavirenz 50mg, capsule, 30 Caps",9.42,3000,6720.0,PMO - US,"Aurobindo Unit III, India",Efavirenz,2.24,06-12-12,SCMS-145520,FPQ-9577,04-11-12,ARV,108-VN-T30,22-Aug-12,Air,Pediatric,30,0.07,Aurobindo Pharma Limited,EXW,436
69301,ASN-33526,Aluvia,Vietnam,14-Sep-15,14-Sep-15,200/50mg,Tablet,No,See ASN-33526 (ID#:32150),Direct Drop,"Lopinavir/Ritonavir 200/50mg [Aluvia], tablets, 120 Tabs",322.03,4500,273600.0,PMO - US,ABBVIE Ludwigshafen Germany,Lopinavir/Ritonavir,60.8,03-04-15,SCMS-277270,FPQ-15823,2/13/15,ARV,108-VN-T30,14-Sep-15,Air,Adult,120,0.51,ABBVIE LOGISTICS (FORMERLY ABBOTT LOGISTICS BV),FCA,See ASN-33526 (ID#:32150)
85676,DN-1846,Generic,Uganda,22-Jun-10,22-Jun-10,200/300mg,Tablet - FDC,Yes,7879.03,From RDC,"Emtricitabine/Tenofovir Disoproxil Fumarate 200/300mg, tablets, 30 Tabs",152,6000,70500.0,PMO - US,Mylan (formerly Matrix) Nashik,Emtricitabine/Tenofovir Disoproxil Fumarate,11.75,N/A - From RDC,SO-36050,FPQ-5238,03-02-10,ARV,114-UG-T30,30-Jun-10,Air,Adult,30,0.39,SCMS from RDC,N/A - From RDC,493
85787,DN-2341,Generic,Zambia,26-Sep-11,26-Sep-11,300mg,Tablet,Yes,3139.96,From RDC,"Zidovudine 300mg, tablets, 60 Tabs",22.81,1917,13821.57,PMO - US,Hetero Unit III Hyderabad IN,Zidovudine,7.21,N/A - From RDC,SO-39050,FPQ-7233,03-01-11,ARV,110-ZM-T30,21-Sep-11,Truck,Adult,60,0.12,SCMS from RDC,N/A - From RDC,2629
85019,DN-4150,Generic,Rwanda,20-Mar-15,23-Mar-15,30/60mg,Chewable/dispersible tablet - FDC,Yes,1061.37,From RDC,"Lamivudine/Zidovudine 30/60mg, dispersible tablets, 60 Tabs",3.9,1700,3315.0,PMO - US,"Mylan,  H-12 & H-13, India",Lamivudine/Zidovudine,1.95,N/A - From RDC,SO-50740,FPQ-15632,12/23/14,ARV,107-RW-T30,31-Mar-15,Air,Pediatric,60,0.03,SCMS from RDC,N/A - From RDC,268
84718,DN-2623,Generic,CÃte dIvoire,11-Apr-12,11-Apr-12,200mg,Delayed-release capsules,No,See DN-2623 (ID#:83027),From RDC,"Didanosine 200mg, delayed-release capsules, 30 Caps",58.06,3765,41415.0,PMO - US,"Aurobindo Unit III, India",Didanosine,11.0,N/A - From RDC,SO-41150,FPQ-8787,11-11-11,ARV,104-CI-T30,16-Apr-12,Air,Pediatric,30,0.37,SCMS from RDC,N/A - From RDC,See DN-2623 (ID#:83027)
11473,DN-385,Generic,CÃte dIvoire,22-Oct-07,22-Oct-07,MIssing,Test kit - Ancillary,No,See DN-385 (ID#:11186),From RDC,"HIV, Lancet, Safety, for HIV Test kits, 100 Pcs",0.01,595,5.95,PMO - US,Inverness Japan,"HIV, Lancet, Safety, for HIV Test kits, 100 Pcs",0.01,N/A - From RDC,SO-1113,Pre-PQ Process,Pre-PQ Process,HRDT,104-CI-T01,22-Oct-07,Air,HIV test - Ancillary,100,0.0,SCMS from RDC,N/A - From RDC,See DN-385 (ID#:11186)
56870,ASN-30792,Generic,South Africa,19-Feb-15,19-Feb-15,200mg,Tablet,No,Freight Included in Commodity Cost,Direct Drop,"Nevirapine 200mg, tablets, 60 Tabs",0.05,3,53.24,PMO - US,"Aurobindo Unit III, India",Nevirapine,17.75,05-08-14,SCMS-238550,FPQ-13973,4/30/14,ARV,116-ZA-T30,19-Feb-15,Truck,Adult,60,0.3,PHARMACY DIRECT,DDP,Weight Captured Separately
82285,DN-1608,Generic,Mozambique,24-Mar-10,24-Mar-10,300mg,Tablet,Yes,1236.13,From RDC,"Tenofovir Disoproxil Fumarate 300mg, tablets, 30 Tabs",50.83,3040,25931.2,PMO - US,Mylan (formerly Matrix) Nashik,Tenofovir Disoproxil Fumarate,8.53,N/A - From RDC,SO-26422,FPQ-4473,2/26/09,ARV,111-MZ-T30,31-Mar-10,Truck,Adult,30,0.28,SCMS from RDC,N/A - From RDC,163
12781,DN-748,Generic,Tanzania,30-Jun-08,30-Jun-08,150mg,Tablet,No,See DN-748 (ID#:12484),From RDC,"Lamivudine 150mg, tablets, 60 Tabs",41,8805,25622.55,PMO - US,"Ranbaxy, Paonta Shahib, India",Lamivudine,2.91,N/A - From RDC,SO-2556,Pre-PQ Process,Pre-PQ Process,ARV,109-TZ-T01,30-Jun-08,Truck,Adult,60,0.05,SCMS from RDC,N/A - From RDC,See DN-748 (ID#:12484)
9874,ASN-2861,Videx,Vietnam,13-Nov-08,13-Nov-08,25mg,Chewable/dispersible tablet,Yes,1516.05,Direct Drop,"Didanosine 25mg [Videx], chewable tablets, 60 Tabs",3.29,240,1680.0,PMO - US,"BMS Meymac, France",Didanosine,7.0,7/23/08,SCMS-27330,Pre-PQ Process,Pre-PQ Process,ARV,108-VN-T01,13-Nov-08,Air,Pediatric,60,0.12,BRISTOL-MYERS SQUIBB,CIP,52
2295,ASN-3303,Uni-Gold,Namibia,02-Mar-09,02-Mar-09,MIssing,Test kit,Yes,1003.52,Direct Drop,"HIV 1/2, Uni-Gold HIV Kit, 20 Tests",4.26,68,2176.0,PMO - US,"Trinity Biotech, Plc","HIV 1/2, Uni-Gold HIV Kit",32.0,1/13/09,SCMS-37060,Pre-PQ Process,Pre-PQ Process,HRDT,119-NA-T01,02-Mar-09,Air,HIV test,20,1.6,"Trinity Biotech, Plc",EXW,22
11033,DN-1180,Truvada,Tanzania,11-May-09,11-May-09,300/200mg,Tablet - FDC,Yes,5873,From RDC,"Emtricitabine/Tenofovir Disoproxil Fumarate 200/300mg [Truvada], tablets, 30 Tabs",1926.29,37440,982800.0,PMO - US,"Aspen-OSD, Port Elizabeth, SA",Emtricitabine/Tenofovir Disoproxil Fumarate,26.25,N/A - From RDC,SO-18740,Pre-PQ Process,Pre-PQ Process,ARV,109-TZ-T01,11-May-09,Truck,Adult,30,0.88,SCMS from RDC,N/A - From RDC,5712
25928,ASN-30463,Generic,Haiti,09-Apr-15,13-Apr-15,200mg,Tablet,No,See ASN-30463 (ID#:15460),Direct Drop,"Nevirapine 200mg, tablets, 60 Tabs",27.98,12600,27216.0,PMO - US,Hetero Unit III Hyderabad IN,Nevirapine,2.16,01-07-15,SCMS-262980,FPQ-15038,10/22/14,ARV,106-HT-T30,09-Apr-15,Ocean,Adult,60,0.04,HETERO LABS LIMITED,EXW,See ASN-30463 (ID#:15460)
54635,ASN-13788,Generic,CÃte dIvoire,09-Mar-12,09-Mar-12,300/150/300mg,Tablet - FDC,Yes,3095.28,Direct Drop,"Abacavir/Lamivudine/Zidovudine 300/150/300mg, tablets, 60 Tabs",96.1,2080,58240.0,PMO - US,Mylan (formerly Matrix) Nashik,Abacavir/Lamivudine/Zidovudine,28.0,10-10-11,SCMS-124290,FPQ-8366,09-05-11,ARV,104-CI-T30,09-Mar-12,Air,Adult,60,0.47,MYLAN LABORATORIES LTD (FORMERLY MATRIX LABORATORIES),EXW,316
85257,DN-2638,Generic,Dominican Republic,04-May-12,04-May-12,150mg,Tablet,Yes,4392.94,From RDC,"Lamivudine 150mg, tablets, 60 Tabs",3.28,1005,2341.65,PMO - US,Macleods Daman Plant INDIA,Lamivudine,2.33,N/A - From RDC,SO-41880,FPQ-9676,04-09-12,ARV,102-DO-T30,21-May-12,Air,Adult,60,0.04,SCMS from RDC,N/A - From RDC,544
84168,DN-2650,Generic,Nigeria,30-Apr-12,30-Apr-12,200mg,Tablet,Yes,27441.21,From RDC,"Nevirapine 200mg, tablets, 60 Tabs",167.19,48874,119252.56,PMO - US,"Aurobindo Unit III, India",Nevirapine,2.44,N/A - From RDC,SO-41254,FPQ-8952,12-08-11,ARV,151-NG-T30,04-Jul-12,Air Charter,Adult,60,0.04,SCMS from RDC,N/A - From RDC,4754
85886,DN-2791,Generic,Nigeria,14-Aug-12,14-Aug-12,150/300mg,Tablet - FDC,No,See DN-2791 (ID#:83064),From RDC,"Lamivudine/Zidovudine 150/300mg, tablets, 60 Tabs",393.91,35120,280960.0,PMO - US,"Aurobindo Unit III, India",Lamivudine/Zidovudine,8.0,N/A - From RDC,SO-42930,FPQ-9432,03-01-12,ARV,151-NG-T30,20-Aug-12,Air Charter,Adult,60,0.13,SCMS from RDC,N/A - From RDC,See DN-2791 (ID#:83064)
82527,DN-2921,Generic,Uganda,19-Nov-12,19-Nov-12,300/300mg,Tablet - FDC,Yes,24772.95,From RDC,"Lamivudine/Tenofovir Disoproxil Fumarate 300/300mg, tablets, 30 Tabs",198.63,26432,141675.52,PMO - US,Hetero Unit III Hyderabad IN,Lamivudine/Tenofovir Disoproxil Fumarate,5.36,N/A - From RDC,SO-42900,FPQ-10357,7/18/12,ARV,114-UG-T30,10-Dec-12,Truck,Adult,30,0.18,SCMS from RDC,N/A - From RDC,5212
1309,ASN-201,Determine,Ethiopia,15-Jan-07,15-Jan-07,MIssing,Test kit,Yes,24859.45,Direct Drop,"HIV 1/2, Determine Complete HIV Kit, 100 Tests",MIssing,4650,372000.0,PMO - US,ABBVIE GmbH & Co.KG Wiesbaden,"HIV 1/2, Determine Complete HIV Kit",80.0,12/14/06,SCMS-360,Pre-PQ Process,Pre-PQ Process,HRDT,117-ET-T01,15-Jan-07,Air,HIV test,100,0.8,Abbott GmbH & Co. KG,EXW,1707
21493,ASN-21349,Stat-Pak,Burundi,20-Sep-13,20-Sep-13,MIssing,Test kit,Yes,1682.15,Direct Drop,"HIV 1/2, Stat-Pak Dipstick Assay Kit, 30 Tests",42.64,1249,34472.4,PMO - US,Chembio Diagnostics Sys. Inc.,"HIV 1/2, Stat-Pak Dipstick Assay Kit",27.6,7/31/13,SCMS-199580,FPQ-12580,07-09-13,HRDT,102-BI-T30,20-Sep-13,Air,HIV test,30,0.92,"CHEMBIO DIAGNOSTIC SYSTEMS, INC.",EXW,145
83743,DN-3447,Generic,CÃte dIvoire,17-Dec-13,20-Jan-14,30/50/60mg,Chewable/dispersible tablet - FDC,Yes,1965.57,From RDC,"Lamivudine/Nevirapine/Zidovudine 30/50/60mg, dispersible tablets, 60 Tabs",20.21,4200,16338.0,PMO - US,"Strides, Bangalore, India.",Lamivudine/Nevirapine/Zidovudine,3.89,N/A - From RDC,SO-44180,FPQ-11253,12/14/12,ARV,104-CI-T30,17-Dec-13,Truck,Pediatric,60,0.06,SCMS from RDC,N/A - From RDC,180
26260,ASN-32092,Determine,Burundi,07-Jul-15,08-Jul-15,MIssing,Test kit,Yes,Invoiced Separately,Direct Drop,"HIV 1/2, Determine Complete HIV Kit, 100 Tests",148.96,1582,126560.0,PMO - US,"Alere Medical Co., Ltd.","HIV 1/2, Determine Complete HIV Kit",80.0,1/26/15,SCMS-269300,FPQ-15492,12-04-14,HRDT,102-BI-T30,07-Jul-15,Air,HIV test,100,0.8,"Orgenics, Ltd",EXW,Weight Captured Separately
73301,ASN-9071,Invirase,Uganda,21-Dec-10,21-Dec-10,500mg,Tablet,Yes,968.25,Direct Drop,"Saquinavir 500mg [Invirase], tablets, 120 Tabs",16.75,98,10150.19,PMO - US,Roche Madrid,Saquinavir,103.57,11/17/10,SCMS-91740,FPQ-6563,10/31/10,ARV,114-UG-T30,21-Dec-10,Air,Adult,120,0.86,Hoffmann-La Roche ltd Basel,FCA,18
86116,DN-3827,Generic,Mozambique,25-Aug-14,28-Aug-14,150/300/200mg,Tablet - FDC,No,See DN-3827 (ID#:82705),From RDC,"Lamivudine/Nevirapine/Zidovudine 150/200/300mg, tablets, 60 Tabs",1938.17,232476,1885380.36,PMO - US,"Cipla, Goa, India",Lamivudine/Nevirapine/Zidovudine,8.11,N/A - From RDC,SO-47050,FPQ-13124,10/21/13,ARV,111-MZ-T30,29-Aug-14,Truck,Adult,60,0.14,SCMS from RDC,N/A - From RDC,See DN-3827 (ID#:82705)
83300,DN-4085,Generic,Rwanda,09-Feb-15,20-Feb-15,60/30mg,Chewable/dispersible tablet - FDC,No,See DN-4085 (ID#:82772),From RDC,"Abacavir/Lamivudine 60/30mg, dispersible tablets, 60 Tabs",6.78,1296,6596.64,PMO - US,"Cipla, Patalganga, India",Abacavir/Lamivudine,5.09,N/A - From RDC,SO-49950,FPQ-14811,10/15/14,ARV,107-RW-T30,30-Jan-15,Truck,Pediatric,60,0.08,SCMS from RDC,N/A - From RDC,See DN-4085 (ID#:82772)
12060,DN-184,Aluvia,Mozambique,11-Jul-07,11-Jul-07,200/50mg,Tablet,Yes,630.23,From RDC,"Lopinavir/Ritonavir 200/50mg [Aluvia], tablets, 120 Tabs",MIssing,801,32921.1,PMO - US,ABBVIE Ludwigshafen Germany,Lopinavir/Ritonavir,41.1,N/A - From RDC,SO-578,Pre-PQ Process,Pre-PQ Process,ARV,111-MZ-T01,11-Jul-07,Air,Adult,120,0.34,SCMS from RDC,N/A - From RDC,333
4649,ASN-2577,Colloidal Gold,Ethiopia,06-Oct-08,06-Oct-08,MIssing,Test kit,Yes,44347.71,Direct Drop,"HIV 1/2, SKB Colloidal Gold, Diagnostic Kit, Antibody, 50 Tests",257.67,7002,161046.0,PMO - US,"KHB Test Kit Facility, Shanghai China","HIV 1/2, Colloidal Gold, Diagnostic Kit, Antibody",23.0,8/22/08,SCMS-28720,Pre-PQ Process,Pre-PQ Process,HRDT,117-ET-T01,06-Oct-08,Air,HIV test,1,23.0,"SHANGHAI KEHUA BIOENGINEERING CO.,LTD.  (KHB)",EXW,5057
82916,DN-2011,Generic,CÃte dIvoire,25-Sep-10,25-Sep-10,10mg/ml,Oral solution,No,See DN-2011 (ID#:82350),From RDC,"Lamivudine 10mg/ml, oral solution, Bottle, 240 ml",20.68,4970,9592.1,PMO - US,"Cipla, Goa, India",Lamivudine,1.93,N/A - From RDC,SO-36880,FPQ-5623,05-07-10,ARV,104-CI-T30,30-Sep-10,Air,Pediatric,240,0.01,SCMS from RDC,N/A - From RDC,See DN-2011 (ID#:82350)
12857,DN-852,Generic,Tanzania,22-Aug-08,22-Aug-08,150/300mg,Tablet - FDC,Yes,5367.09,From RDC,"Lamivudine/Zidovudine 150/300mg, tablets, 60 Tabs",1155.58,76427,722235.15,PMO - US,"Aurobindo Unit III, India",Lamivudine/Zidovudine,9.45,N/A - From RDC,SO-11860,Pre-PQ Process,Pre-PQ Process,ARV,109-TZ-T01,22-Aug-08,Air,Adult,60,0.16,SCMS from RDC,N/A - From RDC,7017
37031,ASN-17077,Generic,Vietnam,10-Dec-12,10-Dec-12,10mg/ml,Oral solution,Yes,4531.29,Direct Drop,"Lamivudine 10mg/ml, oral solution w/syringe, Bottle, 240 ml",0.96,370,684.5,PMO - US,"Aurobindo Unit III, India",Lamivudine,1.85,8/14/12,SCMS-156140,FPQ-10287,7/25/12,ARV,108-VN-T30,10-Dec-12,Air,Pediatric,240,0.01,Aurobindo Pharma Limited,EXW,2998
26294,ASN-30376,Invirase,South Africa,26-Jan-15,26-Jan-15,200mg,Capsule,Yes,Freight Included in Commodity Cost,Direct Drop,"Saquinavir 200mg [Invirase], capsules, 270 Caps",1.54,27,1498.82,PMO - US,Roche Madrid,Saquinavir,55.51,1/26/15,SCMS-259072,FPQ-14942,09-11-14,ARV,116-ZA-T30,26-Jan-15,Truck,Adult,270,0.21,PHARMACY DIRECT,DDP,Weight Captured Separately
36890,ASN-5933,Viread,South Africa,29-Dec-09,29-Dec-09,300mg,Tablet,No,Freight Included in Commodity Cost,Direct Drop,"Tenofovir Disoproxil Fumarate 300mg [Viread], tablets, 30 Tabs",30.41,500,14105.11,PMO - US,"Aspen-OSD, Port Elizabeth, SA",Tenofovir Disoproxil Fumarate,28.21,12/23/09,SCMS-60170,FPQ-4770,12/17/09,ARV,116-ZA-T30,29-Dec-09,Truck,Adult,30,0.94,S. BUYS WHOLESALER,DDP,Weight Captured Separately
84173,DN-2687,Generic,Nigeria,03-Jun-12,03-Jun-12,600mg,Tablet,No,See DN-2687 (ID#:82480),From RDC,"Efavirenz 600mg, tablets, 30 Tabs",178.5,32562,127317.42,PMO - US,"Strides, Bangalore, India.",Efavirenz,3.91,N/A - From RDC,SO-42332,FPQ-9432,03-01-12,ARV,151-NG-T30,02-Aug-12,Air Charter,Adult,30,0.13,SCMS from RDC,N/A - From RDC,See DN-2687 (ID#:82480)
12663,DN-234,Capillus,Tanzania,13-Jul-07,13-Jul-07,MIssing,Test kit,Yes,4458,From RDC,"HIV 1/2, Capillus HIV Kit, 100 Tests",444.8,2000,278000.0,PMO - US,"Trinity Biotech, Plc","HIV 1/2, Capillus HIV Kit",139.0,N/A - From RDC,SO-758,Pre-PQ Process,Pre-PQ Process,HRDT,109-TZ-T01,13-Jul-07,Air,HIV test,100,1.39,SCMS from RDC,N/A - From RDC,1415
12213,DN-1031,Generic,CÃte dIvoire,05-Jan-09,05-Jan-09,150/300mg,Tablet - FDC,Yes,23382.04,From RDC,"Lamivudine/Zidovudine 150/300mg, tablets, 60 Tabs",498.91,27224,254544.4,PMO - US,"Aurobindo Unit III, India",Lamivudine/Zidovudine,9.35,N/A - From RDC,SO-19330,Pre-PQ Process,Pre-PQ Process,ARV,104-CI-T01,05-Jan-09,Air,Adult,60,0.16,SCMS from RDC,N/A - From RDC,2506
86183,DN-4192,Generic,Zambia,10-Apr-15,20-Apr-15,600/300/300mg,Tablet - FDC,Yes,78454.01,From RDC,"Efavirenz/Lamivudine/Tenofovir Disoproxil Fumarate 600/300/300mg, tablets, 30 Tabs",5930.22,600906,5768697.6,PMO - US,Mylan (formerly Matrix) Nashik,Efavirenz/Lamivudine/Tenofovir Disoproxil Fumarate,9.6,N/A - From RDC,SO-49621,FPQ-14784,08-12-14,ARV,110-ZM-T30,01-May-15,Truck,Adult,30,0.32,SCMS from RDC,N/A - From RDC,67880
10614,DN-336,Generic,CÃte dIvoire,21-Sep-07,21-Sep-07,150/300mg,Tablet - FDC,Yes,2762,From RDC,"Lamivudine/Zidovudine 150/300mg, tablets, 60 Tabs",201.69,11803,126056.04,PMO - US,"Aurobindo Unit III, India",Lamivudine/Zidovudine,10.68,N/A - From RDC,SO-923,Pre-PQ Process,Pre-PQ Process,ARV,104-CI-T01,21-Sep-07,MIssing,Adult,60,0.18,SCMS from RDC,N/A - From RDC,1148
45608,ASN-4770,Uni-Gold,Kenya,11-Sep-09,11-Sep-09,MIssing,Test kit,Yes,2865.63,Direct Drop,"HIV 1/2, Uni-Gold HIV Kit, 20 Tests",31.36,500,16000.0,PMO - US,"Trinity Biotech, Plc","HIV 1/2, Uni-Gold HIV Kit",32.0,7/31/09,SCMS-50870,FPQ-3984,7/20/09,HRDT,102-KE-T30,11-Sep-09,Air,HIV test,20,1.6,"Trinity Biotech, Plc",EXW,170
83710,DN-3268,Generic,"Congo, DRC",08-Feb-14,11-Mar-14,200/50mg,Tablet,No,See DN-3268 (ID#:82595),From RDC,"Lopinavir/Ritonavir 200/50mg, tablets, 120 Tabs",10.18,378,8232.84,PMO - US,Mylan (formerly Matrix) Nashik,Lopinavir/Ritonavir,21.78,N/A - From RDC,SO-45020,FPQ-12033,04-08-13,ARV,101-CD-T30,27-Aug-13,Air,Adult,120,0.18,SCMS from RDC,N/A - From RDC,See DN-3268 (ID#:82595)
10686,DN-834,Generic,Nigeria,16-Jul-08,16-Jul-08,600mg,Tablet,Yes,10231.84,From RDC,"Efavirenz 600mg, tablets, 30 Tabs",221.5,11527,138439.27,PMO - US,"Aurobindo Unit III, India",Efavirenz,12.01,N/A - From RDC,SO-2552,Pre-PQ Process,Pre-PQ Process,ARV,123-NG-T01,16-Jul-08,Air,Adult,30,0.4,SCMS from RDC,N/A - From RDC,1994
10749,DN-959,Generic,Nigeria,30-Oct-08,30-Oct-08,600mg,Tablet,Yes,18617.93,From RDC,"Efavirenz 600mg, tablets, 30 Tabs",46.01,2003,23475.16,PMO - US,"Aurobindo Unit III, India",Efavirenz,11.72,N/A - From RDC,SO-10610,Pre-PQ Process,Pre-PQ Process,ARV,130-NG-T01,30-Oct-08,Air,Adult,30,0.39,SCMS from RDC,N/A - From RDC,181
17600,ASN-26443,Uni-Gold,Tanzania,08-Aug-14,29-Sep-14,MIssing,Test kit,Yes,1428.13,Direct Drop,"HIV 1/2, Uni-Gold HIV Kit, 20 Tests",11.05,336,10752.0,PMO - US,"Trinity Biotech, Plc","HIV 1/2, Uni-Gold HIV Kit",32.0,05-06-14,SCMS-235370,FPQ-13945,3/27/14,HRDT,109-TZ-T30,08-Aug-14,Air,HIV test,20,1.6,"Trinity Biotech, Plc",EXW,101
83405,DN-1671,Generic,CÃte dIvoire,10-Mar-10,10-Mar-10,150/30mg,Tablet - FDC,No,See DN-1671 (ID#:82863),From RDC,"Lamivudine/Stavudine 150/30mg, tablets, 60 Tabs",73.7,11060,37604.0,PMO - US,"Strides, Bangalore, India.",Lamivudine/Stavudine,3.4,N/A - From RDC,SO-34412,FPQ-4378,10/15/09,ARV,104-CI-T30,09-Mar-10,Air,Adult,60,0.06,SCMS from RDC,N/A - From RDC,See DN-1671 (ID#:82863)
86111,DN-3789,Generic,CÃte dIvoire,09-Jul-14,07-Aug-14,60/30mg,Tablet - FDC,Yes,2436.32,From RDC,"Abacavir/Lamivudine 60/30mg, tablets, 60 Tabs",42.05,10000,40900.0,PMO - US,Mylan (formerly Matrix) Nashik,Abacavir/Lamivudine,4.09,N/A - From RDC,SO-47120,FPQ-13142,10/22/13,ARV,104-CI-T30,30-Jun-14,Truck,Pediatric,60,0.07,SCMS from RDC,N/A - From RDC,365
85798,DN-2402,Generic,Nigeria,14-Oct-11,14-Oct-11,150/300mg,Tablet - FDC,Yes,21326.73,From RDC,"Lamivudine/Zidovudine 150/300mg, tablets, 60 Tabs",1205.25,88433,730456.58,PMO - US,"Aurobindo Unit III, India",Lamivudine/Zidovudine,8.26,N/A - From RDC,SO-40725,FPQ-8364,8/29/11,ARV,151-NG-T30,02-Mar-12,Air Charter,Adult,60,0.14,SCMS from RDC,N/A - From RDC,8935
41201,ASN-5862,Generic,South Africa,08-Dec-09,08-Dec-09,150mg,Tablet,Yes,Freight Included in Commodity Cost,Direct Drop,"Lamivudine 150mg, tablets, 60 Tabs",0.92,46,470.75,PMO - US,"Aurobindo Unit III, India",Lamivudine,10.23,9/22/09,SCMS-50362,FPQ-3596,05-07-09,ARV,116-ZA-T30,08-Dec-09,Truck,Adult,60,0.17,S. BUYS WHOLESALER,DDP,Weight Captured Separately
15772,ASN-13475,Generic,Vietnam,01-Mar-12,01-Mar-12,150/300/200mg,Tablet - FDC,Yes,17392.05,Direct Drop,"Lamivudine/Nevirapine/Zidovudine 150/200/300mg, tablets, 60 Tabs",517.28,30000,313500.0,PMO - US,"Aurobindo Unit III, India",Lamivudine/Nevirapine/Zidovudine,10.45,10-04-11,SCMS-123520,FPQ-8428,9/21/11,ARV,108-VN-T30,01-Mar-12,Air,Adult,60,0.17,Aurobindo Pharma Limited,EXW,10210
42571,ASN-19032,Determine,Pakistan,09-Sep-13,09-Sep-13,MIssing,Test kit,Yes,21689.39,Direct Drop,"HIV 1/2, Determine Complete HIV Kit, 100 Tests",502.93,4484,358720.0,PMO - US,"Alere Medical Co., Ltd.","HIV 1/2, Determine Complete HIV Kit",80.0,07-09-12,SCMS-149800,FPQ-9899,5/18/12,HRDT,110-PK-T30,09-Sep-13,Air,HIV test,100,0.8,INVERNESS MEDICAL INNOVATIONS HONG KONG LTD,EXW,1948
45278,ASN-27980,Aluvia,South Africa,27-Aug-14,27-Aug-14,200/50mg,Tablet,No,Freight Included in Commodity Cost,Direct Drop,"Lopinavir/Ritonavir 200/50mg [Aluvia], tablets, 120 Tabs",0.73,23,592.47,PMO - US,ABBVIE Ludwigshafen Germany,Lopinavir/Ritonavir,25.76,8/27/14,SCMS-199283,FPQ-12522,07-11-13,ARV,116-ZA-T30,27-Aug-14,Truck,Adult,120,0.21,S. BUYS WHOLESALER,DDP,Weight Captured Separately
14929,ASN-33339,Generic,South Africa,15-Jul-15,15-Jul-15,600/200/300mg,Tablet - FDC,Yes,Freight Included in Commodity Cost,Direct Drop,"Efavirenz/Emtricitabine/Tenofovir Disoproxil Fumarate 600/200/300mg, tablets, 30 Tabs",0.4,9,342.83,PMO - US,Mylan (formerly Matrix) Nashik,Efavirenz/Emtricitabine/Tenofovir Disoproxil Fumarate,38.09,05-07-15,SCMS-278621,FPQ-15869,2/23/15,ARV,116-ZA-T30,15-Jul-15,Truck,Adult,30,1.27,PHARMACY DIRECT,DDP,Weight Captured Separately
86321,DN-1964,Generic,Haiti,23-Aug-10,23-Aug-10,10mg/ml,Oral solution,No,See DN-1964 (ID#:82908),From RDC,"Zidovudine 10mg/ml, oral solution, Bottle, 240 ml",20.35,4672,9437.44,PMO - US,"Aurobindo Unit III, India",Zidovudine,2.02,N/A - From RDC,SO-36760,FPQ-5523,4/19/10,ARV,106-HT-T30,10-Aug-10,Air,Pediatric,240,0.01,SCMS from RDC,N/A - From RDC,See DN-1964 (ID#:82908)
10718,DN-838,Bioline,Zimbabwe,26-Jul-08,26-Jul-08,MIssing,Test kit,Yes,5663,From RDC,"HIV 1/2, Bioline 3.0 Kit, Lancets, Capillary pipets, Alcohol swabs included, 25 Tests",9.82,307,6140.0,PMO - US,"Standard Diagnostics, Korea","HIV 1/2, Bioline 3.0 Kit, Lancets, Capillary pipets, Alcohol swabs included",20.0,N/A - From RDC,SO-1052,Pre-PQ Process,Pre-PQ Process,HRDT,113-ZW-T01,26-Jul-08,Truck,HIV test,25,0.8,SCMS from RDC,N/A - From RDC,1368
83004,DN-2499,Generic,"Congo, DRC",14-Feb-12,14-Feb-12,300mg,Tablet,Yes,Invoiced Separately,From RDC,"Abacavir 300mg, tablets, 60 Tabs",1.13,55,804.65,PMO - US,Mylan (formerly Matrix) Nashik,Abacavir,14.63,N/A - From RDC,SO-41137,FPQ-8840,11/21/11,ARV,101-CD-T30,16-Mar-12,Air,Adult,60,0.24,SCMS from RDC,N/A - From RDC,Weight Captured Separately
10566,DN-172,Generic,Nigeria,26-Jun-07,26-Jun-07,150mg,Tablet,Yes,1732,From RDC,"Lamivudine 150mg, tablets, 60 Tabs",MIssing,880,2912.8,PMO - US,"Ranbaxy, Paonta Shahib, India",Lamivudine,3.31,N/A - From RDC,SO-557,Pre-PQ Process,Pre-PQ Process,ARV,112-NG-T01,26-Jun-07,MIssing,Adult,60,0.06,SCMS from RDC,N/A - From RDC,226
43430,ASN-9856,Generic,South Africa,05-Apr-11,05-Apr-11,300mg,Tablet,Yes,7704.77,Direct Drop,"Tenofovir Disoproxil Fumarate 300mg, tablets, 30 Tabs",1196.5,105707,725150.02,PMO - US,"Cipla, Goa, India",Tenofovir Disoproxil Fumarate,6.86,12/14/10,SCMS-93640,FPQ-6708,11/26/10,ARV,161-ZA-T30,05-Apr-11,Ocean,Adult,30,0.23,CIPLA LIMITED,DDP,7092
5294,ASN-141,Uni-Gold,Nigeria,18-Jan-07,18-Jan-07,MIssing,Test kit,Yes,713.58,Direct Drop,"HIV 1/2, Uni-Gold HIV Kit, 20 Tests",MIssing,40,1600.0,PMO - US,"Trinity Biotech, Plc","HIV 1/2, Uni-Gold HIV Kit",40.0,Date Not Captured,SCMS-228,Pre-PQ Process,Pre-PQ Process,HRDT,102-NG-T01,18-Jan-07,Air,HIV test,20,2.0,"Trinity Biotech, Plc",EXW,14
24063,ASN-19486,Uni-Gold,Tanzania,11-Jun-13,11-Jun-13,MIssing,Test kit,Yes,1979.1,Direct Drop,"HIV 1/2, Uni-Gold HIV Kit, 20 Tests",12.31,311,9952.0,PMO - US,"Trinity Biotech, Plc","HIV 1/2, Uni-Gold HIV Kit",32.0,04-11-13,SCMS-182810,FPQ-11881,3/14/13,HRDT,109-TZ-T30,11-Jun-13,Air,HIV test,20,1.6,"Trinity Biotech, Plc",EXW,1
52380,ASN-12745,Ziagen,South Africa,09-Jan-12,09-Jan-12,20mg/ml,Oral solution,Yes,3755.91,Direct Drop,"Abacavir 20mg/ml [Ziagen], oral solution, Bottle, 240 ml",265.46,17337,160887.36,PMO - US,GSK Mississauga (Canada),Abacavir,9.28,3/30/11,SCMS-104220,FPQ-7400,03-11-11,ARV,161-ZA-T30,09-Jan-12,Ocean,Pediatric,240,0.04,GLAXOSMITHKLINE EXPORT LIMITED,DDP,6680
28844,ASN-33477,Generic,South Africa,24-Jul-15,24-Jul-15,200mg,Capsule,No,Freight Included in Commodity Cost,Direct Drop,"Efavirenz 200mg, capsule, 90 Caps",0.18,10,170.44,PMO - US,"Aurobindo Unit III, India",Efavirenz,17.04,10-09-14,SCMS-259077,FPQ-14942,09-11-14,ARV,116-ZA-T30,24-Jul-15,Truck,Pediatric,90,0.19,PHARMACY DIRECT,DDP,Weight Captured Separately
86315,DN-1912,Generic,Nigeria,28-Jun-10,28-Jun-10,150mg,Tablet,Yes,Freight Included in Commodity Cost,From RDC,"Lamivudine 150mg, tablets, 60 Tabs",0.34,64,156.16,PMO - US,"Aurobindo Unit III, India",Lamivudine,2.44,N/A - From RDC,SO-36493,FPQ-5023,02-10-10,ARV,151-NG-T30,15-Jul-10,Air,Adult,60,0.04,SCMS from RDC,N/A - From RDC,3
84533,DN-1667,Generic,Haiti,03-Mar-10,03-Mar-10,20mg/ml,Oral solution,No,See DN-1667 (ID#:82861),From RDC,"Abacavir 20mg/ml, oral solution, Bottle, 240 ml",8.44,288,3916.8,PMO - US,"Aurobindo Unit III, India",Abacavir,13.6,N/A - From RDC,SO-35920,FPQ-4384,10/23/09,ARV,106-HT-T30,10-Mar-10,Air,Pediatric,240,0.06,SCMS from RDC,N/A - From RDC,See DN-1667 (ID#:82861)
83833,DN-3852,Generic,Burundi,05-Sep-14,18-Sep-14,200/50mg,Tablet,Yes,1855.34,From RDC,"Lopinavir/Ritonavir 200/50mg, tablets, 120 Tabs",5.67,280,5518.8,PMO - US,Mylan (formerly Matrix) Nashik,Lopinavir/Ritonavir,19.71,N/A - From RDC,SO-48580,FPQ-14112,4/18/14,ARV,102-BI-T30,30-Sep-14,Air,Adult,120,0.16,SCMS from RDC,N/A - From RDC,75
73239,ASN-6264,Generic,Vietnam,17-Mar-10,17-Mar-10,150/300mg,Tablet - FDC,No,See ASN-6264 (ID#:52856),Direct Drop,"Lamivudine/Zidovudine 150/300mg, tablets, 60 Tabs",333.12,19740,169961.4,PMO - US,"Aurobindo Unit III, India",Lamivudine/Zidovudine,8.61,11/13/09,SCMS-57140,FPQ-4265,10/20/09,ARV,108-VN-T30,17-Mar-10,Air,Adult,60,0.14,Aurobindo Pharma Limited,EXW,See ASN-6264 (ID#:52856)
34140,ASN-33357,Determine,Tanzania,24-Aug-15,28-Aug-15,MIssing,Test kit,Yes,Invoiced Separately,Direct Drop,"HIV 1/2, Determine Complete HIV Kit, 100 Tests",178.9,1900,152000.0,PMO - US,"Alere Medical Co., Ltd.","HIV 1/2, Determine Complete HIV Kit",80.0,6/25/15,SCMS-293550,FPQ-16453,06-08-15,HRDT,109-TZ-T30,24-Aug-15,Air,HIV test,100,0.8,"Orgenics, Ltd",EXW,Weight Captured Separately
86305,DN-1831,Generic,Zimbabwe,31-May-10,31-May-10,150/200/30mg,Tablet - FDC,No,See DN-1831 (ID#:84564),From RDC,"Lamivudine/Nevirapine/Stavudine 150/200/30mg, tablets, 60 Tabs",328.04,28610,167368.5,PMO - US,"Strides, Bangalore, India.",Lamivudine/Nevirapine/Stavudine,5.85,N/A - From RDC,SO-35910,FPQ-4472,3/17/09,ARV,113-ZW-T30,28-May-10,Air,Adult,60,0.1,SCMS from RDC,N/A - From RDC,See DN-1831 (ID#:84564)
52963,ASN-21707,Generic,Cameroon,07-Nov-13,08-Nov-13,300/300mg,Tablet - FDC,Yes,26980.59,Direct Drop,"Lamivudine/Tenofovir Disoproxil Fumarate 300/300mg, tablets, 30 Tabs",186.52,32426,150780.9,PMO - US,"Aurobindo Unit VII, IN",Lamivudine/Tenofovir Disoproxil Fumarate,4.65,8/23/13,SCMS-204300,FPQ-12837,8/19/13,ARV,901-CM-T30,07-Nov-13,Air,Adult,30,0.16,Aurobindo Pharma Limited,EXW,3234
75980,ASN-5877,Determine,Kenya,16-Feb-10,16-Feb-10,MIssing,Test kit,Yes,14419.86,Direct Drop,"HIV 1/2, Determine Complete HIV Kit, 100 Tests",1466.08,8500,680000.0,PMO - US,Inverness Japan,"HIV 1/2, Determine Complete HIV Kit",80.0,12-02-09,SCMS-58380,FPQ-4587,11/18/09,HRDT,102-KE-T30,16-Feb-10,Air,HIV test,100,0.8,"Orgenics, Ltd",EXW,1462
85473,DN-3685,Generic,CÃte dIvoire,12-May-14,30-Jun-14,150mg,Tablet,No,See DN-3685 (ID#:83245),From RDC,"Lamivudine 150mg, tablets, 60 Tabs",3.26,1821,3168.54,PMO - US,"Micro labs, Verna, Goa, India",Lamivudine,1.74,N/A - From RDC,SO-47160,FPQ-13142,10/22/13,ARV,104-CI-T30,30-May-14,Truck,Adult,60,0.03,SCMS from RDC,N/A - From RDC,See DN-3685 (ID#:83245)
24999,ASN-5799,Generic,Rwanda,27-Jan-10,27-Jan-10,300mg,Tablet,Yes,2483.49,Direct Drop,"Tenofovir Disoproxil Fumarate 300mg, tablets, 30 Tabs",27.35,1630,13952.8,PMO - US,"Aurobindo Unit III, India",Tenofovir Disoproxil Fumarate,8.56,12-08-09,SCMS-48871,FPQ-3859,6/30/09,ARV,107-RW-T30,27-Jan-10,Air,Adult,30,0.29,Aurobindo Pharma Limited,CIP,153
83810,DN-3760,Generic,Uganda,20-Jun-14,09-Jul-14,10mg/ml,Oral suspension,Yes,52211.42,From RDC,"Nevirapine 10mg/ml, oral suspension w/syringe, Bottle, 100 ml",60.14,45000,58500.0,PMO - US,"Aurobindo Unit III, India",Nevirapine,1.3,N/A - From RDC,SO-46874,FPQ-13108,10/16/13,ARV,114-UG-T30,30-Jun-14,Truck,Pediatric,100,0.01,SCMS from RDC,N/A - From RDC,9014
11512,DN-421,Invirase,CÃte dIvoire,17-Jan-08,17-Jan-08,200mg,Capsule,No,See DN-421 (ID#:10919),From RDC,"Saquinavir 200mg [Invirase], capsules, 270 Caps",41.77,332,26108.48,PMO - US,Roche Basel,Saquinavir,78.64,N/A - From RDC,SO-971,Pre-PQ Process,Pre-PQ Process,ARV,104-CI-T01,17-Jan-08,Air,Adult,270,0.29,SCMS from RDC,N/A - From RDC,See DN-421 (ID#:10919)
66626,ASN-31555,Genie,Uganda,17-Apr-15,20-Apr-15,MIssing,Test kit,Yes,660.77,Direct Drop,"HIV 1/2, Genie III Kit, 50 Tests",3.07,30,2982.0,PMO - US,Bio-Rad Laboratories,"HIV 1/2, Genie III Kit",99.4,4/30/14,SCMS-237180,FPQ-14070,04-10-14,HRDT,114-UG-T30,17-Apr-15,Air,HIV test,50,1.99,BIO-RAD LABORATORIES (FRANCE),EXW,17
85665,DN-1721,Generic,Nigeria,31-Mar-10,31-Mar-10,150/300/200mg,Tablet - FDC,Yes,Freight Included in Commodity Cost,From RDC,"Lamivudine/Nevirapine/Zidovudine 150/200/300mg, tablets, 60 Tabs",595.44,24615,276180.3,PMO - US,"Aurobindo Unit III, India",Lamivudine/Nevirapine/Zidovudine,11.22,N/A - From RDC,SO-35062,FPQ-4537,11-06-09,ARV,151-NG-T30,19-Apr-10,Air Charter,Adult,60,0.19,SCMS from RDC,N/A - From RDC,2888
10977,DN-701,Truvada,Zambia,09-May-08,09-May-08,300/200mg,Tablet - FDC,Yes,1772.4,From RDC,"Emtricitabine/Tenofovir Disoproxil Fumarate 200/300mg [Truvada], tablets, 30 Tabs",1680,40000,1050000.0,PMO - US,"Aspen-OSD, Port Elizabeth, SA",Emtricitabine/Tenofovir Disoproxil Fumarate,26.25,N/A - From RDC,SO-1888,Pre-PQ Process,Pre-PQ Process,ARV,110-ZM-T01,09-May-08,MIssing,Adult,30,0.88,SCMS from RDC,N/A - From RDC,3512
84214,DN-2977,Generic,Uganda,05-Feb-13,05-Feb-13,600/300/300mg,Tablet - FDC,Yes,111318.14,From RDC,"Efavirenz/Lamivudine/Tenofovir Disoproxil Fumarate 600/300/300mg, tablets, 30 Tabs",1916.38,112873,1366892.03,PMO - US,Mylan (formerly Matrix) Nashik,Efavirenz/Lamivudine/Tenofovir Disoproxil Fumarate,12.11,N/A - From RDC,SO-42810,FPQ-10328,07-11-12,ARV,114-UG-T30,05-Feb-13,Truck,Adult,30,0.4,SCMS from RDC,N/A - From RDC,12838
51165,ASN-18339,Uni-Gold,Zambia,15-Mar-13,15-Mar-13,MIssing,Test kit,Yes,39662.72,Direct Drop,"HIV 1/2, Uni-Gold HIV Kit, 20 Tests",415.63,10500,336000.0,PMO - US,"Trinity Biotech, Plc","HIV 1/2, Uni-Gold HIV Kit",32.0,1/23/13,SCMS-173910,FPQ-11390,01-08-13,HRDT,110-ZM-T30,15-Mar-13,Air,HIV test,20,1.6,"Trinity Biotech, Plc",EXW,3445
86368,DN-2122,Generic,CÃte dIvoire,15-Mar-11,15-Mar-11,10mg/ml,Oral suspension,No,See DN-2122 (ID#:84622),From RDC,"Nevirapine 10mg/ml, oral suspension w/syringe, Bottle, 240 ml",8.43,2006,3911.7,PMO - US,"Aurobindo Unit III, India",Nevirapine,1.95,N/A - From RDC,SO-37720,FPQ-6495,10-04-10,ARV,104-CI-T30,31-Mar-11,Air,Pediatric,240,0.01,SCMS from RDC,N/A - From RDC,See DN-2122 (ID#:84622)
13700,ASN-25451,Generic,Mozambique,02-May-14,07-May-14,150/300/200mg,Tablet - FDC,Yes,19286.53,Direct Drop,"Lamivudine/Nevirapine/Zidovudine 150/200/300mg, tablets, 60 Tabs",292.93,35136,284952.96,PMO - US,Hetero Unit III Hyderabad IN,Lamivudine/Nevirapine/Zidovudine,8.11,12/17/13,SCMS-219220,FPQ-13395,12-11-13,ARV,111-MZ-T30,02-May-14,Air,Adult,60,0.14,HETERO LABS LIMITED,EXW,4784
85908,DN-2888,Generic,Tanzania,06-Nov-12,06-Nov-12,30/50/6mg,Chewable/dispersible tablet - FDC,Yes,8977,From RDC,"Lamivudine/Nevirapine/Stavudine 30/50/6mg, dispersible tablets, 60 Tabs",56.75,17600,40480.0,PMO - US,"Cipla, Goa, India",Lamivudine/Nevirapine/Stavudine,2.3,N/A - From RDC,SO-41550,FPQ-9303,2/15/12,ARV,109-TZ-T30,30-Nov-12,Truck,Pediatric,60,0.04,SCMS from RDC,N/A - From RDC,3526
15670,ASN-21701,Generic,Cameroon,26-Oct-13,29-Oct-13,200mg,Tablet,Yes,31434.31,Direct Drop,"Nevirapine 200mg, tablets, 60 Tabs",96.29,34595,77838.75,PMO - US,"Aurobindo Unit III, India",Nevirapine,2.25,8/23/13,SCMS-204300,FPQ-12837,8/19/13,ARV,901-CM-T30,18-Oct-13,Air,Adult,60,0.04,Aurobindo Pharma Limited,EXW,3642
85163,DN-2041,Generic,Zimbabwe,25-Nov-10,25-Nov-10,150/200/30mg,Tablet - FDC,No,See DN-2041 (ID#:83461),From RDC,"Lamivudine/Nevirapine/Stavudine 150/200/30mg, tablets, 60 Tabs",1312.36,112100,608703.0,PMO - US,"Cipla, Goa, India",Lamivudine/Nevirapine/Stavudine,5.43,N/A - From RDC,SO-35370,FPQ-4694,12-08-09,ARV,113-ZW-T30,30-Nov-10,Truck,Adult,60,0.09,SCMS from RDC,N/A - From RDC,See DN-2041 (ID#:83461)
83766,DN-3558,Generic,Mozambique,28-Mar-14,04-Apr-14,150/300/200mg,Tablet - FDC,Yes,8406.81,From RDC,"Lamivudine/Nevirapine/Zidovudine 150/200/300mg, tablets, 60 Tabs",348.79,41076,339287.76,PMO - US,"Strides, Bangalore, India.",Lamivudine/Nevirapine/Zidovudine,8.26,N/A - From RDC,SO-47081,FPQ-13123,10/21/13,ARV,111-MZ-T30,15-Apr-14,Truck,Adult,60,0.14,SCMS from RDC,N/A - From RDC,5170
82635,DN-3487,Generic,Zimbabwe,10-Feb-14,19-Mar-14,300/300mg,Tablet - FDC,Yes,15000,From RDC,"Lamivudine/Tenofovir Disoproxil Fumarate 300/300mg, tablets, 30 Tabs",51.22,8609,41409.29,PMO - US,"Cipla, Kurkumbh, India",Lamivudine/Tenofovir Disoproxil Fumarate,4.81,N/A - From RDC,SO-44362,FPQ-11545,1/24/13,ARV,113-ZW-T30,31-Jan-14,Truck,Adult,30,0.16,SCMS from RDC,N/A - From RDC,873
85220,DN-2485,Generic,Haiti,19-Jan-12,19-Jan-12,10mg/ml,Oral solution,Yes,16163.28,From RDC,"Zidovudine 10mg/ml, oral solution w/syringe, Bottle, 240 ml",13.86,4000,8400.0,PMO - US,"Aurobindo Unit III, India",Zidovudine,2.1,N/A - From RDC,SO-39745,FPQ-7653,05-11-11,ARV,106-HT-T30,15-Feb-12,Air,Pediatric,240,0.01,SCMS from RDC,N/A - From RDC,1587
83100,DN-2972,Generic,Tanzania,26-Feb-12,26-Feb-13,200mg,Tablet,Yes,2266,From RDC,"Efavirenz 200mg, scored tablets, 90 Tabs",59,5765,42084.5,PMO - US,"Strides, Bangalore, India.",Efavirenz,7.3,N/A - From RDC,SO-43111,FPQ-10545,8/24/12,ARV,109-TZ-T30,28-Feb-13,Truck,Pediatric,90,0.08,SCMS from RDC,N/A - From RDC,350
22356,ASN-18584,Generic,Nigeria,14-Mar-13,14-Mar-13,100/25mg,Tablet,Yes,2969.34,Direct Drop,"Lopinavir/Ritonavir 100/25mg [Aluvia], tablets, 60 Tabs",16.32,2221,13192.74,PMO - US,ABBVIE Ludwigshafen Germany,Lopinavir/Ritonavir,5.94,12/18/12,SCMS-169180,FPQ-11025,11/15/12,ARV,151-NG-T30,14-Mar-13,Air,Pediatric,60,0.1,ABBVIE LOGISTICS (FORMERLY ABBOTT LOGISTICS BV),EXW,252
66891,ASN-22787,Generic,Cameroon,04-Dec-13,04-Dec-13,300mg,Tablet,Yes,11067.86,Direct Drop,"Zidovudine 300mg, tablets, 60 Tabs",122.11,18180,98717.4,PMO - US,"Aurobindo Unit III, India",Zidovudine,5.43,09-11-13,SCMS-204301,FPQ-12837,8/19/13,ARV,901-CM-T30,04-Dec-13,Air,Adult,60,0.09,Aurobindo Pharma Limited,EXW,1007
2328,ASN-3457,Determine,Haiti,16-Mar-09,16-Mar-09,MIssing,Test kit,Yes,3241.06,Direct Drop,"HIV 1/2, Determine HIV Kit, without Lancets, 100 Tests",230.5,1680,117600.0,PMO - US,Inverness Japan,"HIV 1/2, Determine HIV Kit, without Lancets",70.0,02-03-09,SCMS-38160,Pre-PQ Process,Pre-PQ Process,HRDT,106-HT-T01,16-Mar-09,Air,HIV test,100,0.7,"Orgenics, Ltd",EXW,382
62476,ASN-22038,OraQuick,Cameroon,16-Oct-13,17-Oct-13,MIssing,Test kit,Yes,1406.75,Direct Drop,"HIV 1/2, OraQuick Advance HIV Rapid Antibody Kit, 100 Tests",12.99,30,10500.0,PMO - US,"Orasure Technologies, Inc","HIV 1/2, OraQuick Advance HIV Rapid Antibody Kit",350.0,09-04-13,SCMS-203100,FPQ-12711,08-09-13,HRDT,103-CM-T30,16-Oct-13,Air,HIV test,100,3.5,Orasure Technologies Inc.,EXW,75
33615,ASN-28037,Generic,South Africa,29-Aug-14,29-Aug-14,200mg,Tablet,No,Freight Included in Commodity Cost,Direct Drop,"Nevirapine 200mg, tablets, 60 Tabs",2.01,83,1624.98,PMO - US,"Aurobindo Unit III, India",Nevirapine,19.58,8/29/14,SCMS-199289,FPQ-12522,07-11-13,ARV,116-ZA-T30,29-Aug-14,Truck,Adult,60,0.33,S. BUYS WHOLESALER,DDP,Weight Captured Separately
9095,ASN-4647,Determine,Kenya,28-Aug-09,28-Aug-09,MIssing,Test kit,Yes,17974.69,Direct Drop,"HIV 1/2, Determine Complete HIV Kit, 100 Tests",1176,7500,600000.0,PMO - US,Inverness Japan,"HIV 1/2, Determine Complete HIV Kit",80.0,5/14/09,SCMS-42981,Pre-PQ Process,Pre-PQ Process,HRDT,102-KE-T01,10-Jul-09,Air,HIV test,100,0.8,"Orgenics, Ltd",EXW,2215
12335,DN-27,Generic,Nigeria,22-Feb-07,22-Feb-07,10mg/ml,Oral solution,No,See DN-27 (ID#:10544),From RDC,"Zidovudine 10mg/ml, oral solution, Bottle, 240 ml",MIssing,1200,2580.0,PMO - US,"Aurobindo Unit III, India",Zidovudine,2.15,N/A - From RDC,SO-339,Pre-PQ Process,Pre-PQ Process,ARV,112-NG-T01,22-Feb-07,MIssing,Pediatric,240,0.01,SCMS from RDC,N/A - From RDC,See DN-27 (ID#:10544)
31430,ASN-24765,Norvir,Vietnam,04-Apr-14,08-May-14,100mg,Tablet,Yes,Invoiced Separately,Direct Drop,"Ritonavir 100mg [Norvir], film coated tablets, 30 Tabs",2.88,100,2326.0,PMO - US,ABBVIE Ludwigshafen Germany,Ritonavir,23.26,10-10-13,SCMS-210020,FPQ-13034,10-04-13,ARV,108-VN-T30,04-Apr-14,Air,Adult,30,0.78,ABBVIE LOGISTICS (FORMERLY ABBOTT LOGISTICS BV),FCA,Weight Captured Separately
85428,DN-3457,Generic,Zimbabwe,13-Jan-14,23-Jan-14,30/50/60mg,Chewable/dispersible tablet - FDC,No,See DN-3457 (ID#:82626),From RDC,"Lamivudine/Nevirapine/Zidovudine 30/50/60mg, dispersible tablets, 60 Tabs",425.86,88500,344265.0,PMO - US,"Cipla, Goa, India",Lamivudine/Nevirapine/Zidovudine,3.89,N/A - From RDC,SO-45130,FPQ-12086,4/19/13,ARV,103-ZW-T30,31-Jan-14,Truck,Pediatric,60,0.06,SCMS from RDC,N/A - From RDC,See DN-3457 (ID#:82626)
85867,DN-2697,Generic,"Congo, DRC",11-Sep-12,11-Sep-12,300mg,Tablet,No,See DN-2697 (ID#:83045),From RDC,"Tenofovir Disoproxil Fumarate 300mg, tablets, 30 Tabs",0.93,120,660.0,PMO - US,Mylan (formerly Matrix) Nashik,Tenofovir Disoproxil Fumarate,5.5,N/A - From RDC,SO-41850,FPQ-9640,04-02-12,ARV,102-CD-T30,11-Sep-12,Air,Adult,30,0.18,SCMS from RDC,N/A - From RDC,See DN-2697 (ID#:83045)
11980,DN-1244,Generic,Nigeria,16-Jun-09,16-Jun-09,30mg,Capsule,No,See DN-1244 (ID#:11048),From RDC,"Stavudine 30mg, capsules, 60 Caps",3.04,1002,1553.1,PMO - US,"Aurobindo Unit III, India",Stavudine,1.55,N/A - From RDC,SO-21050,Pre-PQ Process,Pre-PQ Process,ARV,112-NG-T01,16-Jun-09,Air Charter,Adult,60,0.03,SCMS from RDC,N/A - From RDC,See DN-1244 (ID#:11048)
16173,ASN-13952,Videx,Tanzania,29-Mar-12,29-Mar-12,100mg,Chewable/dispersible tablet,Yes,12689.71,Direct Drop,"Didanosine 100mg [Videx],chewable tablets, 60 Tabs",86.93,4132,52683.0,PMO - US,Bristol-Myers Squibb Anagni IT,Didanosine,12.75,08-04-11,SCMS-117230,FPQ-7992,07-08-11,ARV,109-TZ-T30,29-Mar-12,Air,Pediatric,60,0.21,LAWRENCE LABORATORIES (SUBSIDIARY OF BRISTOL MYERS SQUIBB),FCA,1598
5175,ASN-4223,Invirase,Tanzania,30-Jul-09,30-Jul-09,200mg,Capsule,Yes,3310.89,Direct Drop,"Saquinavir 200mg [Invirase], capsules, 270 Caps",143.23,820,73074.13,PMO - US,Roche Basel,Saquinavir,89.11,5/28/09,SCMS-46500,Pre-PQ Process,Pre-PQ Process,ARV,109-TZ-T01,30-Jul-09,Air,Adult,270,0.33,Hoffmann-La Roche ltd Basel,FCA,424
20239,ASN-15443,Generic,Rwanda,20-Jul-12,20-Jul-12,600mg,Tablet,Yes,13244.8,Direct Drop,"Efavirenz 600mg, tablets, 30 Tabs",101.95,20370,72720.9,PMO - US,Hetero Unit III Hyderabad IN,Efavirenz,3.57,6/14/12,SCMS-137421,FPQ-8742,12-07-11,ARV,107-RW-T30,20-Jul-12,Air,Adult,30,0.12,HETERO LABS LIMITED,EXW,1751
21988,ASN-33674,Kaletra,South Africa,11-Aug-15,11-Aug-15,80/20mg/ml,Oral solution,Yes,Freight Included in Commodity Cost,Direct Drop,"Lopinavir/Ritonavir 80/20mg/ml [Kaletra], oral solution, cool, Bottle 5 x 60 ml",0.05,3,51.42,PMO - US,ABBVIE (Abbott) Logis. UK,Lopinavir/Ritonavir,17.14,08-11-15,SCMS-259086,FPQ-14942,09-11-14,ARV,116-ZA-T30,11-Aug-15,Truck,Pediatric,300,0.06,PHARMACY DIRECT,DDP,Weight Captured Separately
81651,ASN-26891,Stat-Pak,CÃte dIvoire,17-Jul-14,17-Jul-14,MIssing,Test kit,Yes,Freight Included in Commodity Cost,Direct Drop,"HIV 1/2, Stat-Pak HIV, Kit, 20 Tests",19.12,600,18600.0,PMO - US,Chembio Diagnostics Sys. Inc.,"HIV 1/2, Stat-Pak HIV, Kit",31.0,2/27/14,SCMS-228030,FPQ-13602,1/22/14,HRDT,104-CI-T30,17-Jul-14,Air,HIV test,20,1.55,"CHEMBIO DIAGNOSTIC SYSTEMS, INC.",EXW,172
86380,DN-2154,Generic,Zambia,20-May-11,20-May-11,200mg,Tablet,No,See DN-2154 (ID#:84084),From RDC,"Nevirapine 200mg, tablets, 60 Tabs",59.13,10927,27426.77,PMO - US,Hetero Unit III Hyderabad IN,Nevirapine,2.51,N/A - From RDC,SO-38970,FPQ-6482,10/15/10,ARV,110-ZM-T30,11-Apr-11,Truck,Adult,60,0.04,SCMS from RDC,N/A - From RDC,See DN-2154 (ID#:84084)
47495,ASN-13382,Generic,Swaziland,19-Mar-12,19-Mar-12,150/300mg+600mg,Tablet - FDC + co-blister,Yes,13491.19,Direct Drop,"Lamivudine/Zidovudine+Efavirenz 150/300mg+600mg, tablets, co-blister 60+30 Tabs",1051.43,46855,637228.0,PMO - US,"Aurobindo Unit III, India",Lamivudine/Zidovudine+Efavirenz,13.6,9/22/11,SCMS-122630,FPQ-8386,9/14/11,ARV,900-SZ-T30,19-Mar-12,Ocean,Adult,90,0.15,Aurobindo Pharma Limited,EXW,7712
61871,ASN-11929,Bioline,Dominican Republic,12-Sep-11,12-Sep-11,MIssing,Test kit,Yes,483.68,Direct Drop,"HIV 1/2, Bioline 3.0 Kit, 100 Tests",5.07,41,3075.0,PMO - US,"Standard Diagnostics, Korea","HIV 1/2, Bioline 3.0 Kit",75.0,08-03-11,SCMS-117370,FPQ-7858,6/21/11,HRDT,105-DO-T30,12-Sep-11,Air,HIV test,100,0.75,"Standard Diagnostics, Inc.",EXW,28
11294,DN-1100,Generic,Haiti,03-Mar-09,03-Mar-09,200mg,Capsule,No,See DN-1100 (ID#:11005),From RDC,"Efavirenz 200mg, capsule, 90 Caps",6.28,210,3204.6,PMO - US,"Aurobindo Unit III, India",Efavirenz,15.26,N/A - From RDC,SO-23750,Pre-PQ Process,Pre-PQ Process,ARV,106-HT-T01,03-Mar-09,Air,Pediatric,90,0.17,SCMS from RDC,N/A - From RDC,See DN-1100 (ID#:11005)
82470,DN-2645,Generic,Nigeria,30-Apr-12,30-Apr-12,150/300mg,Tablet - FDC,Yes,27441.22,From RDC,"Lamivudine/Zidovudine 150/300mg, tablets, 60 Tabs",327.01,29980,233244.4,PMO - US,Mylan (formerly Matrix) Nashik,Lamivudine/Zidovudine,7.78,N/A - From RDC,SO-41920,FPQ-8952,12-08-11,ARV,151-NG-T30,20-Jun-12,Air Charter,Adult,60,0.13,SCMS from RDC,N/A - From RDC,2721
73056,ASN-27372,Multispot,Mozambique,01-Oct-14,01-Oct-14,MIssing,Test kit,Yes,1368.78,Direct Drop,"HIV, Multispot HIV-1/HIV-2 Rapid Test Kit, 50 Tests",102.19,80,99402.4,PMO - US,Bio-Rad Laboratories,"HIV, Multispot HIV-1/HIV-2 Rapid Test Kit",1242.53,5/29/14,SCMS-240820,FPQ-14054,04-10-14,HRDT,111-MZ-T30,01-Oct-14,Air,HIV test,50,24.85,BIO-RAD LABORATORIES (FRANCE),EXW,111
6599,ASN-76,Capillus,Haiti,15-Sep-06,15-Sep-06,MIssing,Test kit,Yes,Freight Included in Commodity Cost,Direct Drop,"HIV 1/2, Capillus HIV Kit, 100 Tests",MIssing,12,3240.0,PMO - US,Not Applicable,"HIV 1/2, Capillus HIV Kit",270.0,Date Not Captured,SCMS-76,Pre-PQ Process,Pre-PQ Process,HRDT,106-HT-T01,15-Sep-06,Air,HIV test,100,2.7,PLURIPHARM S.A.,CIP,Weight Captured Separately
86216,DN-4345,Generic,Rwanda,26-Aug-15,02-Sep-15,200mg,Tablet,No,See DN-4345 (ID#:82820),From RDC,"Efavirenz 200mg, scored tablets, 90 Tabs",26.64,2434,22636.2,PMO - US,"Strides, Bangalore, India.",Efavirenz,9.3,N/A - From RDC,SO-51740,FPQ-16571,07-07-15,ARV,107-RW-T30,08-Sep-15,Air,Pediatric,90,0.1,SCMS from RDC,N/A - From RDC,See DN-4345 (ID#:82820)
10348,ASN-3626,Generic,South Africa,27-Jan-09,27-Jan-09,30mg,Capsule,No,Freight Included in Commodity Cost,Direct Drop,"Stavudine 30mg, capsules, 60 Caps",117.39,24150,59892.0,PMO - US,"Aurobindo Unit III, India",Stavudine,2.48,Date Not Captured,SCMS-41090,Pre-PQ Process,Pre-PQ Process,ARV,116-ZA-T01,09-Jun-09,Air,Adult,60,0.04,S. BUYS WHOLESALER,DDP,Weight Captured Separately
83338,DN-4278,Generic,Nigeria,15-May-15,22-May-15,300mg,Tablet,Yes,5613,From RDC,"Zidovudine 300mg, tablets, 60 Tabs",186.29,34000,181220.0,PMO - US,Hetero Unit III Hyderabad IN,Zidovudine,5.33,N/A - From RDC,SO-51425,FPQ-14989,9/19/14,ARV,151-NG-T30,30-Jun-15,Air Charter,Adult,60,0.09,SCMS from RDC,N/A - From RDC,2300
1673,ASN-1665,Kaletra,South Africa,24-Apr-08,24-Apr-08,133.3/33.3mg,Capsule,No,Freight Included in Commodity Cost,Direct Drop,"Lopinavir/Ritonavir 133.3/33.3mg [Kaletra], capsules, cool, 2 x 90 Caps",25.22,400,15760.0,PMO - US,ABBVIE (Abbott) Logis. UK,Lopinavir/Ritonavir,39.4,2/20/08,SCMS-19800,Pre-PQ Process,Pre-PQ Process,ARV,116-ZA-T01,24-Apr-08,Truck,Adult,180,0.22,S. BUYS WHOLESALER,DDP,Weight Captured Separately
86250,DN-1597,Generic,Uganda,07-Jan-10,07-Jan-10,600mg,Tablet,Yes,2064.42,From RDC,"Efavirenz 600mg, tablets, 30 Tabs",31.15,2500,14450.0,PMO - US,"Aurobindo Unit III, India",Efavirenz,5.78,N/A - From RDC,SO-34830,FPQ-4497,10/28/09,ARV,114-UG-T30,10-Feb-10,Air,Adult,30,0.19,SCMS from RDC,N/A - From RDC,216
45729,ASN-12380,Generic,South Africa,04-Jan-12,04-Jan-12,300mg,Tablet,Yes,6599.86,Direct Drop,"Zidovudine 300mg, tablets, 60 Tabs",1118.82,92887,678075.1,PMO - US,"Aurobindo Unit III, India",Zidovudine,7.3,3/24/11,SCMS-103380,FPQ-7175,03-10-11,ARV,161-ZA-T30,04-Jan-12,Ocean,Adult,60,0.12,Aurobindo Pharma Limited,DDP,4810
12754,DN-501,Generic,CÃte dIvoire,14-Dec-07,14-Dec-07,150/200/30mg,Tablet - FDC,Yes,13325,From RDC,"Lamivudine/Nevirapine/Stavudine 150/200/30mg, tablets, 60 Tabs",473.6,40000,296000.0,PMO - US,"Cipla, Goa, India",Lamivudine/Nevirapine/Stavudine,7.4,N/A - From RDC,SO-1483,Pre-PQ Process,Pre-PQ Process,ARV,104-CI-T01,14-Dec-07,Air,Adult,60,0.12,SCMS from RDC,N/A - From RDC,4026
55188,ASN-13082,Uni-Gold,Tanzania,09-Feb-12,09-Feb-12,MIssing,Test kit,Yes,1938.15,Direct Drop,"HIV 1/2, Uni-Gold HIV Kit, 20 Tests",23.76,450,14400.0,PMO - US,"Trinity Biotech, Plc","HIV 1/2, Uni-Gold HIV Kit",32.0,7/28/11,SCMS-116830,FPQ-8071,7/22/11,HRDT,109-TZ-T30,09-Feb-12,Air,HIV test,20,1.6,"Trinity Biotech, Plc",EXW,148
32865,ASN-28379,Determine,"Congo, DRC",31-Dec-14,31-Dec-14,MIssing,Test kit,Yes,62196.13,Direct Drop,"HIV 1/2, Determine Complete HIV Kit, 100 Tests",440.72,5359,428720.0,PMO - US,"Alere Medical Co., Ltd.","HIV 1/2, Determine Complete HIV Kit",80.0,8/27/14,SCMS-253270,FPQ-14654,08-11-14,HRDT,101-CD-T30,31-Dec-14,Air,HIV test,100,0.8,"Orgenics, Ltd",EXW,2131
52756,ASN-14660,Colloidal Gold,Burundi,05-Jun-12,05-Jun-12,MIssing,Test kit,Yes,1327.6,Direct Drop,"HIV 1/2, SKB Colloidal Gold, Diagnostic Kit, Antibody, 50 Tests",0.79,23,563.5,PMO - US,"KHB Test Kit Facility, Shanghai China","HIV 1/2, Colloidal Gold, Diagnostic Kit, Antibody",24.5,04-09-12,SCMS-141800,FPQ-9231,2/17/12,HRDT,102-BI-T30,05-Jun-12,Air,HIV test,1,24.5,"SHANGHAI KEHUA BIOENGINEERING CO.,LTD.  (KHB)",EXW,21
86426,DN-2448,Generic,CÃte dIvoire,05-Dec-11,05-Dec-11,600mg,Tablet,Yes,3526.27,From RDC,"Efavirenz 600mg, tablets, 30 Tabs",139.79,20076,84720.72,PMO - US,"Strides, Bangalore, India.",Efavirenz,4.22,N/A - From RDC,SO-40821,FPQ-8363,8/29/11,ARV,104-CI-T30,02-Mar-12,Truck,Adult,30,0.14,SCMS from RDC,N/A - From RDC,1223
86362,DN-2090,Generic,Nigeria,16-Feb-11,16-Feb-11,150/200/30mg,Tablet - FDC,No,See DN-2090 (ID#:82366),From RDC,"Lamivudine/Nevirapine/Stavudine 150/200/30mg, tablets, 60 Tabs",11.99,1000,5560.0,PMO - US,"Strides, Bangalore, India.",Lamivudine/Nevirapine/Stavudine,5.56,N/A - From RDC,SO-38320,FPQ-6243,8/25/10,ARV,151-NG-T30,22-Feb-11,Air Charter,Adult,60,0.09,SCMS from RDC,N/A - From RDC,See DN-2090 (ID#:82366)
82708,DN-3843,Generic,"Congo, DRC",24-Sep-14,06-Nov-14,150mg,Tablet,No,See DN-3843 (ID#:82707),From RDC,"Lamivudine 150mg, tablets, 60 Tabs",1.75,980,1705.2,PMO - US,"Aurobindo Unit III, India",Lamivudine,1.74,N/A - From RDC,SO-48850,FPQ-14252,05-07-14,ARV,101-CD-T30,13-Aug-14,Air,Adult,60,0.03,SCMS from RDC,N/A - From RDC,See DN-3843 (ID#:82707)
85928,DN-2987,Generic,Zambia,19-Feb-13,19-Feb-13,20mg/ml,Oral solution,Yes,6923.53,From RDC,"Abacavir 20mg/ml, oral solution w/syringe, Bottle, 240 ml",61.78,3648,44067.84,PMO - US,"Aurobindo Unit III, India",Abacavir,12.08,N/A - From RDC,SO-43440,FPQ-10728,10-05-12,ARV,110-ZM-T30,19-Feb-13,Truck,Pediatric,240,0.05,SCMS from RDC,N/A - From RDC,974
85432,DN-3493,Generic,South Sudan,11-Feb-14,13-Feb-14,200mg,Tablet,No,See DN-3493 (ID#:84322),From RDC,"Efavirenz 200mg, scored tablets, 90 Tabs",0.63,66,613.8,PMO - US,"Strides, Bangalore, India.",Efavirenz,9.3,N/A - From RDC,SO-47110,FPQ-13173,10/28/13,ARV,103-SS-T30,22-Jan-14,Air,Pediatric,90,0.1,SCMS from RDC,N/A - From RDC,See DN-3493 (ID#:84322)
86307,DN-1850,Generic,CÃte dIvoire,07-Jun-10,07-Jun-10,300mg,Tablet,Yes,2677.09,From RDC,"Tenofovir Disoproxil Fumarate 300mg, tablets, 30 Tabs",8.04,488,3728.32,PMO - US,Mylan (formerly Matrix) Nashik,Tenofovir Disoproxil Fumarate,7.64,N/A - From RDC,SO-36821,FPQ-5619,05-02-10,ARV,104-CI-T30,03-Jun-10,Air,Adult,30,0.25,SCMS from RDC,N/A - From RDC,28
15149,ASN-11024,Generic,Vietnam,22-Jun-11,22-Jun-11,150mg,Tablet,Yes,18207.5,Direct Drop,"Lamivudine 150mg, tablets, 60 Tabs",66,20000,40000.0,PMO - US,Mylan (formerly Matrix) Nashik,Lamivudine,2.0,2/15/11,SCMS-97850,FPQ-6818,1/17/11,ARV,108-VN-T30,22-Jun-11,Air,Adult,60,0.03,MYLAN LABORATORIES LTD (FORMERLY MATRIX LABORATORIES),EXW,2806
85337,DN-3015,Generic,Haiti,14-Mar-13,14-Mar-13,150/300mg,Tablet - FDC,No,See DN-3015 (ID#:82554),From RDC,"Lamivudine/Zidovudine 150/300mg, tablets, 60 Tabs",478.61,53220,386909.4,PMO - US,Mylan (formerly Matrix) Nashik,Lamivudine/Zidovudine,7.27,N/A - From RDC,SO-44400,FPQ-11281,1/16/13,ARV,106-HT-T30,09-Apr-13,Air,Adult,60,0.12,SCMS from RDC,N/A - From RDC,See DN-3015 (ID#:82554)
30717,ASN-33477,Generic,South Africa,24-Jul-15,24-Jul-15,200/300mg,Tablet - FDC,No,Freight Included in Commodity Cost,Direct Drop,"Emtricitabine/Tenofovir Disoproxil Fumarate 200/300mg, tablets, 30 Tabs",0.27,12,261.97,PMO - US,"Aurobindo Unit III, India",Emtricitabine/Tenofovir Disoproxil Fumarate,21.83,10-09-14,SCMS-259077,FPQ-14942,09-11-14,ARV,116-ZA-T30,24-Jul-15,Truck,Adult,30,0.73,PHARMACY DIRECT,DDP,Weight Captured Separately
71462,ASN-19166,Aluvia,South Africa,16-Apr-13,16-Apr-13,200/50mg,Tablet,No,Freight Included in Commodity Cost,Direct Drop,"Lopinavir/Ritonavir 200/50mg [Aluvia], tablets, 120 Tabs",45.54,1473,36814.05,South Africa Field Office,ABBVIE Ludwigshafen Germany,Lopinavir/Ritonavir,24.99,Date Not Captured,SCMS-183950,FPQ-11828,3/18/13,ARV,116-ZA-T30,16-Apr-13,Truck,Adult,120,0.21,S. BUYS WHOLESALER,DDP,Weight Captured Separately
6451,ASN-4357,Uni-Gold,Zambia,10-Jul-09,10-Jul-09,MIssing,Test kit,Yes,21686.21,Direct Drop,"HIV 1/2, Uni-Gold HIV Kit, 20 Tests",439.04,7000,224000.0,PMO - US,"Trinity Biotech, Plc","HIV 1/2, Uni-Gold HIV Kit",32.0,04-02-09,SCMS-42620,Pre-PQ Process,Pre-PQ Process,HRDT,110-ZM-T01,10-Jul-09,Air,HIV test,20,1.6,"Trinity Biotech, Plc",EXW,2379
30601,ASN-6614,Determine,Zambia,23-Apr-10,23-Apr-10,MIssing,Test kit,Yes,19502.09,Direct Drop,"HIV 1/2, Determine Complete HIV Kit, 100 Tests",419.13,2700,194400.0,PMO - US,Inverness Japan,"HIV 1/2, Determine Complete HIV Kit",72.0,12/22/09,SCMS-60711,FPQ-4691,12/16/09,HRDT,110-ZM-T30,03-May-10,Air,HIV test,100,0.72,"Orgenics, Ltd",EXW,1304
82560,DN-3059,Generic,Guyana,15-Mar-13,15-Mar-13,200mg,Tablet,Yes,3178,From RDC,"Efavirenz 200mg, scored tablets, 90 Tabs",0.44,49,357.7,PMO - US,"Strides, Bangalore, India.",Efavirenz,7.3,N/A - From RDC,SO-44530,FPQ-11546,1/28/13,ARV,105-GY-T30,18-Apr-13,Truck,Pediatric,90,0.08,SCMS from RDC,N/A - From RDC,110
84082,DN-2182,Generic,Zambia,20-May-11,20-May-11,150mg,Tablet,Yes,3402.23,From RDC,"Lamivudine 150mg, tablets, 60 Tabs",210.94,54869,127844.77,PMO - US,"Aurobindo Unit III, India",Lamivudine,2.33,N/A - From RDC,SO-38070,FPQ-6665,11-08-10,ARV,110-ZM-T30,14-Apr-11,Truck,Adult,60,0.04,SCMS from RDC,N/A - From RDC,2630
83336,DN-4177,Generic,CÃte dIvoire,29-May-15,18-Jun-15,600mg,Tablet,No,See DN-4177 (ID#:82804),From RDC,"Efavirenz 600mg, tablets, 30 Tabs",96.23,30004,93612.48,PMO - US,"Cipla, Goa, India",Efavirenz,3.12,N/A - From RDC,SO-49090,FPQ-14370,5/23/14,ARV,104-CI-T30,29-May-15,Truck,Adult,30,0.1,SCMS from RDC,N/A - From RDC,See DN-4177 (ID#:82804)
55643,ASN-29768,Generic,Vietnam,05-Feb-15,05-Feb-15,150/300mg,Tablet - FDC,No,See ASN-29768 (ID#:13555),Direct Drop,"Lamivudine/Zidovudine 150/300mg, tablets, 60 Tabs",66.72,10000,64900.0,PMO - US,Mylan (formerly Matrix) Nashik,Lamivudine/Zidovudine,6.49,08-08-14,SCMS-249040,FPQ-14516,07-09-14,ARV,108-VN-T30,05-Feb-15,Air,Adult,60,0.11,MYLAN LABORATORIES LTD (FORMERLY MATRIX LABORATORIES),EXW,See ASN-29768 (ID#:13555)
85308,DN-2862,Generic,Mozambique,10-Oct-12,10-Oct-12,150mg,Tablet,No,See DN-2862 (ID#:83083),From RDC,"Lamivudine 150mg, tablets, 60 Tabs",26.72,8586,19060.92,PMO - US,Hetero Unit III Hyderabad IN,Lamivudine,2.22,N/A - From RDC,SO-42820,FPQ-10210,6/28/12,ARV,111-MZ-T30,31-Oct-12,Truck,Adult,60,0.04,SCMS from RDC,N/A - From RDC,See DN-2862 (ID#:83083)
11213,DN-500,Determine,Rwanda,05-Dec-07,05-Dec-07,MIssing,Test kit,Yes,3187.18,From RDC,"HIV 1/2, Determine HIV Kit, without Lancets, 100 Tests",46.65,405,29155.95,PMO - US,Inverness Japan,"HIV 1/2, Determine HIV Kit, without Lancets",71.99,N/A - From RDC,SO-1448,Pre-PQ Process,Pre-PQ Process,HRDT,107-RW-T01,05-Dec-07,Air,HIV test,100,0.72,SCMS from RDC,N/A - From RDC,130
82683,DN-3742,Generic,Mozambique,15-Aug-14,22-Sep-14,150/200/30mg,Tablet - FDC,Yes,578.25,From RDC,"Lamivudine/Nevirapine/Stavudine 150/200/30mg, tablets, 60 Tabs",29.78,5572,24071.04,PMO - US,Hetero Unit III Hyderabad IN,Lamivudine/Nevirapine/Stavudine,4.32,N/A - From RDC,SO-46173,FPQ-12573,6/28/13,ARV,111-MZ-T30,15-Aug-14,Truck,Adult,60,0.07,SCMS from RDC,N/A - From RDC,571
84937,DN-3752,Generic,Mozambique,25-Jul-14,05-Sep-14,600mg,Tablet,No,See DN-3752 (ID#:84373),From RDC,"Efavirenz 600mg, tablets, 30 Tabs",99,30000,96300.0,PMO - US,"Strides, Bangalore, India.",Efavirenz,3.21,N/A - From RDC,SO-47092,FPQ-13123,10/21/13,ARV,111-MZ-T30,31-Jul-14,Truck,Adult,30,0.11,SCMS from RDC,N/A - From RDC,See DN-3752 (ID#:84373)
23024,ASN-12153,Generic,South Africa,17-Oct-11,17-Oct-11,600mg,Tablet,Yes,20684.73,Direct Drop,"Efavirenz 600mg, tablets, 30 Tabs",718.86,92500,435675.0,PMO - US,Hetero Unit III Hyderabad IN,Efavirenz,4.71,3/23/11,SCMS-103710,FPQ-7175,03-10-11,ARV,161-ZA-T30,17-Oct-11,Ocean,Adult,30,0.16,HETERO LABS LIMITED,DDP,7778
77941,ASN-20768,Kaletra,"Congo, DRC",20-Nov-13,22-Nov-13,80/20mg/ml,Oral solution,Yes,1573.41,Direct Drop,"Lopinavir/Ritonavir 80/20mg/ml [Kaletra], oral solution, cool, Bottle 5 x 60 ml",2.29,60,1849.2,PMO - US,ABBVIE (Abbott) Logis. UK,Lopinavir/Ritonavir,30.82,5/23/13,SCMS-189060,FPQ-12093,4/23/13,ARV,101-CD-T30,20-Nov-13,Air,Pediatric,300,0.1,ABBVIE LOGISTICS (FORMERLY ABBOTT LOGISTICS BV),FCA,103
84792,DN-3043,Generic,Haiti,15-Mar-13,15-Mar-13,15mg,Capsule,Yes,3048.08,From RDC,"Stavudine 15mg, capsules, 60 Caps",0.35,216,285.12,PMO - US,"Aurobindo Unit III, India",Stavudine,1.32,N/A - From RDC,SO-44450,FPQ-11526,1/30/13,ARV,106-HT-T30,30-Apr-13,Air,Adult,60,0.02,SCMS from RDC,N/A - From RDC,165
11669,DN-1300,Truvada,Uganda,15-Sep-09,15-Sep-09,300/200mg,Tablet - FDC,Yes,2737.97,From RDC,"Emtricitabine/Tenofovir Disoproxil Fumarate 200/300mg [Truvada], tablets, 30 Tabs",61.79,1201,31526.25,PMO - US,"Aspen-OSD, Port Elizabeth, SA",Emtricitabine/Tenofovir Disoproxil Fumarate,26.25,N/A - From RDC,SO-31460,Pre-PQ Process,Date Not Captured,ARV,114-UG-T01,15-Sep-09,Air,Adult,30,0.88,SCMS from RDC,N/A - From RDC,327
11805,DN-426,Crixivan,Mozambique,29-Nov-07,29-Nov-07,400mg,Capsule,No,See DN-426 (ID#:10633),From RDC,"Indinavir 400mg [Crixivan], capsules, 180 Caps",67.2,840,42000.0,PMO - US,"MSD, Haarlem, NL",Indinavir,50.0,N/A - From RDC,SO-1038,Pre-PQ Process,Pre-PQ Process,ARV,111-MZ-T01,29-Nov-07,Air,Adult,180,0.28,SCMS from RDC,N/A - From RDC,See DN-426 (ID#:10633)
85955,DN-3075,Generic,CÃte dIvoire,30-Mar-13,30-Mar-13,150/300mg,Tablet - FDC,No,See DN-3075 (ID#:83129),From RDC,"Lamivudine/Zidovudine 150/300mg, tablets, 60 Tabs",446.92,43848,318774.96,PMO - US,"Cipla, Goa, India",Lamivudine/Zidovudine,7.27,N/A - From RDC,SO-43330,FPQ-10633,09-11-12,ARV,104-CI-T30,28-Mar-13,Truck,Adult,60,0.12,SCMS from RDC,N/A - From RDC,See DN-3075 (ID#:83129)
30103,ASN-30671,Generic,South Africa,12-Feb-15,12-Feb-15,600mg,Tablet,No,Freight Included in Commodity Cost,Direct Drop,"Efavirenz 600mg, tablets, 30 Tabs",1.78,154,1735.52,PMO - US,"Aurobindo Unit III, India",Efavirenz,11.27,02-12-15,SCMS-259073,FPQ-14942,09-11-14,ARV,116-ZA-T30,12-Feb-15,Truck,Adult,30,0.38,PHARMACY DIRECT,DDP,Weight Captured Separately
86275,DN-1679,Generic,Mozambique,28-Apr-10,28-Apr-10,150/30mg,Tablet - FDC,Yes,4764.16,From RDC,"Lamivudine/Stavudine 150/30mg, tablets, 60 Tabs",182.38,24880,84592.0,PMO - US,"Strides, Bangalore, India.",Lamivudine/Stavudine,3.4,N/A - From RDC,SO-35720,FPQ-4711,12/23/09,ARV,111-MZ-T30,28-Apr-10,Truck,Adult,60,0.06,SCMS from RDC,N/A - From RDC,1401
84450,DN-4137,Generic,CÃte dIvoire,11-Mar-15,30-Mar-15,150/300mg,Tablet - FDC,Yes,6443.5,From RDC,"Lamivudine/Zidovudine 150/300mg, tablets, 60 Tabs",0.03,5,32.6,PMO - US,"Aurobindo Unit III, India",Lamivudine/Zidovudine,6.52,N/A - From RDC,SO-49080,FPQ-14370,5/23/14,ARV,104-CI-T30,27-Feb-15,Truck,Adult,60,0.11,SCMS from RDC,N/A - From RDC,1683
36892,ASN-24415,Epivir,South Africa,06-Feb-14,06-Feb-14,150mg,Tablet,No,Freight Included in Commodity Cost,Direct Drop,"Lamivudine 150mg [Epivir], tablets, 60 Tabs",47.31,3519,38242.38,PMO - US,GSK Cape Town Factory (South Africa),Lamivudine,10.87,12-02-13,SCMS-215370,FPQ-13035,10-08-13,ARV,116-ZA-T30,06-Feb-14,Truck,Adult,60,0.18,S. BUYS WHOLESALER,DDP,Weight Captured Separately
83565,DN-2512,Generic,"Congo, DRC",14-Mar-12,14-Mar-12,10mg/ml,Oral suspension,No,See DN-2512 (ID#:82443),From RDC,"Nevirapine 10mg/ml, oral suspension w/syringe, Bottle, 240 ml",6.73,2463,4802.85,PMO - US,"Aurobindo Unit III, India",Nevirapine,1.95,N/A - From RDC,SO-41148,FPQ-8840,11/21/11,ARV,101-CD-T30,16-Mar-12,Air,Pediatric,240,0.01,SCMS from RDC,N/A - From RDC,See DN-2512 (ID#:82443)
19172,ASN-32106,Determine,South Sudan,07-Jul-15,07-Jul-15,MIssing,Test kit,Yes,Invoiced Separately,Direct Drop,"HIV 1/2, Determine Complete HIV Kit, 100 Tests",7.33,70,6230.0,PMO - US,"Alere Medical Co., Ltd.","HIV 1/2, Determine Complete HIV Kit",89.0,2/20/15,SCMS-272170,FPQ-15569,12/29/14,HRDT,105-SS-T30,02-Jul-15,Air,HIV test,100,0.89,"Orgenics, Ltd",EXW,Weight Captured Separately
84448,DN-4112,Generic,Zimbabwe,06-Feb-15,06-Feb-15,600/300/300mg,Tablet - FDC,Yes,77960.08,From RDC,"Efavirenz/Lamivudine/Tenofovir Disoproxil Fumarate 600/300/300mg, tablets, 30 Tabs",4013.31,400000,3904000.0,PMO - US,Hetero Unit III Hyderabad IN,Efavirenz/Lamivudine/Tenofovir Disoproxil Fumarate,9.76,N/A - From RDC,SO-49170,FPQ-14458,6/13/14,ARV,113-ZW-T30,06-Mar-15,Truck,Adult,30,0.33,SCMS from RDC,N/A - From RDC,75284
86480,DN-2688,Generic,Nigeria,09-Jul-12,09-Jul-12,200/50mg,Tablet,Yes,21347.12,From RDC,"Lopinavir/Ritonavir 200/50mg, tablets, 120 Tabs",1018.23,24470,726269.6,PMO - US,"Aurobindo Unit III, India",Lopinavir/Ritonavir,29.68,N/A - From RDC,SO-42333,FPQ-9432,03-01-12,ARV,151-NG-T30,02-Aug-12,Air Charter,Adult,120,0.25,SCMS from RDC,N/A - From RDC,6808
36922,ASN-28037,Aluvia,South Africa,29-Aug-14,29-Aug-14,200/50mg,Tablet,No,Freight Included in Commodity Cost,Direct Drop,"Lopinavir/Ritonavir 200/50mg [Aluvia], tablets, 120 Tabs",2.77,87,2241.1,PMO - US,ABBVIE Ludwigshafen Germany,Lopinavir/Ritonavir,25.76,8/29/14,SCMS-199289,FPQ-12522,07-11-13,ARV,116-ZA-T30,29-Aug-14,Truck,Adult,120,0.21,S. BUYS WHOLESALER,DDP,Weight Captured Separately
85365,DN-3181,Generic,Mozambique,08-Aug-13,08-Aug-13,300mg,Tablet,Yes,7951.22,From RDC,"Abacavir 300mg, tablets, 60 Tabs",160.32,10000,129600.0,PMO - US,Mylan (formerly Matrix) Nashik,Abacavir,12.96,N/A - From RDC,SO-44861,FPQ-11884,3/19/13,ARV,111-MZ-T30,30-Sep-13,Truck,Adult,60,0.22,SCMS from RDC,N/A - From RDC,1033
47411,ASN-22987,Generic,Uganda,12-Dec-13,13-Dec-13,10mg/ml,Oral suspension,Yes,Invoiced Separately,Direct Drop,"Nevirapine 10mg/ml, oral suspension w/syringe, Bottle, 100 ml",1.13,700,910.0,PMO - US,"Aurobindo Unit III, India",Nevirapine,1.3,10/28/13,SCMS-202561,FPQ-12777,08-05-13,ARV,114-UG-T30,12-Dec-13,Air,Pediatric,100,0.01,Aurobindo Pharma Limited,EXW,Weight Captured Separately
69493,ASN-33327,Aluvia,Vietnam,31-Aug-15,31-Aug-15,200/50mg,Tablet,Yes,Invoiced Separately,Direct Drop,"Lopinavir/Ritonavir 200/50mg [Aluvia], tablets, 120 Tabs",193.22,2700,164160.0,PMO - US,ABBVIE Ludwigshafen Germany,Lopinavir/Ritonavir,60.8,03-02-15,SCMS-277300,FPQ-15823,2/13/15,ARV,108-VN-T30,31-Aug-15,Air,Adult,120,0.51,ABBVIE LOGISTICS (FORMERLY ABBOTT LOGISTICS BV),FCA,Weight Captured Separately
83387,DN-1582,Generic,Haiti,16-Dec-09,16-Dec-09,600mg,Tablet,Yes,5338.55,From RDC,"Efavirenz 600mg, tablets, 30 Tabs",66.33,5323,30766.94,PMO - US,"Aurobindo Unit III, India",Efavirenz,5.78,N/A - From RDC,SO-34210,FPQ-4469,9/23/09,ARV,106-HT-T30,21-Dec-09,Air,Adult,30,0.19,SCMS from RDC,N/A - From RDC,456
46464,ASN-13582,Determine,CÃte dIvoire,17-Feb-12,17-Feb-12,MIssing,Test kit,Yes,27254.17,Direct Drop,"HIV 1/2, Determine Complete HIV Kit, 100 Tests",362.47,2746,219680.0,PMO - US,"Alere Medical Co., Ltd.","HIV 1/2, Determine Complete HIV Kit",80.0,10-05-11,SCMS-124150,FPQ-8210,08-11-11,HRDT,104-CI-T30,17-Feb-12,Air,HIV test,100,0.8,"Orgenics, Ltd",EXW,1312
86403,DN-2322,Generic,Zambia,29-Aug-11,29-Aug-11,200mg,Tablet,No,See DN-2322 (ID#:82973),From RDC,"Nevirapine 200mg, tablets, 60 Tabs",103.54,25000,62750.0,PMO - US,Mylan (formerly Matrix) Nashik,Nevirapine,2.51,N/A - From RDC,SO-38741,FPQ-7085,02-03-11,ARV,110-ZM-T30,29-Sep-11,Truck,Adult,60,0.04,SCMS from RDC,N/A - From RDC,See DN-2322 (ID#:82973)
84203,DN-2928,Generic,Mozambique,11-Jan-13,11-Jan-13,150mg,Tablet,No,See DN-2928 (ID#:83637),From RDC,"Lamivudine 150mg, tablets, 60 Tabs",11.6,3726,8271.72,PMO - US,Hetero Unit III Hyderabad IN,Lamivudine,2.22,N/A - From RDC,SO-42850,FPQ-10210,6/28/12,ARV,111-MZ-T30,11-Jan-13,Truck,Adult,60,0.04,SCMS from RDC,N/A - From RDC,See DN-2928 (ID#:83637)
47536,ASN-9552,Determine,Botswana,02-Mar-11,02-Mar-11,MIssing,Test kit,Yes,767.63,Direct Drop,"HIV 1/2, Determine Complete HIV Kit, 100 Tests",1.32,10,800.0,PMO - US,Inverness Japan,"HIV 1/2, Determine Complete HIV Kit",80.0,12-02-10,SCMS-92630,FPQ-6645,11-11-10,HRDT,102-BW-T30,02-Mar-11,Air,HIV test,100,0.8,"Orgenics, Ltd",EXW,5
49254,ASN-19166,Generic,South Africa,16-Apr-13,16-Apr-13,200mg,Tablet,No,Freight Included in Commodity Cost,Direct Drop,"Nevirapine 200mg, tablets, 60 Tabs",6.06,265,4896.7,South Africa Field Office,"Cipla, Goa, India",Nevirapine,18.48,Date Not Captured,SCMS-183950,FPQ-11828,3/18/13,ARV,116-ZA-T30,16-Apr-13,Truck,Adult,60,0.31,S. BUYS WHOLESALER,DDP,Weight Captured Separately
84353,DN-3622,Generic,Nigeria,17-Apr-14,02-May-14,30/60mg,Tablet - FDC,Yes,29674.91,From RDC,"Lamivudine/Zidovudine 30/60mg, tablets, 60 Tabs",23.91,10819,23260.85,PMO - US,Mylan (formerly Matrix) Nashik,Lamivudine/Zidovudine,2.15,N/A - From RDC,SO-47281,FPQ-13293,11/19/13,ARV,151-NG-T30,06-May-14,Air Charter,Pediatric,60,0.04,SCMS from RDC,N/A - From RDC,411
64108,ASN-16909,Determine,Nigeria,06-Nov-12,06-Nov-12,MIssing,Test kit,Yes,30726.22,Direct Drop,"HIV 1/2, Determine Complete HIV Kit, 100 Tests",353.75,2835,252315.0,PMO - US,"Alere Medical Co., Ltd.","HIV 1/2, Determine Complete HIV Kit",89.0,8/13/12,SCMS-155320,FPQ-10349,7/17/12,HRDT,133-NG-T30,06-Nov-12,Air,HIV test,100,0.89,"Orgenics, Ltd",EXW,1352
45460,ASN-32138,Generic,South Africa,12-May-15,12-May-15,150/300mg,Tablet - FDC,No,Freight Included in Commodity Cost,Direct Drop,"Lamivudine/Zidovudine 150/300mg, tablets, 60 Tabs",0.07,3,64.23,PMO - US,"Aurobindo Unit III, India",Lamivudine/Zidovudine,21.41,05-11-15,SCMS-259075,FPQ-14942,09-11-14,ARV,116-ZA-T30,12-May-15,Truck,Adult,60,0.36,PHARMACY DIRECT,DDP,Weight Captured Separately
12034,DN-51,Generic,CÃte dIvoire,04-May-07,04-May-07,600mg,Tablet,Yes,3002,From RDC,"Efavirenz 600mg, tablets, 30 Tabs",MIssing,10000,162500.0,PMO - US,"Aurobindo Unit III, India",Efavirenz,16.25,N/A - From RDC,SO-390,Pre-PQ Process,Pre-PQ Process,ARV,100-CI-T01,04-May-07,MIssing,Adult,30,0.54,SCMS from RDC,N/A - From RDC,898
83379,DN-1522,Generic,Uganda,30-Nov-09,30-Nov-09,150/300/200mg,Tablet - FDC,No,See DN-1522 (ID#:82845),From RDC,"Lamivudine/Nevirapine/Zidovudine 150/200/300mg, tablets, 60 Tabs",643.33,29254,328229.88,PMO - US,Mylan (formerly Matrix) Nashik,Lamivudine/Nevirapine/Zidovudine,11.22,N/A - From RDC,SO-33860,FPQ-4275,9/17/09,ARV,114-UG-T30,03-Dec-09,Air,Adult,60,0.19,SCMS from RDC,N/A - From RDC,See DN-1522 (ID#:82845)
43892,ASN-29764,Generic,South Africa,10-Dec-14,10-Dec-14,400mg,Delayed-release capsules,No,Freight Included in Commodity Cost,Direct Drop,"Didanosine 400mg, delayed-release capsules, 30 Caps",0.25,12,209.09,PMO - US,"Aurobindo Unit III, India",Didanosine,17.42,12-10-14,SCMS-267020,FPQ-15269,10/29/14,ARV,116-ZA-T30,10-Dec-14,Truck,Adult,30,0.58,S. BUYS WHOLESALER,DDP,Weight Captured Separately
83883,DN-4115,Generic,Mozambique,30-Mar-15,30-Mar-15,300mg,Tablet,No,See DN-4115 (ID#:83306),From RDC,"Abacavir 300mg, tablets, 60 Tabs",60.95,5280,59294.4,PMO - US,"Aurobindo Unit III, India",Abacavir,11.23,N/A - From RDC,SO-48886,FPQ-14226,05-02-14,ARV,111-MZ-T30,16-Mar-15,Truck,Adult,60,0.19,SCMS from RDC,N/A - From RDC,See DN-4115 (ID#:83306)
12658,DN-189,Generic,Mozambique,20-Jun-07,20-Jun-07,150/200/30mg,Tablet - FDC,Yes,20299,From RDC,"Lamivudine/Nevirapine/Stavudine 150/200/30mg, tablets, 60 Tabs",734.08,62000,458800.0,PMO - US,"Cipla, Goa, India",Lamivudine/Nevirapine/Stavudine,7.4,N/A - From RDC,SO-671,Pre-PQ Process,Pre-PQ Process,ARV,111-MZ-T01,20-Jun-07,Air,Adult,60,0.12,SCMS from RDC,N/A - From RDC,5778
85430,DN-3381,Generic,Burundi,22-Nov-13,21-Jan-14,200mg,Tablet,No,See DN-3381 (ID#:84319),From RDC,"Nevirapine 200mg, tablets, 60 Tabs",1.92,687,1552.62,PMO - US,"Strides, Bangalore, India.",Nevirapine,2.26,N/A - From RDC,SO-46020,FPQ-12602,07-09-13,ARV,102-BI-T30,15-Nov-13,Air,Adult,60,0.04,SCMS from RDC,N/A - From RDC,See DN-3381 (ID#:84319)
82511,DN-2858,Generic,South Sudan,23-Oct-12,23-Oct-12,150mg,Tablet,Yes,4934.43,From RDC,"Lamivudine 150mg, tablets, 60 Tabs",0.84,270,599.4,PMO - US,Hetero Unit III Hyderabad IN,Lamivudine,2.22,N/A - From RDC,SO-43070,FPQ-10517,8/17/12,ARV,900-SS-T30,15-Nov-12,Air,Adult,60,0.04,SCMS from RDC,N/A - From RDC,513
84860,DN-3346,Generic,Tanzania,01-Nov-13,06-Nov-13,200mg,Tablet,Yes,1956,From RDC,"Efavirenz 200mg, scored tablets, 90 Tabs",58.87,5117,47588.1,PMO - US,"Strides, Bangalore, India.",Efavirenz,9.3,N/A - From RDC,SO-44990,FPQ-12015,04-02-13,ARV,109-TZ-T30,28-Oct-13,Truck,Pediatric,90,0.1,SCMS from RDC,N/A - From RDC,333
86630,DN-3409,Generic,Guyana,30-Nov-13,23-Dec-13,10mg/ml,Oral solution,No,See DN-3409 (ID#:84306),From RDC,"Lamivudine 10mg/ml, oral solution w/syringe, Bottle, 240 ml",0.24,135,195.75,PMO - US,"Aurobindo Unit III, India",Lamivudine,1.45,N/A - From RDC,SO-46100,FPQ-12619,7/16/13,ARV,105-GY-T30,31-Dec-13,Air,Pediatric,240,0.01,SCMS from RDC,N/A - From RDC,See DN-3409 (ID#:84306)
76374,ASN-23125,Colloidal Gold,Rwanda,14-Dec-13,14-Dec-13,MIssing,Test kit,Yes,139951.34,Direct Drop,"HIV 1/2, SKB Colloidal Gold, Diagnostic Kit, Antibody, 50 Tests",620.71,20481,501784.5,PMO - US,"KHB Test Kit Facility, Shanghai China","HIV 1/2, Colloidal Gold, Diagnostic Kit, Antibody",24.5,08-12-13,SCMS-198221,FPQ-12518,6/21/13,HRDT,107-RW-T30,14-Dec-13,Air,HIV test,1,24.5,"SHANGHAI KEHUA BIOENGINEERING CO.,LTD.  (KHB)",EXW,13656
51803,ASN-8261,Generic,South Africa,12-Oct-10,12-Oct-10,600mg,Tablet,Yes,18114.34,Direct Drop,"Efavirenz 600mg, tablets, 30 Tabs",172.12,17701,79831.51,PMO - US,"Aurobindo Unit III, India",Efavirenz,4.51,6/17/10,SCMS-75660,FPQ-5648,06-02-10,ARV,161-ZA-T30,12-Oct-10,Ocean,Adult,30,0.15,Aurobindo Pharma Limited,DDP,1552
25854,ASN-15131,Coartem,Nigeria,29-Jun-12,29-Jun-12,20/120mg,Tablet - FDC + blister,Yes,12723.32,Direct Drop,"Artemether/Lumefantrine 20/120mg [Coartem], scored tablets, Blister 30 x 24 Tabs",184.38,2884,131510.4,PMO - US,"Novartis Pharma Suffern, USA",Artemether/Lumefantrine,45.6,5/15/12,SCMS-140020,FPQ-8934,02-08-12,ACT,123-NG-T30,29-Jun-12,Air,ACT,720,0.06,NOVARTIS PHARMA SERVICES AG,EXW,2006
31203,ASN-14757,Generic,Vietnam,15-May-12,15-May-12,30/50/60mg,Chewable/dispersible tablet - FDC,No,See ASN-14757 (ID#:30618),Direct Drop,"Lamivudine/Nevirapine/Zidovudine 30/50/60mg, dispersible tablets, 60 Tabs",80.74,13877,57589.55,PMO - US,Mylan (formerly Matrix) Nashik,Lamivudine/Nevirapine/Zidovudine,4.15,1/16/12,SCMS-131700,FPQ-9001,12/15/11,ARV,108-VN-T30,15-May-12,Air,Pediatric,60,0.07,MYLAN LABORATORIES LTD (FORMERLY MATRIX LABORATORIES),EXW,See ASN-14757 (ID#:30618)
82749,DN-3993,Generic,Nigeria,30-Oct-14,03-Nov-14,150/300/200mg,Tablet - FDC,Yes,70210,From RDC,"Lamivudine/Nevirapine/Zidovudine 150/200/300mg, tablets, 60 Tabs",1594.3,191230,1550875.3,PMO - US,Mylan (formerly Matrix) Nashik,Lamivudine/Nevirapine/Zidovudine,8.11,N/A - From RDC,SO-47270,FPQ-13293,11/19/13,ARV,151-NG-T30,31-Oct-14,Air Charter,Adult,60,0.14,SCMS from RDC,N/A - From RDC,27094
65748,ASN-24398,Generic,Vietnam,23-Apr-14,23-Apr-14,600mg,Tablet,No,See ASN-24398 (ID#:18664),Direct Drop,"Efavirenz 600mg, tablets, 30 Tabs",52.04,12984,42068.16,PMO - US,Hetero Unit III Hyderabad IN,Efavirenz,3.24,10-10-13,SCMS-210150,FPQ-13034,10-04-13,ARV,108-VN-T30,23-Apr-14,Air,Adult,30,0.11,HETERO LABS LIMITED,EXW,See ASN-24398 (ID#:18664)
12129,DN-445,Generic,Haiti,22-Jan-08,22-Jan-08,150/300mg,Tablet - FDC,No,See DN-445 (ID#:10640),From RDC,"Lamivudine/Zidovudine 150/300mg, tablets, 60 Tabs",488.83,32160,305520.0,PMO - US,"Aurobindo Unit III, India",Lamivudine/Zidovudine,9.5,N/A - From RDC,SO-1288,Pre-PQ Process,Pre-PQ Process,ARV,106-HT-T01,22-Jan-08,Air,Adult,60,0.16,SCMS from RDC,N/A - From RDC,See DN-445 (ID#:10640)
45848,ASN-20771,Kaletra,"Congo, DRC",18-Nov-13,05-Dec-13,80/20mg/ml,Oral solution,Yes,1573.41,Direct Drop,"Lopinavir/Ritonavir 80/20mg/ml [Kaletra], oral solution, cool, Bottle 5 x 60 ml",0.76,20,616.4,PMO - US,ABBVIE (Abbott) Logis. UK,Lopinavir/Ritonavir,30.82,5/23/13,SCMS-189060,FPQ-12093,4/23/13,ARV,101-CD-T30,20-Nov-13,Air,Pediatric,300,0.1,ABBVIE LOGISTICS (FORMERLY ABBOTT LOGISTICS BV),FCA,52
84820,DN-3163,Generic,Nigeria,03-May-13,03-May-13,600/300/300mg,Tablet - FDC,Yes,14547.55,From RDC,"Efavirenz/Lamivudine/Tenofovir Disoproxil Fumarate 600/300/300mg, tablets, 30 Tabs",1301.32,100000,1052000.0,PMO - US,Hetero Unit III Hyderabad IN,Efavirenz/Lamivudine/Tenofovir Disoproxil Fumarate,10.52,N/A - From RDC,SO-44261,FPQ-11022,11/15/12,ARV,151-NG-T30,28-May-13,Air Charter,Adult,30,0.35,SCMS from RDC,N/A - From RDC,14783
84563,DN-1829,Generic,Zimbabwe,31-May-10,31-May-10,150/200/30mg,Tablet - FDC,No,See DN-1829 (ID#:82320),From RDC,"Lamivudine/Nevirapine/Stavudine 150/200/30mg, tablets, 60 Tabs",1413.87,112100,655785.0,PMO - US,"Cipla, Goa, India",Lamivudine/Nevirapine/Stavudine,5.85,N/A - From RDC,SO-35400,FPQ-4694,12-08-09,ARV,113-ZW-T30,31-May-10,Truck,Adult,60,0.1,SCMS from RDC,N/A - From RDC,See DN-1829 (ID#:82320)
12465,DN-551,Generic,Nigeria,16-Jan-08,16-Jan-08,10mg/ml,Oral solution,No,See DN-551 (ID#:11523),From RDC,"Lamivudine 10mg/ml, oral solution, Bottle, 240 ml",0.02,4,10.36,PMO - US,"Aurobindo Unit III, India",Lamivudine,2.59,N/A - From RDC,SO-1430,Pre-PQ Process,Pre-PQ Process,ARV,112-NG-T01,16-Jan-08,Air,Pediatric,240,0.01,SCMS from RDC,N/A - From RDC,See DN-551 (ID#:11523)
54666,ASN-24026,Generic,Uganda,22-Jan-14,21-Feb-14,600/300mg,Tablet - FDC,Yes,1003.18,Direct Drop,"Abacavir/Lamivudine 600/300mg, tablets, 30 Tabs",137.08,8215,110820.35,PMO - US,Mylan (formerly Matrix) Nashik,Abacavir/Lamivudine,13.49,8/22/13,SCMS-203960,FPQ-12855,8/19/13,ARV,114-UG-T30,22-Jan-14,Air,Adult,30,0.45,MYLAN LABORATORIES LTD (FORMERLY MATRIX LABORATORIES),CIP,805
84841,DN-3267,Aluvia,Uganda,13-Sep-13,13-Sep-13,200/50mg,Tablet,No,See DN-3267 (ID#:83708),From RDC,"Lopinavir/Ritonavir 200/50mg [Aluvia], tablets, 120 Tabs",300.7,12022,243084.84,PMO - US,ABBVIE Ludwigshafen Germany,Lopinavir/Ritonavir,20.22,N/A - From RDC,SO-45870,FPQ-12473,06-11-13,ARV,114-UG-T30,29-Aug-13,Air,Adult,120,0.17,SCMS from RDC,N/A - From RDC,See DN-3267 (ID#:83708)
12255,DN-1060,Generic,Ethiopia,18-Feb-09,18-Feb-09,150/30mg,Tablet - FDC,No,See DN-1060 (ID#:11618),From RDC,"Lamivudine/Stavudine 150/30mg, tablets, 60 Tabs",201.1,27000,102600.0,PMO - US,Mylan (formerly Matrix) Nashik,Lamivudine/Stavudine,3.8,N/A - From RDC,SO-22000,Pre-PQ Process,Pre-PQ Process,ARV,117-ET-T01,18-Feb-09,Air,Adult,60,0.06,SCMS from RDC,N/A - From RDC,See DN-1060 (ID#:11618)
54251,ASN-16561,Generic,Guyana,19-Oct-12,19-Oct-12,200/50mg,Tablet,Yes,2492.47,Direct Drop,"Lopinavir/Ritonavir 200/50mg, tablets, 120 Tabs",32.1,954,22896.0,PMO - US,"Aurobindo Unit III, India",Lopinavir/Ritonavir,24.0,7/27/12,SCMS-154470,FPQ-10268,7/16/12,ARV,105-GY-T30,19-Oct-12,Air,Adult,120,0.2,Aurobindo Pharma Limited,EXW,243
85345,DN-3089,Generic,Guyana,28-Mar-13,28-Mar-13,200mg,Tablet,Yes,3066.05,From RDC,"Nevirapine 200mg, tablets, 60 Tabs",9.74,3485,7876.1,PMO - US,Hetero Unit III Hyderabad IN,Nevirapine,2.26,N/A - From RDC,SO-44710,FPQ-11727,03-01-13,ARV,900-GY-T30,25-Mar-13,Air,Adult,60,0.04,SCMS from RDC,N/A - From RDC,214
43693,ASN-30881,Uni-Gold,Zambia,29-May-15,02-Jun-15,MIssing,Test kit,Yes,14581.51,Direct Drop,"HIV 1/2, Uni-Gold HIV Kit, 20 Tests",301.31,8000,256000.0,PMO - US,"Trinity Biotech, Plc","HIV 1/2, Uni-Gold HIV Kit",32.0,10/22/14,SCMS-260230,FPQ-15075,10/15/14,HRDT,110-ZM-T30,29-May-15,Air,HIV test,20,1.6,"Trinity Biotech, Plc",EXW,2328
84218,DN-3003,Generic,Zambia,19-Feb-13,19-Feb-13,600/200/300mg,Tablet - FDC,Yes,6923.53,From RDC,"Efavirenz/Emtricitabine/Tenofovir Disoproxil Fumarate 600/200/300mg, tablets, 30 Tabs",577.99,30114,412260.66,PMO - US,Mylan (formerly Matrix) Nashik,Efavirenz/Emtricitabine/Tenofovir Disoproxil Fumarate,13.69,N/A - From RDC,SO-43451,FPQ-10728,10-05-12,ARV,110-ZM-T30,15-Mar-13,Truck,Adult,30,0.46,SCMS from RDC,N/A - From RDC,1230
3354,ASN-2840,Colloidal Gold,Ethiopia,17-Nov-08,17-Nov-08,MIssing,Test kit,Yes,46117.09,Direct Drop,"HIV 1/2, SKB Colloidal Gold, Diagnostic Kit, Antibody, 50 Tests",315.47,6998,160954.0,PMO - US,"KHB Test Kit Facility, Shanghai China","HIV 1/2, Colloidal Gold, Diagnostic Kit, Antibody",23.0,8/22/08,SCMS-28690,Pre-PQ Process,Pre-PQ Process,HRDT,117-ET-T01,17-Nov-08,Air,HIV test,1,23.0,"SHANGHAI KEHUA BIOENGINEERING CO.,LTD.  (KHB)",EXW,4913
3552,ASN-3511,Determine,Guyana,17-Mar-09,17-Mar-09,MIssing,Test kit,Yes,1083.36,Direct Drop,"HIV 1/2, Determine Complete HIV Kit, 100 Tests",30.06,213,15336.0,PMO - US,Inverness Japan,"HIV 1/2, Determine Complete HIV Kit",72.0,12-11-08,SCMS-35570,Pre-PQ Process,Pre-PQ Process,HRDT,102-GY-T01,17-Mar-09,Air,HIV test,100,0.72,"Orgenics, Ltd",EXW,64
74492,ASN-14799,Generic,Rwanda,16-Jul-12,16-Jul-12,600/300/300mg,Tablet - FDC,Yes,66916.5,Direct Drop,"Efavirenz/Lamivudine/Tenofovir Disoproxil Fumarate 600/300/300mg, tablets, 30 Tabs",716.83,39330,511290.0,PMO - US,Mylan (formerly Matrix) Nashik,Efavirenz/Lamivudine/Tenofovir Disoproxil Fumarate,13.0,04-03-12,SCMS-137540,FPQ-8742,12-07-11,ARV,107-RW-T30,16-Jul-12,Ocean,Adult,30,0.43,MYLAN LABORATORIES LTD (FORMERLY MATRIX LABORATORIES),EXW,4426
50220,ASN-28279,Uni-Gold,"Congo, DRC",04-Nov-14,20-Nov-14,MIssing,Test kit,No,See ASN-28279 (ID#:13547),Direct Drop,"HIV 1/2, Uni-Gold HIV Kit, 20 Tests",2.3,70,2240.0,PMO - US,"Trinity Biotech, Plc","HIV 1/2, Uni-Gold HIV Kit",32.0,8/27/14,SCMS-253260,FPQ-14654,08-11-14,HRDT,101-CD-T30,04-Nov-14,Air,HIV test,20,1.6,"Trinity Biotech, Plc",EXW,See ASN-28279 (ID#:13547)
11051,DN-1260,Generic,Nigeria,05-Jun-09,05-Jun-09,150/300mg,Tablet - FDC,Yes,1012.18,From RDC,"Lamivudine/Zidovudine 150/300mg, tablets, 60 Tabs",4.53,264,2312.64,PMO - US,Mylan (formerly Matrix) Nashik,Lamivudine/Zidovudine,8.76,N/A - From RDC,SO-31171,Pre-PQ Process,Pre-PQ Process,ARV,153-NG-T01,05-Jun-09,Air,Adult,60,0.15,SCMS from RDC,N/A - From RDC,27
85135,DN-1958,Generic,Nigeria,17-Aug-10,17-Aug-10,150/300/200mg,Tablet - FDC,Yes,6147.18,From RDC,"Lamivudine/Nevirapine/Zidovudine 150/200/300mg, tablets, 60 Tabs",120.95,5000,56100.0,PMO - US,"Aurobindo Unit III, India",Lamivudine/Nevirapine/Zidovudine,11.22,N/A - From RDC,SO-36439,FPQ-5023,02-10-10,ARV,151-NG-T30,16-Aug-10,Air Charter,Adult,60,0.19,SCMS from RDC,N/A - From RDC,659
47406,ASN-19078,Determine,Zambia,05-Jun-13,05-Jun-13,MIssing,Test kit,Yes,19598.71,Direct Drop,"HIV 1/2, Determine Complete HIV Kit, 100 Tests",257.99,2607,208560.0,PMO - US,"Alere Medical Co., Ltd.","HIV 1/2, Determine Complete HIV Kit",80.0,1/23/13,SCMS-173920,FPQ-11390,01-08-13,HRDT,110-ZM-T30,05-Jun-13,Air,HIV test,100,0.8,"Orgenics, Ltd",EXW,1080
36810,ASN-13148,Determine,Kenya,17-Jan-12,17-Jan-12,MIssing,Test kit,Yes,13543.63,Direct Drop,"HIV 1/2, Determine Complete HIV Kit, 100 Tests",1021.93,6959,619351.0,PMO - US,"Alere Medical Co., Ltd.","HIV 1/2, Determine Complete HIV Kit",89.0,10/26/11,SCMS-124900,FPQ-8446,10-05-11,HRDT,102-KE-T30,17-Jan-12,Air,HIV test,100,0.89,"Orgenics, Ltd",EXW,1198
59189,ASN-25785,Generic,Vietnam,07-Jun-14,07-Jun-14,200mg,Tablet,Yes,1769.68,Direct Drop,"Nevirapine 200mg, tablets, 60 Tabs",20.09,7063,16244.9,PMO - US,"Emcure Plot No.P-2, I.T-B.T. Park, Phase II, MIDC, Hinjwadi, Pune, India",Nevirapine,2.3,10-07-13,SCMS-210100,FPQ-13034,10-04-13,ARV,108-VN-T30,07-Jun-14,Air,Adult,60,0.04,EMCURE PHARMACEUTICALS LTD,EXW,412
33799,ASN-23967,Generic,Tanzania,07-Mar-14,11-Mar-14,100/25mg,Tablet,Yes,2336.46,Direct Drop,"Lopinavir/Ritonavir 100/25mg [Aluvia], tablets, 60 Tabs",12.8,1742,10347.48,PMO - US,ABBVIE Ludwigshafen Germany,Lopinavir/Ritonavir,5.94,10/31/13,SCMS-210890,FPQ-13048,10-03-13,ARV,109-TZ-T30,07-Mar-14,Air,Pediatric,60,0.1,ABBVIE LOGISTICS (FORMERLY ABBOTT LOGISTICS BV),FCA,208
64685,ASN-20442,Stat-Pak,Guyana,17-Jul-13,17-Jul-13,MIssing,Test kit,Yes,130,Direct Drop,"HIV 1/2, Stat-Pak HIV, Kit, 20 Tests",0.9,25,725.0,PMO - US,Chembio Diagnostics Sys. Inc.,"HIV 1/2, Stat-Pak HIV, Kit",29.0,5/21/13,SCMS-190750,FPQ-12235,05-06-13,HRDT,105-GY-T30,17-Jul-13,Air,HIV test,20,1.45,"CHEMBIO DIAGNOSTIC SYSTEMS, INC.",EXW,7
11521,DN-479,Generic,Zimbabwe,05-Feb-08,05-Feb-08,150/200/30mg,Tablet - FDC,No,See DN-479 (ID#:10647),From RDC,"Lamivudine/Nevirapine/Stavudine 150/200/30mg, tablets, 60 Tabs",440.92,37240,275576.0,PMO - US,"Cipla, Goa, India",Lamivudine/Nevirapine/Stavudine,7.4,N/A - From RDC,SO-708,Pre-PQ Process,Pre-PQ Process,ARV,100-ZW-T01,05-Feb-08,Air,Adult,60,0.12,SCMS from RDC,N/A - From RDC,See DN-479 (ID#:10647)
86484,DN-2705,Generic,Mozambique,22-Aug-12,22-Aug-12,10mg/ml,Oral suspension,Yes,6483.81,From RDC,"Nevirapine 10mg/ml, oral suspension w/syringe, Bottle, 240 ml",66.97,24496,47767.2,PMO - US,"Aurobindo Unit III, India",Nevirapine,1.95,N/A - From RDC,SO-41790,FPQ-9506,3/16/12,ARV,111-MZ-T30,21-Aug-12,Truck,Pediatric,240,0.01,SCMS from RDC,N/A - From RDC,9080
85728,DN-2072,Generic,Zambia,10-Dec-10,10-Dec-10,200mg,Tablet,No,See DN-2072 (ID#:83472),From RDC,"Nevirapine 200mg, tablets, 60 Tabs",57.35,10000,26600.0,PMO - US,Hetero Unit III Hyderabad IN,Nevirapine,2.66,N/A - From RDC,SO-37340,FPQ-6221,8/20/10,ARV,110-ZM-T30,15-Nov-10,Truck,Adult,60,0.04,SCMS from RDC,N/A - From RDC,See DN-2072 (ID#:83472)
32521,ASN-10226,Generic,Dominican Republic,04-Apr-11,04-Apr-11,200/50mg,Tablet,Yes,5002.73,Direct Drop,"Lopinavir/Ritonavir 200/50mg, tablets, 120 Tabs",144.84,2508,87780.0,PMO - US,"Aurobindo Unit III, India",Lopinavir/Ritonavir,35.0,12-01-10,SCMS-93361,FPQ-6615,11-10-10,ARV,200-DO-T30,04-Apr-11,Air,Adult,120,0.29,Aurobindo Pharma Limited,EXW,645
22812,ASN-33209,Norvir,Vietnam,11-Aug-15,11-Aug-15,100mg,Tablet,Yes,Invoiced Separately,Direct Drop,"Ritonavir 100mg [Norvir], film coated tablets, 30 Tabs",10.95,400,9304.0,PMO - US,ABBVIE Ludwigshafen Germany,Ritonavir,23.26,03-02-15,SCMS-277320,FPQ-15823,2/13/15,ARV,108-VN-T30,11-Aug-15,Air,Adult,30,0.78,ABBVIE LOGISTICS (FORMERLY ABBOTT LOGISTICS BV),FCA,Weight Captured Separately
85990,DN-3288,Generic,Mozambique,27-Sep-13,27-Sep-13,10mg/ml,Oral solution,Yes,4044.33,From RDC,"Zidovudine 10mg/ml, oral solution w/syringe, Bottle, 240 ml",34.03,13100,27510.0,PMO - US,"Aurobindo Unit III, India",Zidovudine,2.1,N/A - From RDC,SO-44850,FPQ-11884,3/19/13,ARV,111-MZ-T30,27-Sep-13,Truck,Pediatric,240,0.01,SCMS from RDC,N/A - From RDC,5291
1905,ASN-2274,Generic,Vietnam,19-Sep-08,19-Sep-08,150/300mg,Tablet - FDC,No,See ASN-2274 (ID#:610),Direct Drop,"Lamivudine/Zidovudine 150/300mg, tablets, 60 Tabs",59.24,4300,37023.0,PMO - US,"Aurobindo Unit III, India",Lamivudine/Zidovudine,8.61,07-01-08,SCMS-26180,Pre-PQ Process,Pre-PQ Process,ARV,108-VN-T01,19-Sep-08,Air,Adult,60,0.14,Aurobindo Pharma Limited,EXW,See ASN-2274 (ID#:610)
24547,ASN-7512,Determine,Guyana,09-Aug-10,09-Aug-10,MIssing,Test kit,Yes,6363.92,Direct Drop,"HIV 1/2, Determine Complete HIV Kit, 100 Tests",119.92,618,55620.0,PMO - US,Inverness Japan,"HIV 1/2, Determine Complete HIV Kit",90.0,6/21/10,SCMS-71620,FPQ-5495,4/15/10,HRDT,102-GY-T30,09-Aug-10,Air,HIV test,100,0.9,"Orgenics, Ltd",EXW,304
10948,DN-820,Generic,Zambia,29-Jul-08,29-Jul-08,150/30mg,Tablet - FDC,Yes,954.13,From RDC,"Lamivudine/Stavudine 150/30mg, tablets, 30 Tabs",38.4,12000,24000.0,PMO - US,"Cipla, Goa, India",Lamivudine/Stavudine,2.0,N/A - From RDC,SO-2547,Pre-PQ Process,Pre-PQ Process,ARV,110-ZM-T01,29-Jul-08,Truck,Adult,30,0.07,SCMS from RDC,N/A - From RDC,700
27798,ASN-6042,Generic,Ethiopia,15-Feb-10,15-Feb-10,600mg,Tablet,Yes,1860.69,Direct Drop,"Efavirenz 600mg, tablets, 30 Tabs",69.67,7197,32314.53,PMO - US,Mylan (formerly Matrix) Nashik,Efavirenz,4.49,12/18/09,SCMS-59590,FPQ-4731,12-10-09,ARV,117-ET-T30,15-Feb-10,Air,Adult,30,0.15,MYLAN LABORATORIES LTD (FORMERLY MATRIX LABORATORIES),EXW,530
86034,DN-3502,Generic,Uganda,30-Jan-14,03-Feb-14,10mg/ml,Oral suspension,Yes,5458.45,From RDC,"Nevirapine 10mg/ml, oral suspension w/syringe, Bottle, 100 ml",72.82,45285,58870.5,PMO - US,"Aurobindo Unit III, India",Nevirapine,1.3,N/A - From RDC,SO-46180,FPQ-12776,08-06-13,ARV,114-UG-T30,31-Jan-14,Truck,Pediatric,100,0.01,SCMS from RDC,N/A - From RDC,8998
84195,DN-2883,Generic,Tanzania,31-Oct-12,31-Oct-12,60/100/12mg,Chewable/dispersible tablet - FDC,No,See DN-2883 (ID#:83630),From RDC,"Lamivudine/Nevirapine/Stavudine 60/100/12mg, dispersible tablets, 60 Tabs",81.38,13499,58045.7,PMO - US,"Cipla, Goa, India",Lamivudine/Nevirapine/Stavudine,4.3,N/A - From RDC,SO-42650,FPQ-9774,05-02-12,ARV,109-TZ-T30,30-Nov-12,Truck,Pediatric,60,0.07,SCMS from RDC,N/A - From RDC,See DN-2883 (ID#:83630)
11814,DN-458,Aluvia,Haiti,05-Dec-07,05-Dec-07,200/50mg,Tablet,Yes,2523.6,From RDC,"Lopinavir/Ritonavir 200/50mg [Aluvia], tablets, 120 Tabs",6.58,100,4110.0,PMO - US,ABBVIE Ludwigshafen Germany,Lopinavir/Ritonavir,41.1,N/A - From RDC,SO-1286,Pre-PQ Process,Pre-PQ Process,ARV,106-HT-T01,05-Dec-07,Air,Adult,120,0.34,SCMS from RDC,N/A - From RDC,285
11219,DN-614,Generic,Haiti,21-Feb-08,21-Feb-08,10mg/ml,Oral solution,Yes,26877.3,From RDC,"Zidovudine 10mg/ml, oral solution, Bottle, 240 ml",10.32,3000,6450.0,PMO - US,"Aurobindo Unit III, India",Zidovudine,2.15,N/A - From RDC,SO-1287,Pre-PQ Process,Pre-PQ Process,ARV,106-HT-T01,04-Mar-08,Air,Pediatric,240,0.01,SCMS from RDC,N/A - From RDC,2584
82869,DN-1733,Generic,Uganda,19-Mar-10,19-Mar-10,600mg,Tablet,Yes,3549.77,From RDC,"Efavirenz 600mg, tablets, 30 Tabs",11.06,1000,5130.0,PMO - US,"Aurobindo Unit III, India",Efavirenz,5.13,N/A - From RDC,SO-34870,FPQ-4497,10/28/09,ARV,114-UG-T30,31-Mar-10,Air,Adult,30,0.17,SCMS from RDC,N/A - From RDC,95
71767,ASN-6355,Generic,Vietnam,29-Mar-10,29-Mar-10,300mg,Tablet,No,See ASN-6355 (ID#:16828),Direct Drop,"Tenofovir Disoproxil Fumarate 300mg, tablets, 30 Tabs",51.61,3192,23940.0,PMO - US,Mylan (formerly Matrix) Nashik,Tenofovir Disoproxil Fumarate,7.5,01-12-10,SCMS-62460,FPQ-4720,01-04-09,ARV,108-VN-T30,29-Mar-10,Air,Adult,30,0.25,MYLAN LABORATORIES LTD (FORMERLY MATRIX LABORATORIES),EXW,See ASN-6355 (ID#:16828)
7857,ASN-4216,Determine,Botswana,07-Jul-09,07-Jul-09,MIssing,Test kit,Yes,383.65,Direct Drop,"HIV 1/2, Determine HIV Kit, without Lancets, 100 Tests",2.06,15,1050.0,PMO - US,Inverness Japan,"HIV 1/2, Determine HIV Kit, without Lancets",70.0,5/18/09,SCMS-46080,Pre-PQ Process,Pre-PQ Process,HRDT,102-BW-T01,07-Jul-09,Air,HIV test,100,0.7,"Orgenics, Ltd",EXW,4
12258,DN-960,Generic,Nigeria,30-Oct-08,30-Oct-08,600mg,Tablet,No,See DN-960 (ID#:11945),From RDC,"Efavirenz 600mg, tablets, 30 Tabs",271.34,11527,138439.27,PMO - US,"Aurobindo Unit III, India",Efavirenz,12.01,N/A - From RDC,SO-2554,Pre-PQ Process,Pre-PQ Process,ARV,123-NG-T01,30-Oct-08,Air,Adult,30,0.4,SCMS from RDC,N/A - From RDC,See DN-960 (ID#:11945)
61959,ASN-21520,Generic,Uganda,14-Sep-13,14-Sep-13,600mg,Tablet,Yes,30711.92,Direct Drop,"Efavirenz 600mg, tablets, 30 Tabs",439.38,111348,355200.12,PMO - US,"Strides, Bangalore, India.",Efavirenz,3.19,7/30/13,SCMS-198690,FPQ-12477,07-08-13,ARV,114-UG-T30,14-Sep-13,Air,Adult,30,0.11,STRIDES ARCOLAB LIMITED,EXW,6953
5446,ASN-914,First Response,Rwanda,19-Nov-07,19-Nov-07,MIssing,Test kit,Yes,3616.95,Direct Drop,"HIV 1/2/O, First Response HIV 1-2.0, v.3.0 Cards Kit, 30 Tests",36.96,1400,23100.0,PMO - US,Premier Med. Corp Ltd. India,"HIV 1/2/O, First Response HIV 1-2.0, v.3.0 Cards Kit",16.5,10/18/07,SCMS-13020,Pre-PQ Process,Pre-PQ Process,HRDT,107-RW-T01,19-Nov-07,Air,HIV test,30,0.55,Premier Medical Corporation Ltd.,EXW,405
9530,ASN-4374,Capillus,Haiti,06-Jul-09,06-Jul-09,MIssing,Test kit,Yes,1800.33,Direct Drop,"HIV 1/2, Capillus HIV Kit, 100 Tests",0.82,3,417.0,PMO - US,"Trinity Biotech, Plc","HIV 1/2, Capillus HIV Kit",139.0,01-08-08,SCMS-15490,Pre-PQ Process,Pre-PQ Process,HRDT,100-HT-T01,06-Jul-09,Air,HIV test,100,1.39,"Trinity Biotech, Plc",EXW,2
9750,ASN-2335,Generic,Vietnam,20-Sep-08,20-Sep-08,600mg,Tablet,No,See ASN-2335 (ID#:5796),Direct Drop,"Efavirenz 600mg, tablets, 30 Tabs",82.58,5040,51609.6,PMO - US,Mylan (formerly Matrix) Nashik,Efavirenz,10.24,5/13/08,SCMS-23440,Pre-PQ Process,Pre-PQ Process,ARV,108-VN-T01,20-Sep-08,Air,Adult,30,0.34,MYLAN LABORATORIES LTD (FORMERLY MATRIX LABORATORIES),EXW,See ASN-2335 (ID#:5796)
15813,ASN-25454,Generic,Mozambique,02-May-14,07-May-14,150/300/200mg,Tablet - FDC,Yes,16537.12,Direct Drop,"Lamivudine/Nevirapine/Zidovudine 150/200/300mg, tablets, 60 Tabs",192.09,23040,186854.4,PMO - US,Hetero Unit III Hyderabad IN,Lamivudine/Nevirapine/Zidovudine,8.11,12/17/13,SCMS-219220,FPQ-13395,12-11-13,ARV,111-MZ-T30,02-May-14,Air,Adult,60,0.14,HETERO LABS LIMITED,EXW,3138
84025,DN-1948,Generic,Zimbabwe,22-Jul-10,22-Jul-10,150/300mg,Tablet - FDC,No,See DN-1948 (ID#:82906),From RDC,"Lamivudine/Zidovudine 150/300mg, tablets, 60 Tabs",10.58,560,4905.6,PMO - US,"Aurobindo Unit III, India",Lamivudine/Zidovudine,8.76,N/A - From RDC,SO-35351,FPQ-4694,12-08-09,ARV,113-ZW-T30,30-Jul-10,Air,Adult,60,0.15,SCMS from RDC,N/A - From RDC,See DN-1948 (ID#:82906)
85673,DN-1833,Generic,Haiti,19-May-10,19-May-10,600mg,Tablet,No,See DN-1833 (ID#:84565),From RDC,"Efavirenz 600mg, tablets, 30 Tabs",67.34,6576,31236.0,PMO - US,"Strides, Bangalore, India.",Efavirenz,4.75,N/A - From RDC,SO-34650,FPQ-4384,10/23/09,ARV,106-HT-T30,19-May-10,Air,Adult,30,0.16,SCMS from RDC,N/A - From RDC,See DN-1833 (ID#:84565)
85948,DN-3063,Generic,Mozambique,16-Apr-13,16-Apr-13,300/300mg,Tablet - FDC,No,See DN-3063 (ID#:84799),From RDC,"Lamivudine/Tenofovir Disoproxil Fumarate 300/300mg, tablets, 30 Tabs",50.61,7680,36096.0,PMO - US,"Aurobindo Unit VII, IN",Lamivudine/Tenofovir Disoproxil Fumarate,4.7,N/A - From RDC,SO-42860,FPQ-10211,6/28/12,ARV,111-MZ-T30,08-Apr-13,Truck,Adult,30,0.16,SCMS from RDC,N/A - From RDC,See DN-3063 (ID#:84799)
86814,DN-4276,Aluvia,Nigeria,15-May-15,22-May-15,200/50mg,Tablet,Yes,26180,From RDC,"Lopinavir/Ritonavir 200/50mg [Aluvia], tablets, 120 Tabs",1341.33,70000,1304800.0,PMO - US,ABBVIE Ludwigshafen Germany,Lopinavir/Ritonavir,18.64,N/A - From RDC,SO-51424,FPQ-14989,9/19/14,ARV,151-NG-T30,30-Jun-15,Air Charter,Adult,120,0.16,SCMS from RDC,N/A - From RDC,15198
82455,DN-2568,Generic,Nigeria,16-Feb-12,16-Feb-12,200mg,Tablet,Yes,25231.96,From RDC,"Nevirapine 200mg, tablets, 60 Tabs",361.72,100000,258000.0,PMO - US,"Strides, Bangalore, India.",Nevirapine,2.58,N/A - From RDC,SO-41266,FPQ-8952,12-08-11,ARV,151-NG-T30,20-Jun-12,Air Charter,Adult,60,0.04,SCMS from RDC,N/A - From RDC,18672
84540,DN-1724,Generic,Nigeria,18-May-10,18-May-10,150/300/200mg,Tablet - FDC,Yes,9736.1,From RDC,"Lamivudine/Nevirapine/Zidovudine 150/200/300mg, tablets, 60 Tabs",483.81,20000,224400.0,PMO - US,"Aurobindo Unit III, India",Lamivudine/Nevirapine/Zidovudine,11.22,N/A - From RDC,SO-35063,FPQ-4537,11-06-09,ARV,151-NG-T30,19-Apr-10,Air Charter,Adult,60,0.19,SCMS from RDC,N/A - From RDC,2347
11843,DN-549,Generic,CÃte dIvoire,15-Jan-08,15-Jan-08,10mg/ml,Oral suspension,Yes,6146,From RDC,"Nevirapine 10mg/ml, oral suspension, Bottle, 240 ml",17.14,5581,10715.52,PMO - US,"Aurobindo Unit III, India",Nevirapine,1.92,N/A - From RDC,SO-1144,Pre-PQ Process,Pre-PQ Process,ARV,104-CI-T01,28-Dec-07,Air,Pediatric,240,0.01,SCMS from RDC,N/A - From RDC,1988
9055,ASN-4387,Viramune,South Africa,15-Apr-09,15-Apr-09,200mg,Tablet,No,Freight Included in Commodity Cost,Direct Drop,"Nevirapine 200mg [Viramune], tablets, 60 Tabs",197.1,6000,100560.0,PMO - US,"Boehringer Ing., Koropi, GR",Nevirapine,16.76,3/27/09,SCMS-41586,Pre-PQ Process,Pre-PQ Process,ARV,116-ZA-T01,25-Jun-09,Air,Adult,60,0.28,S. BUYS WHOLESALER,DDP,Weight Captured Separately
12408,DN-368,Generic,Zambia,02-Oct-07,02-Oct-07,200mg,Capsule,Yes,723.59,From RDC,"Efavirenz 200mg, capsule, 90 Caps",15.46,604,9664.0,PMO - US,"Aurobindo Unit III, India",Efavirenz,16.0,N/A - From RDC,SO-1066,Pre-PQ Process,Pre-PQ Process,ARV,110-ZM-T01,02-Oct-07,MIssing,Pediatric,90,0.18,SCMS from RDC,N/A - From RDC,72
68846,ASN-5160,Prezista,Uganda,26-Oct-09,26-Oct-09,300mg,Tablet,Yes,1000.94,Direct Drop,"Darunavir 300mg [Prezista], tablets, 120 Tabs",19.76,112,10080.0,PMO - US,"Aspen-OSD, Port Elizabeth, SA",Darunavir,90.0,9/14/09,SCMS-52630,FPQ-3965,7/30/09,ARV,114-UG-T30,26-Oct-09,Air,Adult,120,0.75,ASPEN PHARMACARE,EXW,16
78290,ASN-16723,Determine,CÃte dIvoire,30-Oct-12,30-Oct-12,MIssing,Test kit,Yes,29742.64,Direct Drop,"HIV 1/2, Determine Complete HIV Kit, 100 Tests",347.7,3100,248000.0,PMO - US,"Alere Medical Co., Ltd.","HIV 1/2, Determine Complete HIV Kit",80.0,6/13/12,SCMS-147570,FPQ-9823,05-04-12,HRDT,104-CI-T30,30-Oct-12,Air,HIV test,100,0.8,"Orgenics, Ltd",EXW,1473
11591,DN-948,Stocrin/Sustiva,CÃte dIvoire,03-Dec-08,03-Dec-08,30mg/ml,Oral solution,No,See DN-948 (ID#:10994),From RDC,"Efavirenz 30mg/ml [Stocrin/Sustiva], oral solution, Bottle, 180 ml",59.6,1793,30409.28,PMO - US,"MSD, Haarlem, NL",Efavirenz,16.96,N/A - From RDC,SO-11830,Pre-PQ Process,Pre-PQ Process,ARV,104-CI-T01,03-Dec-08,Air,Pediatric,180,0.09,SCMS from RDC,N/A - From RDC,See DN-948 (ID#:10994)
85636,DN-1531,Generic,Haiti,30-Nov-09,30-Nov-09,100mg,Capsule,No,See DN-1531 (ID#:83965),From RDC,"Zidovudine 100mg, capsules, 100 Caps",6.34,588,2940.0,PMO - US,"Aurobindo Unit III, India",Zidovudine,5.0,N/A - From RDC,SO-34190,FPQ-4469,9/23/09,ARV,106-HT-T30,02-Dec-09,Air,Pediatric,100,0.05,SCMS from RDC,N/A - From RDC,See DN-1531 (ID#:83965)
36277,ASN-8012,OraQuick,Haiti,01-Oct-10,01-Oct-10,MIssing,Test kit,Yes,4355.7,Direct Drop,"HIV 1/2, OraQuick Advance HIV Rapid Antibody Kit, 100 Tests",75.46,100,35000.0,PMO - US,"Orasure Technologies, Inc","HIV 1/2, OraQuick Advance HIV Rapid Antibody Kit",350.0,7/30/10,SCMS-80640,FPQ-6086,7/19/10,HRDT,106-HT-T30,01-Oct-10,Air,HIV test,100,3.5,Orasure Technologies Inc.,EXW,240
11554,DN-707,Generic,Mozambique,22-May-08,22-May-08,150/200/30mg,Tablet - FDC,Yes,6260.71,From RDC,"Lamivudine/Nevirapine/Stavudine 150/200/30mg, tablets, 60 Tabs",461.76,39000,288600.0,PMO - US,"Cipla, Goa, India",Lamivudine/Nevirapine/Stavudine,7.4,N/A - From RDC,SO-1876,Pre-PQ Process,Pre-PQ Process,ARV,111-MZ-T01,22-May-08,Air,Adult,60,0.12,SCMS from RDC,N/A - From RDC,7719
35983,ASN-7510,Generic,Vietnam,09-Aug-10,09-Aug-10,300mg,Tablet,Yes,6518.69,Direct Drop,"Tenofovir Disoproxil Fumarate 300mg, tablets, 30 Tabs",55.63,3686,25802.0,PMO - US,Mylan (formerly Matrix) Nashik,Tenofovir Disoproxil Fumarate,7.0,3/29/10,SCMS-69710,FPQ-5317,3/22/10,ARV,108-VN-T30,09-Aug-10,Air,Adult,30,0.23,MYLAN LABORATORIES LTD (FORMERLY MATRIX LABORATORIES),EXW,255
79081,ASN-22956,Uni-Gold,South Sudan,20-Feb-14,26-Feb-14,MIssing,Test kit,Yes,1847.97,Direct Drop,"HIV 1/2, Uni-Gold HIV Kit, 20 Tests",14.61,444,14208.0,PMO - US,"Trinity Biotech, Plc","HIV 1/2, Uni-Gold HIV Kit",32.0,11-06-13,SCMS-213410,FPQ-13172,10/28/13,HRDT,103-SS-T30,20-Feb-14,Air,HIV test,20,1.6,"Trinity Biotech, Plc",EXW,132
84837,DN-3251,Generic,Nigeria,30-Jul-13,30-Jul-13,200/50mg,Tablet,No,Freight Included in Commodity Cost,From RDC,"Lopinavir/Ritonavir 200/50mg, tablets, 120 Tabs",1121.4,43169,906549.0,PMO - US,"Aurobindo Unit III, India",Lopinavir/Ritonavir,21.0,N/A - From RDC,SO-44757,FPQ-11771,2/28/13,ARV,151-NG-T30,21-Aug-13,Air Charter,Adult,120,0.18,SCMS from RDC,N/A - From RDC,Weight Captured Separately
84683,DN-2426,Generic,Swaziland,07-Nov-11,07-Nov-11,150/300/200mg,Tablet - FDC,Yes,22711.84,From RDC,"Lamivudine/Nevirapine/Zidovudine 150/200/300mg, tablets, 60 Tabs",835.18,45113,506167.86,PMO - US,Mylan (formerly Matrix) Nashik,Lamivudine/Nevirapine/Zidovudine,11.22,N/A - From RDC,SO-40700,FPQ-8417,9/14/11,ARV,900-SZ-T30,17-Nov-11,Air,Adult,60,0.19,SCMS from RDC,N/A - From RDC,5856
85871,DN-2717,Generic,Mozambique,24-Jul-12,24-Jul-12,10mg/ml,Oral solution,No,See DN-2717 (ID#:83598),From RDC,"Zidovudine 10mg/ml, oral solution w/syringe, Bottle, 240 ml",4.71,1600,3360.0,PMO - US,"Aurobindo Unit III, India",Zidovudine,2.1,N/A - From RDC,SO-41780,FPQ-9506,3/16/12,ARV,111-MZ-T30,07-Aug-12,Truck,Pediatric,240,0.01,SCMS from RDC,N/A - From RDC,See DN-2717 (ID#:83598)
51895,ASN-26517,Determine,Tanzania,29-Aug-14,03-Sep-14,MIssing,Test kit,Yes,4379.48,Direct Drop,"HIV 1/2, Determine Complete HIV Kit, 100 Tests",55.27,672,53760.0,PMO - US,"Alere Medical Co., Ltd.","HIV 1/2, Determine Complete HIV Kit",80.0,4/29/14,SCMS-235420,FPQ-13945,3/27/14,HRDT,109-TZ-T30,29-Aug-14,Air,HIV test,100,0.8,"Orgenics, Ltd",EXW,277
73122,ASN-32420,Isentress,Mozambique,09-Jun-15,16-Jul-15,400mg,Tablet,No,Freight Included in Commodity Cost,Direct Drop,"Raltegravir 400mg [Isentress], tablets, 60 Tabs",6.53,100,5550.0,PMO - US,"MSD, Haarlem, NL",Raltegravir,55.5,12/19/14,SCMS-270120,FPQ-15221,10/28/14,ARV,111-MZ-T30,09-Jun-15,Air,Adult,60,0.92,MERCK SHARP & DOHME IDEA GMBH (FORMALLY MERCK SHARP & DOHME B.V.),CIP,Weight Captured Separately
8462,ASN-2336,Generic,Vietnam,19-Sep-08,19-Sep-08,150mg,Tablet,No,See ASN-2336 (ID#:530),Direct Drop,"Lamivudine 150mg, tablets, 60 Tabs",59.75,14364,37346.4,PMO - US,Mylan (formerly Matrix) Nashik,Lamivudine,2.6,5/14/08,SCMS-23450,Pre-PQ Process,Pre-PQ Process,ARV,108-VN-T01,19-Sep-08,Air,Adult,60,0.04,MYLAN LABORATORIES LTD (FORMERLY MATRIX LABORATORIES),EXW,See ASN-2336 (ID#:530)
85771,DN-2260,Generic,Ghana,20-Jul-11,20-Jul-11,200mg,Tablet,Yes,226.25,From RDC,"Nevirapine 200mg, tablets, 60 Tabs",105.65,25509,64027.59,PMO - US,Hetero Unit III Hyderabad IN,Nevirapine,2.51,N/A - From RDC,SO-39930,FPQ-7799,06-06-11,ARV,100-GH-T30,04-Jul-11,Air,Adult,60,0.04,SCMS from RDC,N/A - From RDC,2216
85246,DN-2601,Generic,CÃte dIvoire,19-Apr-12,19-Apr-12,300mg,Tablet,No,See DN-2601 (ID#:84156),From RDC,"Abacavir 300mg, tablets, 60 Tabs",252.02,10440,152737.2,PMO - US,Mylan (formerly Matrix) Nashik,Abacavir,14.63,N/A - From RDC,SO-40822,FPQ-8363,8/29/11,ARV,104-CI-T30,19-Apr-12,Truck,Adult,60,0.24,SCMS from RDC,N/A - From RDC,See DN-2601 (ID#:84156)
29219,ASN-5424,Generic,South Africa,08-Oct-09,08-Oct-09,1mg/ml,Oral solution,No,Freight Included in Commodity Cost,Direct Drop,"Stavudine 1mg/ml, powder for oral solution, 200 ml",1.48,300,753.67,PMO - US,"Aurobindo Unit III, India",Stavudine,2.51,08-03-09,SCMS-50940,FPQ-3560,05-07-09,ARV,116-ZA-T30,08-Oct-09,Truck,Pediatric,200,0.01,S. BUYS WHOLESALER,DDP,Weight Captured Separately
84349,DN-3585,Generic,Guyana,03-Apr-14,06-Jun-14,10mg/ml,Oral solution,No,See DN-3585 (ID#:83223),From RDC,"Zidovudine 10mg/ml, oral solution w/syringe, Bottle, 240 ml",0.41,190,399.0,PMO - US,"Aurobindo Unit III, India",Zidovudine,2.1,N/A - From RDC,SO-46800,FPQ-13071,10-09-13,ARV,105-GY-T30,31-Mar-14,Air,Pediatric,240,0.01,SCMS from RDC,N/A - From RDC,See DN-3585 (ID#:83223)
62227,ASN-19166,Generic,South Africa,16-Apr-13,16-Apr-13,200mg,Capsule,No,Freight Included in Commodity Cost,Direct Drop,"Efavirenz 200mg, capsule, 90 Caps",1.51,51,1217.19,South Africa Field Office,"Aurobindo Unit III, India",Efavirenz,23.87,Date Not Captured,SCMS-183950,FPQ-11828,3/18/13,ARV,116-ZA-T30,16-Apr-13,Truck,Pediatric,90,0.27,S. BUYS WHOLESALER,DDP,Weight Captured Separately
84596,DN-2039,Generic,Tanzania,03-Dec-10,03-Dec-10,100mg,Chewable/dispersible tablet,Yes,1979.75,From RDC,"Didanosine 100mg, chewable/dispersible tablets, 60 Tabs",47.67,2864,22110.08,PMO - US,"Aurobindo Unit III, India",Didanosine,7.72,N/A - From RDC,SO-36600,FPQ-5436,04-01-10,ARV,109-TZ-T30,03-Dec-10,Air,Pediatric,60,0.13,SCMS from RDC,N/A - From RDC,612
83467,DN-2057,Generic,Uganda,29-Nov-10,29-Nov-10,200mg,Tablet,Yes,5166.39,From RDC,"Nevirapine 200mg, tablets, 60 Tabs",21.16,3690,9815.4,PMO - US,Hetero Unit III Hyderabad IN,Nevirapine,2.66,N/A - From RDC,SO-37680,FPQ-6438,9/29/10,ARV,114-UG-T30,02-Dec-10,Air,Adult,60,0.04,SCMS from RDC,N/A - From RDC,214
82841,DN-1474,Generic,CÃte dIvoire,23-Oct-09,23-Oct-09,20mg/ml,Oral solution,No,See DN-1474 (ID#:82273),From RDC,"Abacavir 20mg/ml, oral solution, Bottle, 240 ml",17.68,616,9018.24,PMO - US,"Aurobindo Unit III, India",Abacavir,14.64,N/A - From RDC,SO-33520,FPQ-4187,09-09-09,ARV,104-CI-T30,23-Oct-09,Air,Pediatric,240,0.06,SCMS from RDC,N/A - From RDC,See DN-1474 (ID#:82273)
11753,DN-290,Generic,Tanzania,10-Sep-07,10-Sep-07,150/300mg,Tablet - FDC,No,See DN-290 (ID#:10859),From RDC,"Lamivudine/Zidovudine 150/300mg, tablets, 60 Tabs",170.88,10000,106800.0,PMO - US,"Aurobindo Unit III, India",Lamivudine/Zidovudine,10.68,N/A - From RDC,SO-455,Pre-PQ Process,Pre-PQ Process,ARV,109-TZ-T01,10-Sep-07,MIssing,Adult,60,0.18,SCMS from RDC,N/A - From RDC,See DN-290 (ID#:10859)
72420,ASN-10571,Generic,South Africa,13-Jun-11,13-Jun-11,300mg,Tablet,Yes,5768.66,Direct Drop,"Tenofovir Disoproxil Fumarate 300mg, tablets, 30 Tabs",240.25,21896,145608.4,PMO - US,"Aurobindo Unit III, India",Tenofovir Disoproxil Fumarate,6.65,12/14/10,SCMS-93550,FPQ-6708,11/26/10,ARV,161-ZA-T30,13-Jun-11,Ocean,Adult,30,0.22,Aurobindo Pharma Limited,DDP,2044
12342,DN-44,Generic,Mozambique,17-Apr-07,17-Apr-07,10mg/ml,Oral solution,No,See DN-44 (ID#:10549),From RDC,"Lamivudine 10mg/ml, oral solution, Bottle, 240 ml",MIssing,540,1317.6,PMO - US,"Cipla, Goa, India",Lamivudine,2.44,N/A - From RDC,SO-293,Pre-PQ Process,Pre-PQ Process,ARV,111-MZ-T01,17-Apr-07,Air,Pediatric,240,0.01,SCMS from RDC,N/A - From RDC,See DN-44 (ID#:10549)
6084,ASN-2946,Uni-Gold,Mozambique,29-Dec-08,29-Dec-08,MIssing,Test kit,Yes,23300.18,Direct Drop,"HIV 1/2, Uni-Gold HIV Kit, 20 Tests",308.33,4916,157312.0,PMO - US,"Trinity Biotech, Plc","HIV 1/2, Uni-Gold HIV Kit",32.0,10/14/08,SCMS-31770,Pre-PQ Process,Pre-PQ Process,HRDT,111-MZ-T01,29-Dec-08,Air,HIV test,20,1.6,"Trinity Biotech, Plc",EXW,1651
86269,DN-1655,Generic,CÃte dIvoire,01-Mar-10,01-Mar-10,15mg,Capsule,Yes,3688.33,From RDC,"Stavudine 15mg, capsules, 60 Caps",2.79,864,1296.0,PMO - US,"Aurobindo Unit III, India",Stavudine,1.5,N/A - From RDC,SO-35581,FPQ-4659,12-08-09,ARV,104-CI-T30,28-Jun-10,Air,Adult,60,0.02,SCMS from RDC,N/A - From RDC,56
63782,ASN-11306,Generic,South Africa,02-Nov-11,02-Nov-11,600mg,Tablet,Yes,7609.7,Direct Drop,"Efavirenz 600mg, tablets, 30 Tabs",801.88,113020,485986.0,PMO - US,"Emcure Plot No.P-2, I.T-B.T. Park, Phase II, MIDC, Hinjwadi, Pune, India",Efavirenz,4.3,3/23/11,SCMS-103690,FPQ-7175,03-10-11,ARV,161-ZA-T30,02-Nov-11,Ocean,Adult,30,0.14,EMCURE PHARMACEUTICALS LTD,DDP,8826
19694,ASN-4928,Uni-Gold,Guyana,24-Sep-09,24-Sep-09,MIssing,Test kit,Yes,11057.25,Direct Drop,"HIV 1/2, Uni-Gold HIV Kit, 20 Tests",160,2551,81632.0,PMO - US,"Trinity Biotech, Plc","HIV 1/2, Uni-Gold HIV Kit",32.0,8/31/09,SCMS-52270,FPQ-4068,8/13/09,HRDT,102-GY-T30,24-Sep-09,Air,HIV test,20,1.6,"Trinity Biotech, Plc",EXW,885
83716,DN-3318,Generic,Mozambique,31-Oct-13,12-Nov-13,600mg,Tablet,Yes,5902.4,From RDC,"Efavirenz 600mg, tablets, 30 Tabs",38.54,9357,31158.81,PMO - US,"Strides, Bangalore, India.",Efavirenz,3.33,N/A - From RDC,SO-44865,FPQ-11884,3/19/13,ARV,111-MZ-T30,31-Oct-13,Truck,Adult,30,0.11,SCMS from RDC,N/A - From RDC,12264
83553,DN-2488,Generic,Mozambique,08-Mar-12,08-Mar-12,150/300mg,Tablet - FDC,Yes,6025.73,From RDC,"Lamivudine/Zidovudine 150/300mg, tablets, 60 Tabs",383.9,28168,232667.68,PMO - US,"Aurobindo Unit VII, IN",Lamivudine/Zidovudine,8.26,N/A - From RDC,SO-40370,FPQ-8157,08-04-11,ARV,111-MZ-T30,29-Feb-12,Truck,Adult,60,0.14,SCMS from RDC,N/A - From RDC,318
9036,ASN-3752,Generic,South Africa,21-Nov-08,21-Nov-08,200mg,Tablet,No,Freight Included in Commodity Cost,Direct Drop,"Nevirapine 200mg, tablets, 60 Tabs",5.88,200,2998.0,PMO - US,"Cipla, Goa, India",Nevirapine,14.99,Date Not Captured,SCMS-41140,Pre-PQ Process,Pre-PQ Process,ARV,116-ZA-T01,31-Mar-09,Air,Adult,60,0.25,S. BUYS WHOLESALER,DDP,Weight Captured Separately
84470,DN-4264,Generic,Mozambique,22-Jun-15,25-Jun-15,300/300mg,Tablet - FDC,Yes,3610,From RDC,"Lamivudine/Tenofovir Disoproxil Fumarate 300/300mg, tablets, 30 Tabs",31.34,5763,26625.06,PMO - US,Hetero Unit III Hyderabad IN,Lamivudine/Tenofovir Disoproxil Fumarate,4.62,N/A - From RDC,SO-50123,FPQ-15195,10/17/14,ARV,111-MZ-T30,30-Jun-15,Truck,Adult,30,0.15,SCMS from RDC,N/A - From RDC,599
38095,ASN-26882,Generic,South Africa,25-Jun-14,25-Jun-14,250mg,Delayed-release capsules,No,Freight Included in Commodity Cost,Direct Drop,"Didanosine 250mg, delayed-release capsules, 30 Caps",0.08,5,76.23,PMO - US,"Aurobindo Unit III, India",Didanosine,15.25,6/25/14,SCMS-238551,FPQ-13973,4/30/14,ARV,116-ZA-T30,25-Jun-14,Truck,Adult,30,0.51,PHARMACY DIRECT,DDP,Weight Captured Separately
84020,DN-1938,Generic,Nigeria,28-Jun-10,28-Jun-10,150/300mg,Tablet - FDC,Yes,Freight Included in Commodity Cost,From RDC,"Lamivudine/Zidovudine 150/300mg, tablets, 60 Tabs",450.56,23856,208978.56,PMO - US,Mylan (formerly Matrix) Nashik,Lamivudine/Zidovudine,8.76,N/A - From RDC,SO-36541,FPQ-5023,02-10-10,ARV,151-NG-T30,15-Jul-10,Air,Adult,60,0.15,SCMS from RDC,N/A - From RDC,1918
83612,DN-2801,Generic,Rwanda,17-Aug-12,17-Aug-12,150/30mg,Tablet - FDC,Yes,2719.63,From RDC,"Lamivudine/Stavudine 150/30mg, tablets, 60 Tabs",30.19,7300,21535.0,PMO - US,"Strides, Bangalore, India.",Lamivudine/Stavudine,2.95,N/A - From RDC,SO-42701,FPQ-10119,6/18/12,ARV,107-RW-T30,03-Oct-12,Air,Adult,60,0.05,SCMS from RDC,N/A - From RDC,375
41011,ASN-28037,Generic,South Africa,29-Aug-14,29-Aug-14,20mg/ml,Oral solution,No,Freight Included in Commodity Cost,Direct Drop,"Abacavir 20mg/ml, oral solution w/syringe, Bottle, 240 ml",4.78,143,3866.47,PMO - US,"Aurobindo Unit III, India",Abacavir,27.04,8/29/14,SCMS-199289,FPQ-12522,07-11-13,ARV,116-ZA-T30,29-Aug-14,Truck,Pediatric,240,0.11,S. BUYS WHOLESALER,DDP,Weight Captured Separately
82753,DN-4008,Generic,Uganda,03-Dec-14,04-Dec-14,300/300mg,Tablet - FDC,Yes,6852.08,From RDC,"Lamivudine/Tenofovir Disoproxil Fumarate 300/300mg, tablets, 30 Tabs",202.43,42531,196918.53,PMO - US,Hetero Unit III Hyderabad IN,Lamivudine/Tenofovir Disoproxil Fumarate,4.63,N/A - From RDC,SO-48970,FPQ-14396,06-04-14,ARV,114-UG-T30,28-Nov-14,Truck,Adult,30,0.15,SCMS from RDC,N/A - From RDC,7043
59404,ASN-22189,Uni-Gold,Mozambique,19-Nov-13,20-Dec-13,MIssing,Test kit,Yes,2908.88,Direct Drop,"HIV 1/2, Uni-Gold HIV Kit, 20 Tests",26.72,675,21600.0,PMO - US,"Trinity Biotech, Plc","HIV 1/2, Uni-Gold HIV Kit",32.0,09-11-13,SCMS-205490,FPQ-12686,7/31/13,HRDT,111-MZ-T30,19-Nov-13,Air,HIV test,20,1.6,"Trinity Biotech, Plc",EXW,202
84775,DN-2954,Generic,CÃte dIvoire,06-Dec-12,06-Dec-12,600mg,Tablet,No,See DN-2954 (ID#:82534),From RDC,"Efavirenz 600mg, tablets, 30 Tabs",38.99,7640,27809.6,PMO - US,"Aurobindo Unit III, India",Efavirenz,3.64,N/A - From RDC,SO-42373,FPQ-9749,4/19/12,ARV,104-CI-T30,31-Dec-12,Truck,Adult,30,0.12,SCMS from RDC,N/A - From RDC,See DN-2954 (ID#:82534)
83554,DN-2488,Generic,Mozambique,08-Mar-12,08-Mar-12,200mg,Tablet,No,See DN-2488 (ID#:83553),From RDC,"Nevirapine 200mg, tablets, 60 Tabs",11.88,2940,7203.0,PMO - US,"Aurobindo Unit VII, IN",Nevirapine,2.45,N/A - From RDC,SO-40370,FPQ-8157,08-04-11,ARV,111-MZ-T30,29-Feb-12,Truck,Adult,60,0.04,SCMS from RDC,N/A - From RDC,See DN-2488 (ID#:83553)
77268,ASN-14780,Stat-Pak,Ethiopia,08-May-12,08-May-12,MIssing,Test kit,Yes,Invoiced Separately,Direct Drop,"HIV 1/2, Stat-Pak HIV, Kit, 20 Tests",13.82,340,9860.0,PMO - US,Chembio Diagnostics Sys. Inc.,"HIV 1/2, Stat-Pak HIV, Kit",29.0,1/23/12,SCMS-133550,FPQ-9098,01-10-12,HRDT,117-ET-T30,08-May-12,Air,HIV test,20,1.45,"CHEMBIO DIAGNOSTIC SYSTEMS, INC.",EXW,Weight Captured Separately
12568,DN-1196,Generic,Nigeria,08-May-09,08-May-09,150/300/200mg,Tablet - FDC,Yes,15128.37,From RDC,"Lamivudine/Nevirapine/Zidovudine 150/200/300mg, tablets, 60 Tabs",1595.85,71422,814210.8,PMO - US,"Aurobindo Unit III, India",Lamivudine/Nevirapine/Zidovudine,11.4,N/A - From RDC,SO-22521,Pre-PQ Process,Pre-PQ Process,ARV,151-NG-T01,08-May-09,Air Charter,Adult,60,0.19,SCMS from RDC,N/A - From RDC,8016
66236,ASN-26608,Uni-Gold,Uganda,26-Jun-14,28-Jun-14,MIssing,Test kit,Yes,1899.22,Direct Drop,"HIV 1/2, Uni-Gold HIV Kit, 20 Tests",24.67,750,24000.0,PMO - US,"Trinity Biotech, Plc","HIV 1/2, Uni-Gold HIV Kit",32.0,5/20/14,SCMS-239750,FPQ-14254,05-12-14,HRDT,114-UG-T30,26-Jun-14,Air,HIV test,20,1.6,"Trinity Biotech, Plc",EXW,242
30728,ASN-5934,Generic,South Africa,28-Dec-09,28-Dec-09,200mg,Capsule,No,Freight Included in Commodity Cost,Direct Drop,"Efavirenz 200mg, capsule, 90 Caps",2.81,40,1303.06,PMO - US,"Aurobindo Unit III, India",Efavirenz,32.58,12/23/09,SCMS-60170,FPQ-4770,12/17/09,ARV,116-ZA-T30,28-Dec-09,Truck,Pediatric,90,0.36,S. BUYS WHOLESALER,DDP,Weight Captured Separately
11876,DN-744,Generic,Haiti,02-Jun-08,02-Jun-08,15mg,Capsule,No,See DN-744 (ID#:10684),From RDC,"Stavudine 15mg, capsules, 60 Caps",0.3,127,190.5,PMO - US,"Aurobindo Unit III, India",Stavudine,1.5,N/A - From RDC,SO-2053,Pre-PQ Process,Pre-PQ Process,ARV,106-HT-T01,02-Jun-08,Air,Adult,60,0.02,SCMS from RDC,N/A - From RDC,See DN-744 (ID#:10684)
82782,DN-4149,Generic,Rwanda,24-Mar-15,24-Mar-15,300/300mg,Tablet - FDC,Yes,9426.33,From RDC,"Lamivudine/Tenofovir Disoproxil Fumarate 300/300mg, tablets, 30 Tabs",103.18,21868,100374.12,PMO - US,Ranbaxy per Shasun Pharma,Lamivudine/Tenofovir Disoproxil Fumarate,4.59,N/A - From RDC,SO-48810,FPQ-14111,4/22/14,ARV,107-RW-T30,31-Mar-15,Truck,Adult,30,0.15,SCMS from RDC,N/A - From RDC,4326
55474,ASN-5582,Atripla,CÃte dIvoire,18-Dec-09,18-Dec-09,600/200/300mg,Tablet - FDC,Yes,30,Direct Drop,"Efavirenz/Emtricitabine/Tenofovir Disoproxil Fumarate 600/200/300mg [Atripla], tablets, 30 Tabs",525.53,5320,268128.0,PMO - US,"MSD, Haarlem, NL",Efavirenz/Emtricitabine/Tenofovir Disoproxil Fumarate,50.4,9/25/09,SCMS-52710,FPQ-3967,8/21/09,ARV,104-CI-T30,18-Dec-09,Air,Adult,30,1.68,MERCK SHARP & DOHME IDEA GMBH (FORMALLY MERCK SHARP & DOHME B.V.),CIP,464
85897,DN-2830,Generic,Uganda,18-Oct-12,18-Oct-12,200mg,Tablet,No,See DN-2830 (ID#:84751),From RDC,"Nevirapine 200mg, tablets, 60 Tabs",103.82,30348,74049.12,PMO - US,Hetero Unit III Hyderabad IN,Nevirapine,2.44,N/A - From RDC,SO-42052,FPQ-9875,05-09-12,ARV,114-UG-T30,18-Oct-12,Air,Adult,60,0.04,SCMS from RDC,N/A - From RDC,See DN-2830 (ID#:84751)
22323,ASN-28021,Generic,South Africa,28-Aug-14,28-Aug-14,300mg,Tablet,No,Freight Included in Commodity Cost,Direct Drop,"Tenofovir Disoproxil Fumarate 300mg, tablets, 30 Tabs",2.2,112,2141.49,PMO - US,Mylan (formerly Matrix) Nashik,Tenofovir Disoproxil Fumarate,19.12,8/28/14,SCMS-238553,FPQ-13973,4/30/14,ARV,116-ZA-T30,28-Aug-14,Truck,Adult,30,0.64,PHARMACY DIRECT,DDP,Weight Captured Separately
422,ASN-1665,Invirase,South Africa,24-Apr-08,24-Apr-08,200mg,Capsule,Yes,Freight Included in Commodity Cost,Direct Drop,"Saquinavir 200mg [Invirase], capsules, 270 Caps",0.65,6,405.06,PMO - US,Roche Basel,Saquinavir,67.51,2/20/08,SCMS-19800,Pre-PQ Process,Pre-PQ Process,ARV,116-ZA-T01,24-Apr-08,Truck,Adult,270,0.25,S. BUYS WHOLESALER,DDP,Weight Captured Separately
84063,DN-2123,Generic,CÃte dIvoire,15-Mar-11,15-Mar-11,600mg,Tablet,Yes,18611.92,From RDC,"Efavirenz 600mg, tablets, 30 Tabs",551.24,57456,255679.2,PMO - US,Mylan (formerly Matrix) Nashik,Efavirenz,4.45,N/A - From RDC,SO-38400,FPQ-6144,08-03-10,ARV,104-CI-T30,31-Mar-11,Air,Adult,30,0.15,SCMS from RDC,N/A - From RDC,4720
84200,DN-2918,Generic,Zambia,26-Nov-12,26-Nov-12,150/30mg,Tablet - FDC,Yes,1900,From RDC,"Lamivudine/Stavudine 150/30mg, tablets, 60 Tabs",10.64,2573,7590.35,PMO - US,Hetero Unit III Hyderabad IN,Lamivudine/Stavudine,2.95,N/A - From RDC,SO-41832,FPQ-9552,3/29/12,ARV,110-ZM-T30,26-Nov-12,Truck,Adult,60,0.05,SCMS from RDC,N/A - From RDC,207
49071,ASN-32138,Reyataz,South Africa,12-May-15,12-May-15,150mg,Capsule,No,Freight Included in Commodity Cost,Direct Drop,"Atazanavir 150mg [Reyataz], capsules, 60 Caps",0.05,3,47.7,PMO - US,"BMS Evansville, US",Atazanavir,15.9,05-11-15,SCMS-259075,FPQ-14942,09-11-14,ARV,116-ZA-T30,12-May-15,Truck,Pediatric,60,0.26,PHARMACY DIRECT,DDP,Weight Captured Separately
75810,ASN-14678,Generic,CÃte dIvoire,22-May-12,22-May-12,300/100mg,Tablet,Yes,3109.21,Direct Drop,"Atazanavir/Ritonavir 300/100mg, tablets, 30 Tabs",63.09,1800,45000.0,PMO - US,Mylan (formerly Matrix) Nashik,Atazanavir/Ritonavir,25.0,03-08-12,SCMS-139100,FPQ-9263,02-01-12,ARV,104-CI-T30,22-May-12,Air,Adult,30,0.83,MYLAN LABORATORIES LTD (FORMERLY MATRIX LABORATORIES),EXW,225
84444,DN-4098,Generic,Nigeria,14-Jan-15,20-Jan-15,150/300/200mg,Tablet - FDC,No,See DN-4098 (ID#:84443),From RDC,"Lamivudine/Nevirapine/Zidovudine 150/200/300mg, tablets, 60 Tabs",0.01,1,7.72,PMO - US,"Cipla, Goa, India",Lamivudine/Nevirapine/Zidovudine,7.72,N/A - From RDC,SO-48893,FPQ-14156,4/25/14,ARV,151-NG-T30,30-Jan-15,Air Charter,Adult,60,0.13,SCMS from RDC,N/A - From RDC,See DN-4098 (ID#:84443)
44860,ASN-33146,Generic,Vietnam,07-Sep-15,07-Sep-15,600/300/300mg,Tablet - FDC,Yes,Invoiced Separately,Direct Drop,"Efavirenz/Lamivudine/Tenofovir Disoproxil Fumarate 600/300/300mg, tablets, 30 Tabs",24.55,2196,20862.0,PMO - US,Hetero Unit III Hyderabad IN,Efavirenz/Lamivudine/Tenofovir Disoproxil Fumarate,9.5,5/13/15,SCMS-285490,FPQ-16194,4/14/15,ARV,108-VN-T30,07-Sep-15,Air,Adult,30,0.32,HETERO LABS LIMITED,EXW,Weight Captured Separately
75912,ASN-8621,Norvir,Dominican Republic,22-Oct-10,22-Oct-10,100mg,Capsule,Yes,Invoiced Separately,Direct Drop,"Ritonavir 100mg [Norvir], capsules, cool, 2 x 84 Caps",0.62,2,288.0,PMO - US,ABBVIE (Abbott) St. Pburg USA,Ritonavir,144.0,09-02-10,SCMS-83590,FPQ-6126,8/19/10,ARV,100-DO-T30,22-Oct-10,Truck,Adult,168,0.86,"ABBVIE, SRL (FORMALLY ABBOTT LABORATORIES INTERNATIONAL CO.)",EXW,Weight Captured Separately
80918,ASN-5244,Videx EC,South Africa,19-Nov-09,19-Nov-09,400mg,Delayed-release capsules - blister,No,Freight Included in Commodity Cost,Direct Drop,"Didanosine EC 400mg [Videx EC], delayed-release capsules, Blister 3 x 10 Caps",3.1,190,1581.34,PMO - US,"BMS Meymac, France",Didanosine EC,8.32,7/21/09,SCMS-49642,FPQ-3560,05-07-09,ARV,116-ZA-T30,19-Nov-09,Truck,Adult,30,0.28,S. BUYS WHOLESALER,DDP,Weight Captured Separately
86356,DN-2065,Generic,Dominican Republic,08-Dec-10,08-Dec-10,150mg,Tablet,No,See DN-2065 (ID#:82360),From RDC,"Lamivudine 150mg, tablets, 60 Tabs",1.69,439,1022.87,PMO - US,"Strides, Bangalore, India.",Lamivudine,2.33,N/A - From RDC,SO-38020,FPQ-6616,10/25/10,ARV,200-DO-T30,31-Jan-11,Air,Adult,60,0.04,SCMS from RDC,N/A - From RDC,See DN-2065 (ID#:82360)
610,ASN-2274,Generic,Vietnam,19-Sep-08,19-Sep-08,150mg,Tablet,Yes,18614.72,Direct Drop,"Lamivudine 150mg, tablets, 60 Tabs",148.38,38640,92736.0,PMO - US,"Aurobindo Unit III, India",Lamivudine,2.4,07-01-08,SCMS-26180,Pre-PQ Process,Pre-PQ Process,ARV,108-VN-T01,19-Sep-08,Air,Adult,60,0.04,Aurobindo Pharma Limited,EXW,2719
83485,DN-2113,Generic,Haiti,14-Feb-11,14-Feb-11,300mg,Tablet,No,See DN-2113 (ID#:82937),From RDC,"Zidovudine 300mg, tablets, 60 Tabs",14.92,960,6921.6,PMO - US,"Aurobindo Unit III, India",Zidovudine,7.21,N/A - From RDC,SO-38120,FPQ-6484,10/13/10,ARV,106-HT-T30,28-Feb-11,Air,Adult,60,0.12,SCMS from RDC,N/A - From RDC,See DN-2113 (ID#:82937)
21897,ASN-15539,Uni-Gold,Ethiopia,21-Aug-12,21-Aug-12,MIssing,Test kit,Yes,512.31,Direct Drop,"HIV 1/2, Uni-Gold HIV Kit, 20 Tests",1.21,27,864.0,PMO - US,"Trinity Biotech, Plc","HIV 1/2, Uni-Gold HIV Kit",32.0,1/23/12,SCMS-133340,FPQ-9096,01-05-12,HRDT,117-ET-T30,21-Aug-12,Air,HIV test,20,1.6,"Trinity Biotech, Plc",EXW,10
82876,DN-1760,Generic,Uganda,08-Apr-10,08-Apr-10,150/30mg,Tablet - FDC,Yes,1865.86,From RDC,"Lamivudine/Stavudine 150/30mg, tablets, 60 Tabs",0.55,75,255.0,PMO - US,"Cipla, Goa, India",Lamivudine/Stavudine,3.4,N/A - From RDC,SO-36100,FPQ-5238,03-02-10,ARV,114-UG-T30,26-May-10,Air,Adult,60,0.06,SCMS from RDC,N/A - From RDC,10
1156,ASN-4503,Generic,Rwanda,25-Jul-09,25-Jul-09,600mg,Tablet,Yes,37404.74,Direct Drop,"Efavirenz 600mg, tablets, 30 Tabs",757.31,55356,386384.88,PMO - US,Hetero Unit III Hyderabad IN,Efavirenz,6.98,4/15/09,SCMS-43890,Pre-PQ Process,Pre-PQ Process,ARV,107-RW-T01,25-Jul-09,Air,Adult,30,0.23,HETERO LABS LIMITED,CIP,4482
54960,ASN-24433,Generic,South Africa,07-Feb-14,07-Feb-14,150/200/30mg,Tablet - FDC,No,Freight Included in Commodity Cost,Direct Drop,"Lamivudine/Nevirapine/Stavudine 150/200/30mg, tablets, 60 Tabs",0.15,4,120.98,PMO - US,"Cipla, Goa, India",Lamivudine/Nevirapine/Stavudine,30.24,8/13/13,SCMS-199280,FPQ-12522,07-11-13,ARV,116-ZA-T30,07-Feb-14,Truck,Adult,60,0.5,S. BUYS WHOLESALER,DDP,Weight Captured Separately
10842,DN-261,Uni-Gold,Rwanda,22-Aug-07,22-Aug-07,MIssing,Test kit,Yes,1126.84,From RDC,"HIV 1/2, Uni-Gold HIV Kit, 20 Tests",7.94,155,4960.0,PMO - US,"Trinity Biotech, Plc","HIV 1/2, Uni-Gold HIV Kit",32.0,N/A - From RDC,SO-826,Pre-PQ Process,Pre-PQ Process,HRDT,107-RW-T01,22-Aug-07,Air,HIV test,20,1.6,SCMS from RDC,N/A - From RDC,55
52677,ASN-23223,Kaletra,Uganda,04-Mar-14,05-Mar-14,80/20mg/ml,Oral solution,Yes,2553.06,Direct Drop,"Lopinavir/Ritonavir 80/20mg/ml [Kaletra], oral solution, cool, Bottle 5 x 60 ml",5.96,188,5794.16,PMO - US,ABBVIE (Abbott) Logis. UK,Lopinavir/Ritonavir,30.82,10/30/13,SCMS-212630,FPQ-13116,10/23/13,ARV,114-UG-T30,04-Mar-14,Air,Pediatric,300,0.1,ABBVIE LOGISTICS (FORMERLY ABBOTT LOGISTICS BV),EXW,221
9351,ASN-787,Bioline,Tanzania,22-Nov-07,22-Nov-07,MIssing,Test kit,Yes,29470,Direct Drop,"HIV 1/2, Bioline 3.0 Kit, Lancets, Capillary pipets, Alcohol swabs included, 25 Tests",320,10000,200000.0,PMO - US,"Standard Diagnostics, Korea","HIV 1/2, Bioline 3.0 Kit, Lancets, Capillary pipets, Alcohol swabs included",20.0,Date Not Captured,SCMS-10280,Pre-PQ Process,Pre-PQ Process,HRDT,109-TZ-T01,22-Nov-07,Air,HIV test,25,0.8,"Standard Diagnostics, Inc.",EXW,3345
47923,ASN-4753,Determine,Zimbabwe,07-Sep-09,07-Sep-09,MIssing,Test kit,Yes,3791.81,Direct Drop,"HIV 1/2, Determine Complete HIV Kit, 100 Tests",141.12,1000,72000.0,PMO - US,Inverness Japan,"HIV 1/2, Determine Complete HIV Kit",72.0,7/25/09,SCMS-50150,FPQ-3998,7/14/09,HRDT,113-ZW-T30,07-Sep-09,Air,HIV test,100,0.72,"Orgenics, Ltd",EXW,324
85690,DN-1933,Generic,Nigeria,28-Jun-10,28-Jun-10,600/200/300mg,Tablet - FDC,Yes,Freight Included in Commodity Cost,From RDC,"Efavirenz/Emtricitabine/Tenofovir Disoproxil Fumarate 600/200/300mg, tablets, 30 Tabs",42.95,1000,19920.0,PMO - US,Mylan (formerly Matrix) Nashik,Efavirenz/Emtricitabine/Tenofovir Disoproxil Fumarate,19.92,N/A - From RDC,SO-36423,FPQ-5023,02-10-10,ARV,151-NG-T30,15-Jul-10,Air,Adult,30,0.66,SCMS from RDC,N/A - From RDC,91
42983,ASN-17003,Generic,CÃte dIvoire,23-Nov-12,23-Nov-12,300/100mg,Tablet,Yes,1766.57,Direct Drop,"Atazanavir/Ritonavir 300/100mg, tablets, 30 Tabs",29.62,939,21127.5,PMO - US,Mylan (formerly Matrix) Nashik,Atazanavir/Ritonavir,22.5,01-06-12,SCMS-147680,FPQ-9756,4/23/12,ARV,104-CI-T30,23-Nov-12,Air,Adult,30,0.75,MYLAN LABORATORIES LTD (FORMERLY MATRIX LABORATORIES),EXW,117
84978,DN-3930,Generic,Uganda,25-Sep-14,26-Sep-14,30/60mg,Chewable/dispersible tablet - FDC,Yes,1332.7,From RDC,"Lamivudine/Zidovudine 30/60mg, dispersible tablets, 60 Tabs",8.84,4000,8600.0,PMO - US,"Cipla, Goa, India",Lamivudine/Zidovudine,2.15,N/A - From RDC,SO-47840,FPQ-13693,02-07-14,ARV,114-UG-T30,31-Oct-14,Truck,Pediatric,60,0.04,SCMS from RDC,N/A - From RDC,474
86179,DN-4170,Generic,Nigeria,10-Mar-15,17-Mar-15,150/300mg,Tablet - FDC,No,See DN-4170 (ID#:85020),From RDC,"Lamivudine/Zidovudine 150/300mg, tablets, 60 Tabs",995.79,148569,968669.88,PMO - US,"Aurobindo Unit III, India",Lamivudine/Zidovudine,6.52,N/A - From RDC,SO-51030,FPQ-14156,4/25/14,ARV,151-NG-T30,02-Mar-15,Air Charter,Adult,60,0.11,SCMS from RDC,N/A - From RDC,See DN-4170 (ID#:85020)
85971,DN-3184,Generic,Zambia,29-May-13,29-May-13,200mg,Tablet,Yes,17650.15,From RDC,"Nevirapine 200mg, tablets, 60 Tabs",276.6,96800,223608.0,PMO - US,"Cipla, Goa, India",Nevirapine,2.31,N/A - From RDC,SO-44475,FPQ-11553,1/28/13,ARV,110-ZM-T30,25-Jun-13,Truck,Adult,60,0.04,SCMS from RDC,N/A - From RDC,11808
78427,ASN-18067,Generic,"Congo, DRC",03-Apr-13,03-Apr-13,100/25mg,Tablet,Yes,767.87,Direct Drop,"Lopinavir/Ritonavir 100/25mg [Aluvia], tablets, 60 Tabs",0.18,24,142.56,PMO - US,ABBVIE Ludwigshafen Germany,Lopinavir/Ritonavir,5.94,01-03-13,SCMS-170610,FPQ-11103,12-07-12,ARV,101-CD-T30,15-Mar-13,Air,Pediatric,60,0.1,ABBVIE LOGISTICS (FORMERLY ABBOTT LOGISTICS BV),FCA,8
71237,ASN-19390,Kaletra,Zambia,22-May-13,22-May-13,80/20mg/ml,Oral solution,Yes,10365.14,Direct Drop,"Lopinavir/Ritonavir 80/20mg/ml [Kaletra], oral solution, cool, Bottle 5 x 60 ml",28.97,760,23423.2,PMO - US,ABBVIE (Abbott) Logis. UK,Lopinavir/Ritonavir,30.82,3/28/13,SCMS-183050,FPQ-11561,2/13/13,ARV,110-ZM-T30,22-May-13,Air,Pediatric,300,0.1,ABBVIE LOGISTICS (FORMERLY ABBOTT LOGISTICS BV),FCA,757
26718,ASN-19193,Generic,Vietnam,24-May-13,24-May-13,10mg/ml,Oral solution,No,See ASN-19193 (ID#:14265),Direct Drop,"Zidovudine 10mg/ml, oral solution w/syringe, Bottle, 240 ml",0.46,179,375.9,PMO - US,"Aurobindo Unit III, India",Zidovudine,2.1,02-05-13,SCMS-176190,FPQ-11418,1/29/13,ARV,108-VN-T30,24-May-13,Air,Pediatric,240,0.01,Aurobindo Pharma Limited,EXW,See ASN-19193 (ID#:14265)
2657,ASN-55,Generic,Vietnam,11-Aug-06,11-Aug-06,150/300mg,Tablet - FDC,No,See ASN-55 (ID#:16),Direct Drop,"Lamivudine/Zidovudine 150/300mg, tablets, 60 Tabs",MIssing,20000,338000.0,PMO - US,"Aurobindo Unit III, India",Lamivudine/Zidovudine,16.9,Date Not Captured,SCMS-81,Pre-PQ Process,Pre-PQ Process,ARV,108-VN-T01,11-Aug-06,Air,Adult,60,0.28,Aurobindo Pharma Limited,EXW,See ASN-55 (ID#:16)
86590,DN-3263,Generic,Uganda,27-Sep-13,27-Sep-13,150/300mg,Tablet - FDC,No,See DN-3263 (ID#:83150),From RDC,"Lamivudine/Zidovudine 150/300mg, tablets, 60 Tabs",170.56,19697,137879.0,PMO - US,"Cipla, Goa, India",Lamivudine/Zidovudine,7.0,N/A - From RDC,SO-45880,FPQ-12473,06-11-13,ARV,114-UG-T30,27-Sep-13,Air,Adult,60,0.12,SCMS from RDC,N/A - From RDC,See DN-3263 (ID#:83150)
82949,DN-2203,Generic,Zimbabwe,13-Jun-11,13-Jun-11,30/60mg,Tablet - FDC,Yes,5346.74,From RDC,"Lamivudine/Zidovudine 30/60mg, tablets, 60 Tabs",13.93,1988,6461.0,PMO - US,"Aurobindo Unit III, India",Lamivudine/Zidovudine,3.25,N/A - From RDC,SO-37880,FPQ-6483,10/13/10,ARV,200-ZW-T30,31-May-11,Truck,Pediatric,60,0.05,SCMS from RDC,N/A - From RDC,1671
7121,ASN-2336,Generic,Vietnam,19-Sep-08,19-Sep-08,300mg,Tablet,No,See ASN-2336 (ID#:530),Direct Drop,"Zidovudine 300mg, tablets, 60 Tabs",7.78,648,4860.0,PMO - US,Mylan (formerly Matrix) Nashik,Zidovudine,7.5,5/14/08,SCMS-23450,Pre-PQ Process,Pre-PQ Process,ARV,108-VN-T01,19-Sep-08,Air,Adult,60,0.12,MYLAN LABORATORIES LTD (FORMERLY MATRIX LABORATORIES),EXW,See ASN-2336 (ID#:530)
83740,DN-3436,Generic,Nigeria,26-Nov-13,05-Dec-13,600/300/300mg,Tablet - FDC,Yes,26340,From RDC,"Efavirenz/Lamivudine/Tenofovir Disoproxil Fumarate 600/300/300mg, tablets, 30 Tabs",1799.06,130437,1454372.55,PMO - US,Hetero Unit III Hyderabad IN,Efavirenz/Lamivudine/Tenofovir Disoproxil Fumarate,11.15,N/A - From RDC,SO-47221,FPQ-12248,05-06-13,ARV,151-NG-T30,18-Nov-13,Air Charter,Adult,30,0.37,SCMS from RDC,N/A - From RDC,18633
82556,DN-3029,Generic,Nigeria,21-Feb-13,21-Feb-13,150/300mg,Tablet - FDC,Yes,37242.5,From RDC,"Lamivudine/Zidovudine 150/300mg, tablets, 60 Tabs",325.87,31971,232429.17,PMO - US,Mylan (formerly Matrix) Nashik,Lamivudine/Zidovudine,7.27,N/A - From RDC,SO-44560,FPQ-10477,08-09-12,ARV,151-NG-T30,15-Mar-13,Air Charter,Adult,60,0.12,SCMS from RDC,N/A - From RDC,11111
84642,DN-2187,Generic,CÃte dIvoire,07-Jun-11,07-Jun-11,200mg,Capsule,Yes,1355.31,From RDC,"Efavirenz 200mg, capsule, 90 Caps",0.42,20,194.2,PMO - US,"Aurobindo Unit III, India",Efavirenz,9.71,N/A - From RDC,SO-38990,FPQ-6144,08-03-10,ARV,104-CI-T30,23-Mar-11,Air,Pediatric,90,0.11,SCMS from RDC,N/A - From RDC,3
85659,DN-1671,Generic,CÃte dIvoire,10-Mar-10,10-Mar-10,10mg/ml,Oral solution,No,See DN-1671 (ID#:82863),From RDC,"Lamivudine 10mg/ml, oral solution, Bottle, 240 ml",16.16,4340,8246.0,PMO - US,"Cipla, Goa, India",Lamivudine,1.9,N/A - From RDC,SO-34412,FPQ-4378,10/15/09,ARV,104-CI-T30,09-Mar-10,Air,Pediatric,240,0.01,SCMS from RDC,N/A - From RDC,See DN-1671 (ID#:82863)
85847,DN-2603,Generic,Uganda,27-Mar-12,27-Mar-12,300/300mg,Tablet - FDC,No,See DN-2603 (ID#:83023),From RDC,"Lamivudine/Tenofovir Disoproxil Fumarate 300/300mg, tablets, 30 Tabs",110.46,12959,78790.72,PMO - US,Mylan (formerly Matrix) Nashik,Lamivudine/Tenofovir Disoproxil Fumarate,6.08,N/A - From RDC,SO-41630,FPQ-9354,2/20/12,ARV,114-UG-T30,03-May-12,Air,Adult,30,0.2,SCMS from RDC,N/A - From RDC,See DN-2603 (ID#:83023)
83154,DN-3285,Generic,Uganda,30-Aug-13,30-Aug-13,200mg,Tablet,Yes,759.79,From RDC,"Efavirenz 200mg, scored tablets, 90 Tabs",3.05,338,2467.4,PMO - US,"Strides, Bangalore, India.",Efavirenz,7.3,N/A - From RDC,SO-43874,FPQ-11133,12/13/12,ARV,114-UG-T30,30-Aug-13,Truck,Pediatric,90,0.08,SCMS from RDC,N/A - From RDC,25
30084,ASN-24415,Generic,South Africa,06-Feb-14,06-Feb-14,250mg,Delayed-release capsules,No,Freight Included in Commodity Cost,Direct Drop,"Didanosine 250mg, delayed-release capsules, 30 Caps",0.13,7,105.7,PMO - US,"Aurobindo Unit III, India",Didanosine,15.1,12-02-13,SCMS-215370,FPQ-13035,10-08-13,ARV,116-ZA-T30,06-Feb-14,Truck,Adult,30,0.5,S. BUYS WHOLESALER,DDP,Weight Captured Separately
82733,DN-3944,Generic,Mozambique,28-Oct-14,13-Nov-14,10mg/ml,Oral suspension,Yes,8520.87,From RDC,"Nevirapine 10mg/ml, oral suspension w/syringe, Bottle, 240 ml",42.32,27264,41168.64,PMO - US,"Aurobindo Unit III, India",Nevirapine,1.51,N/A - From RDC,SO-48884,FPQ-14226,05-02-14,ARV,111-MZ-T30,31-Dec-14,Truck,Pediatric,240,0.01,SCMS from RDC,N/A - From RDC,10191
36710,ASN-19207,Uni-Gold,Malawi,03-May-13,03-May-13,MIssing,Test kit,Yes,1136.31,Direct Drop,"HIV 1/2, Uni-Gold HIV Kit, 20 Tests",3.72,94,3008.0,PMO - US,"Trinity Biotech, Plc","HIV 1/2, Uni-Gold HIV Kit",32.0,3/14/13,SCMS-179340,FPQ-11638,2/22/13,HRDT,102-MW-T30,03-May-13,Air,HIV test,20,1.6,"Trinity Biotech, Plc",EXW,32
11907,DN-859,Stocrin/Sustiva,Haiti,07-Aug-08,07-Aug-08,30mg/ml,Oral solution,Yes,8762.02,From RDC,"Efavirenz 30mg/ml [Stocrin/Sustiva], oral solution, Bottle, 180 ml",4.07,150,2544.0,PMO - US,"MSD, Haarlem, NL",Efavirenz,16.96,N/A - From RDC,SO-12150,Pre-PQ Process,Pre-PQ Process,ARV,106-HT-T01,07-Aug-08,Air,Pediatric,180,0.09,SCMS from RDC,N/A - From RDC,702
83419,DN-1791,Generic,Guyana,28-Apr-10,28-Apr-10,200/300mg,Tablet - FDC,Yes,4468.34,From RDC,"Emtricitabine/Tenofovir Disoproxil Fumarate 200/300mg, tablets, 30 Tabs",125.53,4955,58221.25,PMO - US,Mylan (formerly Matrix) Nashik,Emtricitabine/Tenofovir Disoproxil Fumarate,11.75,N/A - From RDC,SO-36560,FPQ-5430,3/29/10,ARV,105-GY-T30,15-Apr-10,Air,Adult,30,0.39,SCMS from RDC,N/A - From RDC,376
9037,ASN-3752,Stocrin/Sustiva,South Africa,21-Nov-08,21-Nov-08,200mg,Capsule,No,Freight Included in Commodity Cost,Direct Drop,"Efavirenz 200mg [Stocrin/Sustiva], capsule, 90 Caps",4.81,100,2454.0,PMO - US,"MSD Midrand, Jburg, SA",Efavirenz,24.54,Date Not Captured,SCMS-41140,Pre-PQ Process,Pre-PQ Process,ARV,116-ZA-T01,31-Mar-09,Air,Pediatric,90,0.27,S. BUYS WHOLESALER,DDP,Weight Captured Separately
11925,DN-893,Generic,Tanzania,15-Sep-08,15-Sep-08,100mg,Chewable/dispersible tablet,No,See DN-893 (ID#:11596),From RDC,"Didanosine 100mg, chewable/dispersible tablets, 60 Tabs",144.34,11640,90210.0,PMO - US,"Aurobindo Unit III, India",Didanosine,7.75,N/A - From RDC,SO-1697,Pre-PQ Process,Pre-PQ Process,ARV,109-TZ-T01,15-Sep-08,MIssing,Pediatric,60,0.13,SCMS from RDC,N/A - From RDC,See DN-893 (ID#:11596)
82951,DN-2209,Generic,Nigeria,05-Jul-11,05-Jul-11,150/300mg,Tablet - FDC,Yes,13398.04,From RDC,"Lamivudine/Zidovudine 150/300mg, tablets, 60 Tabs",436.13,32000,264320.0,PMO - US,"Aurobindo Unit III, India",Lamivudine/Zidovudine,8.26,N/A - From RDC,SO-39370,FPQ-6800,12-07-10,ARV,151-NG-T30,21-Jun-11,Air Charter,Adult,60,0.14,SCMS from RDC,N/A - From RDC,3175
33422,ASN-18970,Generic,Vietnam,15-May-13,15-May-13,150/300/200mg,Tablet - FDC,Yes,3821.49,Direct Drop,"Lamivudine/Nevirapine/Zidovudine 150/200/300mg, tablets, 60 Tabs",147.3,14142,119075.64,PMO - US,"Strides, Bangalore, India.",Lamivudine/Nevirapine/Zidovudine,8.42,07-11-12,SCMS-164550,FPQ-10811,10/15/12,ARV,108-VN-T30,15-May-13,Air,Adult,60,0.14,STRIDES ARCOLAB LIMITED,EXW,1741
11719,DN-44,Generic,Mozambique,17-Apr-07,17-Apr-07,150/300/200mg,Tablet - FDC,No,See DN-44 (ID#:10549),From RDC,"Lamivudine/Nevirapine/Zidovudine 150/200/300mg, tablets, 60 Tabs",MIssing,30000,525000.0,PMO - US,"Aurobindo Unit III, India",Lamivudine/Nevirapine/Zidovudine,17.5,N/A - From RDC,SO-293,Pre-PQ Process,Pre-PQ Process,ARV,111-MZ-T01,17-Apr-07,Air,Adult,60,0.29,SCMS from RDC,N/A - From RDC,See DN-44 (ID#:10549)
59314,ASN-30671,Generic,South Africa,12-Feb-15,12-Feb-15,250mg,Delayed-release capsules,No,Freight Included in Commodity Cost,Direct Drop,"Didanosine 250mg, delayed-release capsules, 30 Caps",0.07,6,66.1,PMO - US,"Aurobindo Unit III, India",Didanosine,11.02,02-12-15,SCMS-259073,FPQ-14942,09-11-14,ARV,116-ZA-T30,12-Feb-15,Truck,Adult,30,0.37,PHARMACY DIRECT,DDP,Weight Captured Separately
12237,DN-1051,Generic,Ethiopia,03-Feb-09,03-Feb-09,150/200/30mg,Tablet - FDC,Yes,9189.57,From RDC,"Lamivudine/Nevirapine/Stavudine 150/200/30mg, tablets, 60 Tabs",319.83,22918,163176.16,PMO - US,"Strides, Bangalore, India.",Lamivudine/Nevirapine/Stavudine,7.12,N/A - From RDC,SO-21990,Pre-PQ Process,Pre-PQ Process,ARV,117-ET-T01,03-Feb-09,Air,Adult,60,0.12,SCMS from RDC,N/A - From RDC,1689
11961,DN-1164,Generic,CÃte dIvoire,24-Mar-09,24-Mar-09,200mg,Tablet,Yes,Invoiced Separately,From RDC,"Nevirapine 200mg, tablets, 60 Tabs",50.05,7511,25537.4,PMO - US,"Aurobindo Unit III, India",Nevirapine,3.4,N/A - From RDC,SO-27040,Pre-PQ Process,Pre-PQ Process,ARV,104-CI-T01,24-Mar-09,Air,Adult,60,0.06,SCMS from RDC,N/A - From RDC,Weight Captured Separately
41878,ASN-11401,Determine,Kenya,09-Aug-11,09-Aug-11,MIssing,Test kit,Yes,14307.97,Direct Drop,"HIV 1/2, Determine Complete HIV Kit, 100 Tests",1066.57,7263,646407.0,PMO - US,Inverness Japan,"HIV 1/2, Determine Complete HIV Kit",89.0,5/19/11,SCMS-109250,FPQ-7684,05-05-11,HRDT,127-KE-T30,09-Aug-11,Air,HIV test,100,0.89,"Orgenics, Ltd",EXW,2069
86436,DN-2492,Generic,"Congo, DRC",14-Feb-12,14-Feb-12,150/300/200mg,Tablet - FDC,No,See DN-2492 (ID#:82999),From RDC,"Lamivudine/Nevirapine/Zidovudine 150/200/300mg, tablets, 60 Tabs",1.37,89,979.0,PMO - US,Mylan (formerly Matrix) Nashik,Lamivudine/Nevirapine/Zidovudine,11.0,N/A - From RDC,SO-41130,FPQ-8840,11/21/11,ARV,101-CD-T30,16-Mar-12,Air,Adult,60,0.18,SCMS from RDC,N/A - From RDC,See DN-2492 (ID#:82999)
849,ASN-3209,Paramax,Guyana,06-Feb-09,06-Feb-09,MIssing,Test kit,Yes,Freight Included in Commodity Cost,Direct Drop,"Malaria Paramax-3 Kit, 25 Tests",7.94,108,4050.0,PMO - US,Not Applicable,Malaria Paramax-3 Kit,37.5,11/19/08,SCMS-33930,Pre-PQ Process,Pre-PQ Process,MRDT,102-GY-T01,06-Feb-09,Air,Malaria,25,1.5,ZEPHYR BIOMEDICALS,CIP,Weight Captured Separately
12418,DN-400,Generic,Zambia,02-Nov-07,02-Nov-07,20mg,Capsule,Yes,1320.08,From RDC,"Stavudine 20mg, capsules, 60 Caps",3.87,1381,2416.75,PMO - US,"Aurobindo Unit III, India",Stavudine,1.75,N/A - From RDC,SO-909,Pre-PQ Process,Pre-PQ Process,ARV,110-ZM-T01,02-Nov-07,MIssing,Adult,60,0.03,SCMS from RDC,N/A - From RDC,232
86061,DN-3586,Generic,Haiti,24-Mar-14,06-May-14,150/300/200mg,Tablet - FDC,No,See DN-3586 (ID#:83224),From RDC,"Lamivudine/Nevirapine/Zidovudine 150/200/300mg, tablets, 60 Tabs",254.74,30000,247800.0,PMO - US,Mylan (formerly Matrix) Nashik,Lamivudine/Nevirapine/Zidovudine,8.26,N/A - From RDC,SO-47690,FPQ-13608,1/22/14,ARV,106-HT-T30,30-Mar-14,Air,Adult,60,0.14,SCMS from RDC,N/A - From RDC,See DN-3586 (ID#:83224)
84126,DN-2456,Generic,Swaziland,12-Dec-11,12-Dec-11,200mg,Tablet,Yes,3787.65,From RDC,"Nevirapine 200mg, tablets, 60 Tabs",55.44,13023,33599.34,PMO - US,"Strides, Bangalore, India.",Nevirapine,2.58,N/A - From RDC,SO-40690,FPQ-8417,9/14/11,ARV,900-SZ-T30,12-Dec-11,Air,Adult,60,0.04,SCMS from RDC,N/A - From RDC,750
72719,ASN-17621,Genie,CÃte dIvoire,09-Jan-13,09-Jan-13,MIssing,Test kit,Yes,32609.44,Direct Drop,"HIV 1/2, Genie III Kit, 50 Tests",63.79,500,45500.0,PMO - US,Bio-Rad Laboratories,"HIV 1/2, Genie III Kit",91.0,10/22/12,SCMS-162870,FPQ-10764,10-10-12,HRDT,104-CI-T30,09-Jan-13,Air,HIV test,50,1.82,BIO-RAD LABORATORIES (FRANCE),EXW,284
83442,DN-1941,Generic,Nigeria,28-Jun-10,28-Jun-10,150/300mg,Tablet - FDC,Yes,Freight Included in Commodity Cost,From RDC,"Lamivudine/Zidovudine 150/300mg, tablets, 60 Tabs",2.93,155,1357.8,PMO - US,Mylan (formerly Matrix) Nashik,Lamivudine/Zidovudine,8.76,N/A - From RDC,SO-36545,FPQ-5023,02-10-10,ARV,151-NG-T30,15-Jul-10,Air,Adult,60,0.15,SCMS from RDC,N/A - From RDC,13
12320,DN-1432,Generic,Zambia,02-Oct-09,02-Oct-09,150/200/30mg,Tablet - FDC,Yes,13518.56,From RDC,"Lamivudine/Nevirapine/Stavudine 150/200/30mg, tablets, 60 Tabs",858.52,61520,438022.4,PMO - US,"Cipla, Goa, India",Lamivudine/Nevirapine/Stavudine,7.12,N/A - From RDC,SO-32850,Pre-PQ Process,Date Not Captured,ARV,110-ZM-T01,02-Oct-09,Truck,Adult,60,0.12,SCMS from RDC,N/A - From RDC,23888
86677,DN-3648,Generic,Zambia,19-May-14,12-Jun-14,300/300mg,Tablet - FDC,No,See DN-3648 (ID#:84360),From RDC,"Lamivudine/Tenofovir Disoproxil Fumarate 300/300mg, tablets, 30 Tabs",60.05,12590,58417.6,PMO - US,Ranbaxy per Shasun Pharma,Lamivudine/Tenofovir Disoproxil Fumarate,4.64,N/A - From RDC,SO-47201,FPQ-13221,10/31/13,ARV,110-ZM-T30,06-May-14,Truck,Adult,30,0.15,SCMS from RDC,N/A - From RDC,See DN-3648 (ID#:84360)
86803,DN-4236,Generic,Mozambique,15-Jun-15,15-Jun-15,300/300mg,Tablet - FDC,Yes,1653.9,From RDC,"Lamivudine/Tenofovir Disoproxil Fumarate 300/300mg, tablets, 30 Tabs",75.52,16006,73467.54,PMO - US,"Hetero, Jadcherla, unit 5, IN",Lamivudine/Tenofovir Disoproxil Fumarate,4.59,N/A - From RDC,SO-49721,FPQ-14843,8/21/14,ARV,111-MZ-T30,29-May-15,Truck,Adult,30,0.15,SCMS from RDC,N/A - From RDC,1504
80167,ASN-16480,Uni-Gold,Mozambique,09-Oct-12,09-Oct-12,MIssing,Test kit,Yes,3165.69,Direct Drop,"HIV 1/2, Uni-Gold HIV Kit, 20 Tests",19.16,427,13664.0,PMO - US,"Trinity Biotech, Plc","HIV 1/2, Uni-Gold HIV Kit",32.0,8/22/12,SCMS-157220,FPQ-10369,7/23/12,HRDT,111-MZ-T30,09-Oct-12,Air,HIV test,20,1.6,"Trinity Biotech, Plc",EXW,149
76619,ASN-6401,Determine,Namibia,20-Apr-10,20-Apr-10,MIssing,Test kit,Yes,1498.16,Direct Drop,"HIV 1/2, Determine HIV Kit, without Lancets, 100 Tests",75.46,500,35000.0,PMO - US,Inverness Japan,"HIV 1/2, Determine HIV Kit, without Lancets",70.0,01-08-10,SCMS-62720,FPQ-4856,01-07-10,HRDT,119-NA-T30,20-Apr-10,Air,HIV test,100,0.7,"Orgenics, Ltd",EXW,115
28240,ASN-9386,Kaletra,Zimbabwe,17-Mar-11,17-Mar-11,80/20mg/ml,Oral solution,Yes,18756.25,Direct Drop,"Lopinavir/Ritonavir 80/20mg/ml [Kaletra], oral solution, cool, Bottle 5 x 60 ml",168.86,2166,78322.56,PMO - US,ABBVIE (Abbott) Logis. UK,Lopinavir/Ritonavir,36.16,11-10-10,SCMS-90630,FPQ-6488,10/26/10,ARV,200-ZW-T30,17-Mar-11,Air,Pediatric,300,0.12,ABBVIE LOGISTICS (FORMERLY ABBOTT LOGISTICS BV),FCA,2480
83056,DN-2745,Generic,Uganda,07-Aug-12,07-Aug-12,600mg,Tablet,Yes,7964.24,From RDC,"Efavirenz 600mg, tablets, 30 Tabs",73.31,13373,52288.43,PMO - US,"Strides, Bangalore, India.",Efavirenz,3.91,N/A - From RDC,SO-42051,FPQ-9875,05-09-12,ARV,114-UG-T30,07-Aug-12,Air,Adult,30,0.13,SCMS from RDC,N/A - From RDC,816
85507,DN-3819,Generic,Zambia,23-Jul-14,28-Aug-14,600/300/300mg,Tablet - FDC,No,See DN-3819 (ID#:85506),From RDC,"Efavirenz/Lamivudine/Tenofovir Disoproxil Fumarate 600/300/300mg, tablets, 30 Tabs",1177.78,106280,1145698.4,PMO - US,"Aurobindo Unit VII, IN",Efavirenz/Lamivudine/Tenofovir Disoproxil Fumarate,10.78,N/A - From RDC,SO-48000,FPQ-13692,02-06-14,ARV,110-ZM-T30,31-Jul-14,Truck,Adult,30,0.36,SCMS from RDC,N/A - From RDC,See DN-3819 (ID#:85506)
77952,ASN-25541,Colloidal Gold,Rwanda,28-Apr-14,28-Apr-14,MIssing,Test kit,Yes,53102.22,Direct Drop,"HIV 1/2, SKB Colloidal Gold, Diagnostic Kit, Antibody, 50 Tests",150.96,5994,146853.0,PMO - US,"KHB Test Kit Facility, Shanghai China","HIV 1/2, Colloidal Gold, Diagnostic Kit, Antibody",24.5,04-03-14,SCMS-232310,FPQ-13874,03-12-14,HRDT,107-RW-T30,28-Apr-14,Air,HIV test,1,24.5,"SHANGHAI KEHUA BIOENGINEERING CO.,LTD.  (KHB)",EXW,3996
83375,DN-1506,Generic,Uganda,10-Nov-09,10-Nov-09,300/300mg,Tablet - FDC,Yes,1483.39,From RDC,"Lamivudine/Tenofovir Disoproxil Fumarate 300/300mg, tablets, 30 Tabs",3.92,200,2000.0,PMO - US,Mylan (formerly Matrix) Nashik,Lamivudine/Tenofovir Disoproxil Fumarate,10.0,N/A - From RDC,SO-34160,FPQ-4475,09-02-09,ARV,114-UG-T30,20-Nov-09,Air,Adult,30,0.33,SCMS from RDC,N/A - From RDC,44
85539,DN-3974,Generic,Zimbabwe,30-Oct-14,07-Nov-14,600/300/300mg,Tablet - FDC,No,See DN-3974 (ID#:82745),From RDC,"Efavirenz/Lamivudine/Tenofovir Disoproxil Fumarate 600/300/300mg, tablets, 30 Tabs",0,6,0.0,PMO - US,Cipla Ltd A-42 MIDC Mahar. IN,Efavirenz/Lamivudine/Tenofovir Disoproxil Fumarate,0.0,N/A - From RDC,SO-49171,FPQ-14458,6/13/14,ARV,113-ZW-T30,31-Jan-15,Truck,Adult,30,0.0,SCMS from RDC,N/A - From RDC,See DN-3974 (ID#:82745)
61473,ASN-33477,Generic,South Africa,24-Jul-15,24-Jul-15,150/300mg,Tablet - FDC,No,Freight Included in Commodity Cost,Direct Drop,"Lamivudine/Zidovudine 150/300mg, tablets, 60 Tabs",0.3,13,293.03,PMO - US,"Aurobindo Unit III, India",Lamivudine/Zidovudine,22.54,10-09-14,SCMS-259077,FPQ-14942,09-11-14,ARV,116-ZA-T30,24-Jul-15,Truck,Adult,60,0.38,PHARMACY DIRECT,DDP,Weight Captured Separately
84758,DN-2873,Generic,Uganda,22-Oct-12,22-Oct-12,150/300mg,Tablet - FDC,No,See DN-2873 (ID#:82515),From RDC,"Lamivudine/Zidovudine 150/300mg, tablets, 60 Tabs",77.13,7126,55012.72,PMO - US,Mylan (formerly Matrix) Nashik,Lamivudine/Zidovudine,7.72,N/A - From RDC,SO-43090,FPQ-10503,8/15/12,ARV,114-UG-T30,25-Oct-12,Air,Adult,60,0.13,SCMS from RDC,N/A - From RDC,See DN-2873 (ID#:82515)
84625,DN-2128,Generic,Zimbabwe,18-Mar-11,18-Mar-11,150/30mg,Tablet - FDC,No,See DN-2128 (ID#:84624),From RDC,"Lamivudine/Stavudine 150/30mg, tablets, 60 Tabs",12.99,1883,6025.6,PMO - US,"Cipla, Goa, India",Lamivudine/Stavudine,3.2,N/A - From RDC,SO-38830,FPQ-6470,10/13/10,ARV,113-ZW-T30,31-Mar-11,Truck,Adult,60,0.05,SCMS from RDC,N/A - From RDC,See DN-2128 (ID#:84624)
11303,DN-1105,Generic,Ethiopia,20-Mar-09,20-Mar-09,150/300/200mg,Tablet - FDC,Yes,9138,From RDC,"Lamivudine/Nevirapine/Zidovudine 150/200/300mg, tablets, 60 Tabs",258.76,11188,132018.4,PMO - US,Mylan (formerly Matrix) Nashik,Lamivudine/Nevirapine/Zidovudine,11.8,N/A - From RDC,SO-22050,Pre-PQ Process,Pre-PQ Process,ARV,117-ET-T01,20-Mar-09,Air,Adult,60,0.2,SCMS from RDC,N/A - From RDC,1435
51225,ASN-29122,Kaletra,South Africa,29-Oct-14,29-Oct-14,80/20mg/ml,Oral solution,Yes,Freight Included in Commodity Cost,Direct Drop,"Lopinavir/Ritonavir 80/20mg/ml [Kaletra], oral solution, cool, Bottle 5 x 60 ml",0.09,4,88.27,PMO - US,ABBVIE (Abbott) Logis. UK,Lopinavir/Ritonavir,22.07,10/29/14,SCMS-238573,FPQ-13973,4/30/14,ARV,116-ZA-T30,29-Oct-14,Truck,Pediatric,300,0.07,PHARMACY DIRECT,DDP,Weight Captured Separately
65640,ASN-4769,Uni-Gold,Namibia,31-Aug-09,31-Aug-09,MIssing,Test kit,Yes,2906.31,Direct Drop,"HIV 1/2, Uni-Gold HIV Kit, 20 Tests",47.04,750,24000.0,PMO - US,"Trinity Biotech, Plc","HIV 1/2, Uni-Gold HIV Kit",32.0,7/25/09,SCMS-50140,FPQ-3983,7/17/09,HRDT,119-NA-T30,31-Aug-09,Air,HIV test,20,1.6,"Trinity Biotech, Plc",EXW,265
83489,DN-2129,Generic,Guyana,25-Mar-11,25-Mar-11,20mg/ml,Oral solution,No,See DN-2129 (ID#:83488),From RDC,"Abacavir 20mg/ml, oral solution w/syringe, Bottle, 240 ml",2.24,99,1356.3,PMO - US,"Aurobindo Unit III, India",Abacavir,13.7,N/A - From RDC,SO-38840,FPQ-7128,02-04-11,ARV,105-GY-T30,31-Mar-11,Air,Pediatric,240,0.06,SCMS from RDC,N/A - From RDC,See DN-2129 (ID#:83488)
83140,DN-3153,Generic,Uganda,07-Jun-13,07-Jun-13,150/300mg,Tablet - FDC,No,See DN-3153 (ID#:82575),From RDC,"Lamivudine/Zidovudine 150/300mg, tablets, 60 Tabs",160.6,18547,129829.0,PMO - US,Hetero Unit III Hyderabad IN,Lamivudine/Zidovudine,7.0,N/A - From RDC,SO-43873,FPQ-11133,12/13/12,ARV,114-UG-T30,28-Jun-13,Truck,Adult,60,0.12,SCMS from RDC,N/A - From RDC,See DN-3153 (ID#:82575)
3261,ASN-2338,Generic,Vietnam,20-Sep-08,20-Sep-08,300mg,Tablet,Yes,5921.97,Direct Drop,"Tenofovir Disoproxil Fumarate 300mg, tablets, 30 Tabs",39.87,2016,24917.76,PMO - US,Mylan (formerly Matrix) Nashik,Tenofovir Disoproxil Fumarate,12.36,07-01-08,SCMS-26380,Pre-PQ Process,Pre-PQ Process,ARV,108-VN-T01,20-Sep-08,Air,Adult,30,0.41,MYLAN LABORATORIES LTD (FORMERLY MATRIX LABORATORIES),EXW,120
12521,DN-1024,Generic,Mozambique,09-Feb-09,09-Feb-09,200mg,Capsule,No,See DN-1024 (ID#:10984),From RDC,"Efavirenz 200mg, capsule, 90 Caps",16.75,560,8545.6,PMO - US,"Aurobindo Unit III, India",Efavirenz,15.26,N/A - From RDC,SO-15084,Pre-PQ Process,Pre-PQ Process,ARV,111-MZ-T01,09-Feb-09,Air,Pediatric,90,0.17,SCMS from RDC,N/A - From RDC,See DN-1024 (ID#:10984)
11869,DN-624,Norvir,Mozambique,31-Mar-08,31-Mar-08,100mg,Capsule,Yes,1214.2,From RDC,"Ritonavir 100mg [Norvir], capsules, cool, 84 Caps",9.67,630,6041.7,PMO - US,ABBVIE (Abbott) Logis. UK,Ritonavir,9.59,N/A - From RDC,SO-1824,Pre-PQ Process,Pre-PQ Process,ARV,111-MZ-T01,31-Mar-08,Air,Adult,84,0.11,SCMS from RDC,N/A - From RDC,185
85541,DN-4007,Generic,Uganda,25-Nov-14,28-Nov-14,600/300mg,Tablet - FDC,Yes,2016.1,From RDC,"Abacavir/Lamivudine 600/300mg, tablets, 30 Tabs",75.09,5403,73048.56,PMO - US,Mylan (formerly Matrix) Nashik,Abacavir/Lamivudine,13.52,N/A - From RDC,SO-49020,FPQ-14396,06-04-14,ARV,114-UG-T30,31-Oct-14,Truck,Adult,30,0.45,SCMS from RDC,N/A - From RDC,490
60023,ASN-14951,Generic,Haiti,12-Jun-12,12-Jun-12,60mg,Chewable/dispersible tablet,Yes,304.63,Direct Drop,"Abacavir 60mg, dispersible tablets, 60 Tabs",7.51,864,5356.8,PMO - US,"Cipla, Patalganga, India",Abacavir,6.2,2/24/12,SCMS-138620,FPQ-9066,01-06-12,ARV,106-HT-T30,12-Jun-12,Air,Pediatric,60,0.1,CIPLA LIMITED,EXW,46
14278,ASN-6210,Generic,Ethiopia,04-Mar-10,04-Mar-10,150mg,Tablet,Yes,10612.93,Direct Drop,"Lamivudine 150mg, tablets, 60 Tabs",287.35,56000,133280.0,PMO - US,"Aurobindo Unit III, India",Lamivudine,2.38,1/13/10,SCMS-62830,FPQ-4851,01-05-10,ARV,117-ET-T30,04-Mar-10,Air,Adult,60,0.04,Aurobindo Pharma Limited,EXW,2996
84569,DN-1856,Generic,Uganda,22-Jun-10,22-Jun-10,150/300mg,Tablet - FDC,No,See DN-1856 (ID#:82891),From RDC,"Lamivudine/Zidovudine 150/300mg, tablets, 60 Tabs",13.22,700,6132.0,PMO - US,Hetero Unit III Hyderabad IN,Lamivudine/Zidovudine,8.76,N/A - From RDC,SO-36130,FPQ-5239,03-02-10,ARV,114-UG-T30,30-Jun-10,Air,Adult,60,0.15,SCMS from RDC,N/A - From RDC,See DN-1856 (ID#:82891)
83527,DN-2326,Generic,Uganda,23-Aug-11,23-Aug-11,150/300/200mg,Tablet - FDC,Yes,6561.51,From RDC,"Lamivudine/Nevirapine/Zidovudine 150/200/300mg, tablets, 60 Tabs",113.65,6139,68879.58,PMO - US,Mylan (formerly Matrix) Nashik,Lamivudine/Nevirapine/Zidovudine,11.22,N/A - From RDC,SO-39500,FPQ-7652,4/29/11,ARV,114-UG-T30,05-Sep-11,Truck,Adult,60,0.19,SCMS from RDC,N/A - From RDC,1518
84088,DN-2205,Generic,Zimbabwe,15-Jun-11,15-Jun-11,150/30mg,Tablet - FDC,No,See DN-2205 (ID#:82950),From RDC,"Lamivudine/Stavudine 150/30mg, tablets, 60 Tabs",32.21,4669,14940.8,PMO - US,"Cipla, Goa, India",Lamivudine/Stavudine,3.2,N/A - From RDC,SO-39510,FPQ-6470,10/13/10,ARV,113-ZW-T30,31-May-11,Truck,Adult,60,0.05,SCMS from RDC,N/A - From RDC,See DN-2205 (ID#:82950)
84137,DN-2499,Generic,"Congo, DRC",14-Feb-12,14-Feb-12,200/50mg,Tablet,No,See DN-2499 (ID#:83004),From RDC,"Lopinavir/Ritonavir 200/50mg, tablets, 120 Tabs",2.37,50,1687.0,PMO - US,"Aurobindo Unit III, India",Lopinavir/Ritonavir,33.74,N/A - From RDC,SO-41137,FPQ-8840,11/21/11,ARV,101-CD-T30,16-Mar-12,Air,Adult,120,0.28,SCMS from RDC,N/A - From RDC,See DN-2499 (ID#:83004)
11627,DN-1050,Truvada,Nigeria,19-Jan-09,19-Jan-09,300/200mg,Tablet - FDC,Yes,7363.73,From RDC,"Emtricitabine/Tenofovir Disoproxil Fumarate 200/300mg [Truvada], tablets, 30 Tabs",1682.21,32696,858270.0,PMO - US,"Aspen-OSD, Port Elizabeth, SA",Emtricitabine/Tenofovir Disoproxil Fumarate,26.25,N/A - From RDC,SO-19380,Pre-PQ Process,Pre-PQ Process,ARV,123-NG-T01,19-Jan-09,Air,Adult,30,0.88,SCMS from RDC,N/A - From RDC,2873
84592,DN-2011,Generic,CÃte dIvoire,25-Sep-10,25-Sep-10,20mg,Capsule,No,See DN-2011 (ID#:82350),From RDC,"Stavudine 20mg, capsules, 60 Caps",1.66,540,772.2,PMO - US,"Aurobindo Unit III, India",Stavudine,1.43,N/A - From RDC,SO-36880,FPQ-5623,05-07-10,ARV,104-CI-T30,30-Sep-10,Air,Adult,60,0.02,SCMS from RDC,N/A - From RDC,See DN-2011 (ID#:82350)
630,ASN-2366,Coartem,Nigeria,09-Sep-08,09-Sep-08,20/120mg,Tablet - FDC + blister,Yes,1755.87,Direct Drop,"Artemether/Lumefantrine 20/120mg [Coartem], scored tablets, Blister 30 x 18 Tabs",2.48,34,1547.68,PMO - US,"Novartis Pharma AG, Switzerland",Artemether/Lumefantrine,45.52,07-02-08,SCMS-26560,Pre-PQ Process,Pre-PQ Process,ACT,112-NG-T01,25-Feb-09,Air,ACT,540,0.08,IDA FOUNDATION,EXW,115
85579,DN-4193,Aluvia,Mozambique,15-May-15,15-May-15,200/50mg,Tablet,Yes,3995.94,From RDC,"Lopinavir/Ritonavir 200/50mg [Aluvia], tablets, 120 Tabs",585.21,30120,569268.0,PMO - US,ABBVIE Ludwigshafen Germany,Lopinavir/Ritonavir,18.9,N/A - From RDC,SO-49720,FPQ-14843,8/21/14,ARV,111-MZ-T30,15-May-15,Truck,Adult,120,0.16,SCMS from RDC,N/A - From RDC,6697
82891,DN-1856,Generic,Uganda,22-Jun-10,22-Jun-10,150/300/200mg,Tablet - FDC,Yes,5410.32,From RDC,"Lamivudine/Nevirapine/Zidovudine 150/200/300mg, tablets, 60 Tabs",120.74,5000,56000.0,PMO - US,Mylan (formerly Matrix) Nashik,Lamivudine/Nevirapine/Zidovudine,11.2,N/A - From RDC,SO-36130,FPQ-5239,03-02-10,ARV,114-UG-T30,30-Jun-10,Air,Adult,60,0.19,SCMS from RDC,N/A - From RDC,690
59973,ASN-6953,Determine,Namibia,15-Jun-10,15-Jun-10,MIssing,Test kit,Yes,2883.51,Direct Drop,"HIV 1/2, Determine HIV Kit, without Lancets, 100 Tests",25.66,170,11900.0,PMO - US,Inverness Japan,"HIV 1/2, Determine HIV Kit, without Lancets",70.0,01-08-10,SCMS-62721,FPQ-4856,01-07-10,HRDT,119-NA-T30,15-Jun-10,Air,HIV test,100,0.7,"Orgenics, Ltd",EXW,40
10798,DN-1470,Generic,Tanzania,26-Oct-09,26-Oct-09,300mg,Tablet,Yes,2217.5,From RDC,"Abacavir 300mg, tablets, 60 Tabs",344.93,6915,175986.75,PMO - US,"Aurobindo Unit III, India",Abacavir,25.45,N/A - From RDC,SO-31283,Pre-PQ Process,Date Not Captured,ARV,109-TZ-T01,26-Oct-09,Truck,Adult,60,0.42,SCMS from RDC,N/A - From RDC,1067
42300,ASN-33865,Generic,South Africa,24-Aug-15,24-Aug-15,200/300mg,Tablet - FDC,No,Freight Included in Commodity Cost,Direct Drop,"Emtricitabine/Tenofovir Disoproxil Fumarate 200/300mg, tablets, 30 Tabs",0.24,10,234.38,PMO - US,"Aurobindo Unit III, India",Emtricitabine/Tenofovir Disoproxil Fumarate,23.44,8/24/15,SCMS-295800,FPQ-14942,09-11-14,ARV,116-ZA-T30,24-Aug-15,Truck,Adult,30,0.78,PHARMACY DIRECT,DDP,Weight Captured Separately
6724,ASN-1017,Generic,Vietnam,19-Dec-07,19-Dec-07,100mg,Chewable/dispersible tablet,Yes,3719.91,Direct Drop,"Didanosine 100mg, chewable/dispersible tablets, 60 Tabs",14.88,1200,9300.0,PMO - US,"Aurobindo Unit III, India",Didanosine,7.75,07-03-07,SCMS-10970,Pre-PQ Process,Pre-PQ Process,ARV,108-VN-T01,19-Dec-07,Air,Pediatric,60,0.13,Aurobindo Pharma Limited,EXW,249
82627,DN-3505,Aluvia,Tanzania,19-Feb-14,24-Feb-14,200/50mg,Tablet,Yes,3541.59,From RDC,"Lopinavir/Ritonavir 200/50mg [Aluvia], tablets, 120 Tabs",21.95,909,17743.68,PMO - US,ABBVIE Ludwigshafen Germany,Lopinavir/Ritonavir,19.52,N/A - From RDC,SO-45998,FPQ-12587,07-04-13,ARV,109-TZ-T30,31-Jan-14,Truck,Adult,120,0.16,SCMS from RDC,N/A - From RDC,8820
68096,ASN-6251,Generic,Vietnam,22-Mar-10,22-Mar-10,300mg,Tablet,Yes,8747.56,Direct Drop,"Zidovudine 300mg, tablets, 60 Tabs",12.35,840,6300.0,PMO - US,Mylan (formerly Matrix) Nashik,Zidovudine,7.5,11-02-09,SCMS-56290,FPQ-4266,10/20/09,ARV,108-VN-T30,22-Mar-10,Air,Adult,60,0.12,MYLAN LABORATORIES LTD (FORMERLY MATRIX LABORATORIES),EXW,57
12300,DN-1332,Generic,Mozambique,27-Aug-09,27-Aug-09,150/30mg,Tablet - FDC,No,See DN-1332 (ID#:11663),From RDC,"Lamivudine/Stavudine 150/30mg, tablets, 60 Tabs",172.05,23100,87780.0,PMO - US,"Cipla, Goa, India",Lamivudine/Stavudine,3.8,N/A - From RDC,SO-26423,Pre-PQ Process,Date Not Captured,ARV,111-MZ-T01,27-Aug-09,Truck,Adult,60,0.06,SCMS from RDC,N/A - From RDC,See DN-1332 (ID#:11663)
23070,ASN-21750,Uni-Gold,Malawi,02-Oct-13,02-Oct-13,MIssing,Test kit,Yes,703.25,Direct Drop,"HIV 1/2, Uni-Gold HIV Kit, 20 Tests",1.27,32,1024.0,PMO - US,"Trinity Biotech, Plc","HIV 1/2, Uni-Gold HIV Kit",32.0,3/14/13,SCMS-179341,FPQ-11638,2/22/13,HRDT,102-MW-T30,02-Oct-13,Air,HIV test,20,1.6,"Trinity Biotech, Plc",EXW,17
32505,ASN-19088,Generic,Uganda,30-Apr-13,30-Apr-13,100/25mg,Tablet,Yes,3446.07,Direct Drop,"Lopinavir/Ritonavir 100/25mg [Aluvia], tablets, 60 Tabs",21.16,2880,17107.2,PMO - US,ABBVIE Ludwigshafen Germany,Lopinavir/Ritonavir,5.94,02-04-13,SCMS-173410,FPQ-11141,12/13/12,ARV,114-UG-T30,30-Apr-13,Air,Pediatric,60,0.1,ABBVIE LOGISTICS (FORMERLY ABBOTT LOGISTICS BV),FCA,335
1047,ASN-3675,Videx,Haiti,31-Mar-09,31-Mar-09,2g,Powder for oral solution,No,See ASN-3675 (ID#:1046),Direct Drop,"Didanosine 2g [Videx], powder for oral solution 10mg/ml, reconstitute to 200 ml",0.79,32,402.88,PMO - US,"BMS Meymac, France",Didanosine,12.59,03-06-09,SCMS-40000,Pre-PQ Process,Pre-PQ Process,ARV,106-HT-T01,31-Mar-09,Air,Pediatric,200,0.06,BRISTOL-MYERS SQUIBB,CIP,See ASN-3675 (ID#:1046)
62761,ASN-23207,Norvir,CÃte dIvoire,23-Dec-13,08-Jan-14,100mg,Tablet,Yes,1726.5,Direct Drop,"Ritonavir 100mg [Norvir], film coated tablets, 60 Tabs",2.97,350,2397.5,PMO - US,ABBVIE Ludwigshafen Germany,Ritonavir,6.85,06-12-13,SCMS-191950,FPQ-12150,4/29/13,ARV,104-CI-T30,23-Dec-13,Air,Adult,60,0.11,ABBVIE LOGISTICS (FORMERLY ABBOTT LOGISTICS BV),FCA,56
12310,DN-1397,Generic,Uganda,24-Aug-09,24-Aug-09,200mg,Tablet,No,See DN-1397 (ID#:11678),From RDC,"Nevirapine 200mg, tablets, 60 Tabs",9.38,1650,4785.0,PMO - US,Hetero Unit III Hyderabad IN,Nevirapine,2.9,N/A - From RDC,SO-32920,Pre-PQ Process,Date Not Captured,ARV,114-UG-T01,24-Aug-09,Air,Adult,60,0.05,SCMS from RDC,N/A - From RDC,See DN-1397 (ID#:11678)
85772,DN-2263,Generic,Haiti,28-Jun-11,28-Jun-11,30mg,Capsule,No,See DN-2263 (ID#:82959),From RDC,"Stavudine 30mg, capsules, 60 Caps",18.09,7830,10962.0,PMO - US,"Aurobindo Unit III, India",Stavudine,1.4,N/A - From RDC,SO-39910,FPQ-6801,12/14/10,ARV,106-HT-T30,19-Jul-11,Air,Adult,60,0.02,SCMS from RDC,N/A - From RDC,See DN-2263 (ID#:82959)
11336,DN-1315,Generic,CÃte dIvoire,14-Jul-09,14-Jul-09,300mg,Tablet,No,See DN-1315 (ID#:10781),From RDC,"Tenofovir Disoproxil Fumarate 300mg, tablets, 30 Tabs",156.17,6000,79680.0,PMO - US,Mylan (formerly Matrix) Nashik,Tenofovir Disoproxil Fumarate,13.28,N/A - From RDC,SO-27540,Pre-PQ Process,Date Not Captured,ARV,104-CI-T01,14-Jul-09,Air,Adult,30,0.44,SCMS from RDC,N/A - From RDC,See DN-1315 (ID#:10781)
83773,DN-3582,Generic,Tanzania,02-May-14,07-May-14,30/50/60mg,Chewable/dispersible tablet - FDC,No,See DN-3582 (ID#:82656),From RDC,"Lamivudine/Nevirapine/Zidovudine 30/50/60mg, dispersible tablets, 60 Tabs",201.6,43460,162975.0,PMO - US,Mylan (formerly Matrix) Nashik,Lamivudine/Nevirapine/Zidovudine,3.75,N/A - From RDC,SO-46002,FPQ-12587,07-04-13,ARV,109-TZ-T30,30-Apr-14,Truck,Pediatric,60,0.06,SCMS from RDC,N/A - From RDC,See DN-3582 (ID#:82656)
84910,DN-3593,Generic,Tanzania,07-May-14,13-Jun-14,200/50mg,Tablet,Yes,2352.52,From RDC,"Lopinavir/Ritonavir 200/50mg, tablets, 120 Tabs",821.41,33086,664036.02,PMO - US,Mylan (formerly Matrix) Nashik,Lopinavir/Ritonavir,20.07,N/A - From RDC,SO-46720,FPQ-13042,10-01-13,ARV,109-TZ-T30,15-May-14,Truck,Adult,120,0.17,SCMS from RDC,N/A - From RDC,5065
86684,DN-3716,Generic,Guyana,04-Jun-14,18-Jul-14,200mg,Tablet,Yes,908.65,From RDC,"Efavirenz 200mg, scored tablets, 90 Tabs",0.72,75,697.5,PMO - US,"Strides, Bangalore, India.",Efavirenz,9.3,N/A - From RDC,SO-47721,FPQ-13567,1/16/14,ARV,105-GY-T30,30-May-14,Air,Pediatric,90,0.1,SCMS from RDC,N/A - From RDC,5
65243,ASN-10144,Videx EC,Haiti,30-Mar-11,30-Mar-11,400mg,Delayed-release capsules - blister,Yes,450,Direct Drop,"Didanosine EC 400mg [Videx EC], delayed-release capsules, Blister 3 x 10 Caps",7.26,240,4401.6,PMO - US,Bristol-Myers Squibb Anagni IT,Didanosine EC,18.34,11-02-10,SCMS-91000,FPQ-6519,10/25/10,ARV,106-HT-T30,30-Mar-11,Air,Adult,30,0.61,BRISTOL-MYERS SQUIBB,CIP,12
84308,DN-3425,Generic,Guyana,02-Dec-13,20-Dec-13,200mg,Tablet,No,See DN-3425 (ID#:82618),From RDC,"Efavirenz 200mg, scored tablets, 90 Tabs",1.1,96,892.8,PMO - US,"Strides, Bangalore, India.",Efavirenz,9.3,N/A - From RDC,SO-46090,FPQ-12619,7/16/13,ARV,105-GY-T30,31-Dec-13,Air,Pediatric,90,0.1,SCMS from RDC,N/A - From RDC,See DN-3425 (ID#:82618)
10578,DN-212,Generic,Zimbabwe,04-Jul-07,04-Jul-07,150/200/30mg,Tablet - FDC,Yes,3135,From RDC,"Lamivudine/Nevirapine/Stavudine 150/200/30mg, tablets, 60 Tabs",102.94,8694,64335.6,PMO - US,"Cipla, Goa, India",Lamivudine/Nevirapine/Stavudine,7.4,N/A - From RDC,SO-702,Pre-PQ Process,Pre-PQ Process,ARV,100-ZW-T01,04-Jul-07,Truck,Adult,60,0.12,SCMS from RDC,N/A - From RDC,819
10345,ASN-3582,Generic,South Africa,30-Jan-09,30-Jan-09,300mg,Tablet,No,Freight Included in Commodity Cost,Direct Drop,"Zidovudine 300mg, tablets, 60 Tabs",133.47,5550,68098.5,PMO - US,"Aurobindo Unit III, India",Zidovudine,12.27,Date Not Captured,SCMS-40870,Pre-PQ Process,Pre-PQ Process,ARV,116-ZA-T01,30-Jun-09,Air,Adult,60,0.2,S. BUYS WHOLESALER,DDP,Weight Captured Separately
86756,DN-4045,Generic,Zambia,19-Feb-15,20-Feb-15,300/300mg,Tablet - FDC,Yes,2201.74,From RDC,"Lamivudine/Tenofovir Disoproxil Fumarate 300/300mg, tablets, 30 Tabs",87.61,18447,85225.14,PMO - US,Hetero Unit III Hyderabad IN,Lamivudine/Tenofovir Disoproxil Fumarate,4.62,N/A - From RDC,SO-47208,FPQ-13221,10/31/13,ARV,110-ZM-T30,30-Jan-15,Truck,Adult,30,0.15,SCMS from RDC,N/A - From RDC,1906
85249,DN-2607,Generic,Uganda,27-Mar-12,27-Mar-12,150/300/200mg,Tablet - FDC,No,See DN-2607 (ID#:83580),From RDC,"Lamivudine/Nevirapine/Zidovudine 150/200/300mg, tablets, 60 Tabs",231.63,12762,140382.0,PMO - US,Mylan (formerly Matrix) Nashik,Lamivudine/Nevirapine/Zidovudine,11.0,N/A - From RDC,SO-40931,FPQ-8522,10-05-11,ARV,114-UG-T30,16-May-12,Truck,Adult,60,0.18,SCMS from RDC,N/A - From RDC,See DN-2607 (ID#:83580)
61913,ASN-21751,Uni-Gold,South Sudan,18-Oct-13,18-Oct-13,MIssing,Test kit,No,See ASN-21751 (ID#:13968),Direct Drop,"HIV 1/2, Uni-Gold HIV Kit, 20 Tests",0.71,18,576.0,PMO - US,"Trinity Biotech, Plc","HIV 1/2, Uni-Gold HIV Kit",32.0,08-06-13,SCMS-200920,FPQ-12623,7/18/13,HRDT,105-SS-T30,18-Oct-13,Air,HIV test,20,1.6,"Trinity Biotech, Plc",EXW,See ASN-21751 (ID#:13968)
13761,ASN-16055,Norvir,Vietnam,03-Oct-12,03-Oct-12,100mg,Tablet,Yes,583.66,Direct Drop,"Ritonavir 100mg [Norvir], film coated tablets, 30 Tabs",5.67,174,4047.24,PMO - US,ABBVIE Ludwigshafen Germany,Ritonavir,23.26,6/15/12,SCMS-145320,FPQ-9576,04-11-12,ARV,108-VN-T30,03-Oct-12,Air,Adult,30,0.78,ABBVIE LOGISTICS (FORMERLY ABBOTT LOGISTICS BV),FCA,21
82783,DN-4162,Generic,Rwanda,24-Mar-15,24-Mar-15,600/300/300mg,Tablet - FDC,Yes,16971.93,From RDC,"Efavirenz/Lamivudine/Tenofovir Disoproxil Fumarate 600/300/300mg, tablets, 30 Tabs",50.8,5148,49420.8,PMO - US,"Aurobindo Unit VII, IN",Efavirenz/Lamivudine/Tenofovir Disoproxil Fumarate,9.6,N/A - From RDC,SO-49940,FPQ-14811,10/15/14,ARV,107-RW-T30,31-Mar-15,Truck,Adult,30,0.32,SCMS from RDC,N/A - From RDC,12079
57701,ASN-23156,Determine,South Sudan,27-Feb-14,04-Mar-14,MIssing,Test kit,Yes,4350.03,Direct Drop,"HIV 1/2, Determine Complete HIV Kit, 100 Tests",63.5,694,61766.0,PMO - US,"Alere Medical Co., Ltd.","HIV 1/2, Determine Complete HIV Kit",89.0,11-06-13,SCMS-213420,FPQ-13172,10/28/13,HRDT,103-SS-T30,27-Feb-14,Air,HIV test,100,0.89,"Orgenics, Ltd",EXW,285
77651,ASN-5059,Generic,Vietnam,27-Oct-09,27-Oct-09,150/200/30mg,Tablet - FDC,Yes,4620.03,Direct Drop,"Lamivudine/Nevirapine/Stavudine 150/200/30mg, tablets, 60 Tabs",288.11,23040,146995.2,PMO - US,"Cipla, Goa, India",Lamivudine/Nevirapine/Stavudine,6.38,8/14/09,SCMS-51750,FPQ-4098,08-12-09,ARV,108-VN-T30,27-Oct-09,Air,Adult,60,0.11,CIPLA LIMITED,EXW,9
61595,ASN-21763,Bioline,CÃte dIvoire,07-Oct-13,07-Oct-13,MIssing,Test kit,Yes,12711.93,Direct Drop,"HIV 1/2, Bioline 3.0 Kit, Lancets, Capillary pipets, Alcohol swabs included, 25 Tests",96.36,3800,77900.0,PMO - US,"Standard Diagnostics, Korea","HIV 1/2, Bioline 3.0 Kit, Lancets, Capillary pipets, Alcohol swabs included",20.5,8/15/13,SCMS-201210,FPQ-12622,7/16/13,HRDT,104-CI-T30,07-Oct-13,Air,HIV test,25,0.82,"Standard Diagnostics, Inc.",EXW,1267
41838,ASN-15468,Generic,Uganda,27-Jul-12,27-Jul-12,200mg,Tablet,Yes,16938.13,Direct Drop,"Nevirapine 200mg, tablets, 60 Tabs",201.07,61290,143418.6,PMO - US,Hetero Unit III Hyderabad IN,Nevirapine,2.34,06-12-12,SCMS-149410,FPQ-10089,06-07-12,ARV,900-UG-T30,27-Jul-12,Air,Adult,60,0.04,HETERO LABS LIMITED,EXW,3528
84286,DN-3311,Generic,"Congo, DRC",21-Jan-14,29-Jan-14,10mg/ml,Oral suspension,Yes,24505,From RDC,"Nevirapine 10mg/ml, oral suspension w/syringe, Bottle, 240 ml",15.29,6339,12361.05,PMO - US,"Aurobindo Unit III, India",Nevirapine,1.95,N/A - From RDC,SO-45031,FPQ-12088,04-12-13,ARV,101-CD-T30,21-Jan-14,Air,Pediatric,240,0.01,SCMS from RDC,N/A - From RDC,2357
86005,DN-3353,Generic,Uganda,08-Nov-13,27-Nov-13,300/300mg,Tablet - FDC,Yes,5591.3,From RDC,"Lamivudine/Tenofovir Disoproxil Fumarate 300/300mg, tablets, 30 Tabs",126.21,21709,102032.3,PMO - US,Mylan (formerly Matrix) Nashik,Lamivudine/Tenofovir Disoproxil Fumarate,4.7,N/A - From RDC,SO-45542,FPQ-12253,05-08-13,ARV,114-UG-T30,21-Oct-13,Truck,Adult,30,0.16,SCMS from RDC,N/A - From RDC,1713
30237,ASN-20242,Generic,Uganda,15-Jul-13,15-Jul-13,MIssing,Test kit - Ancillary,No,See ASN-20242 (ID#:29951),Direct Drop,"HIV, Lancet, Safety, for HIV Test kits, 100 Pcs",5.34,864,4320.0,PMO - US,"Alere Medical Co., Ltd.","HIV, Lancet, Safety, for HIV Test kits, 100 Pcs",5.0,05-09-13,SCMS-188330,FPQ-12154,4/23/13,HRDT,114-UG-T30,15-Jul-13,Air,HIV test - Ancillary,100,0.05,"Orgenics, Ltd",EXW,See ASN-20242 (ID#:29951)
49926,ASN-21204,Genie,CÃte dIvoire,24-Jun-13,24-Jun-13,MIssing,Test kit,Yes,Invoiced Separately,Direct Drop,"HIV 1/2, Genie III Kit, 50 Tests",114.82,900,81900.0,PMO - US,Bio-Rad Laboratories,"HIV 1/2, Genie III Kit",91.0,05-01-13,SCMS-162873,FPQ-10764,10-10-12,HRDT,104-CI-T30,24-Jun-13,Air,HIV test,50,1.82,BIO-RAD LABORATORIES (FRANCE),EXW,Weight Captured Separately
13608,ASN-14973,Intelence,Uganda,21-May-12,21-May-12,100mg,Tablet,Yes,199,Direct Drop,"Etravirine 100mg [Intelence], tablets, 120 Tabs",12.72,121,9075.0,PMO - US,"Janssen-Cilag, Latina, IT",Etravirine,75.0,4/17/12,SCMS-143480,FPQ-9365,3/15/12,ARV,114-UG-T30,21-May-12,Air,Adult,120,0.62,ASPEN PHARMACARE,DDP,43
35082,ASN-4871,Generic,Vietnam,28-Sep-09,28-Sep-09,300mg,Tablet,No,See ASN-4871 (ID#:14331),Direct Drop,"Tenofovir Disoproxil Fumarate 300mg, tablets, 30 Tabs",8.15,504,4158.0,PMO - US,Mylan (formerly Matrix) Nashik,Tenofovir Disoproxil Fumarate,8.25,6/29/09,SCMS-48280,FPQ-3896,6/25/09,ARV,108-VN-T30,28-Sep-09,Air,Adult,30,0.28,MYLAN LABORATORIES LTD (FORMERLY MATRIX LABORATORIES),EXW,See ASN-4871 (ID#:14331)
86432,DN-2482,Generic,Guyana,18-Jan-12,18-Jan-12,10mg/ml,Oral solution,Yes,2270.54,From RDC,"Zidovudine 10mg/ml, oral solution w/syringe, Bottle, 240 ml",1.09,369,774.9,PMO - US,"Aurobindo Unit III, India",Zidovudine,2.1,N/A - From RDC,SO-41020,FPQ-8621,10/27/11,ARV,105-GY-T30,27-Jan-12,Air,Pediatric,240,0.01,SCMS from RDC,N/A - From RDC,103
12329,DN-1528,Generic,Uganda,23-Nov-09,23-Nov-09,150/30mg,Tablet - FDC,Yes,396.08,From RDC,"Lamivudine/Stavudine 150/30mg, tablets, 60 Tabs",0.52,60,240.0,PMO - US,"Cipla, Goa, India",Lamivudine/Stavudine,4.0,N/A - From RDC,SO-34290,Pre-PQ Process,Date Not Captured,ARV,114-UG-T01,23-Nov-09,Air,Adult,60,0.07,SCMS from RDC,N/A - From RDC,4
29979,ASN-9090,Generic,Vietnam,21-Dec-10,21-Dec-10,300mg,Tablet,Yes,5294.24,Direct Drop,"Abacavir 300mg, tablets, 60 Tabs",8.73,270,4050.0,PMO - US,Mylan (formerly Matrix) Nashik,Abacavir,15.0,10/14/10,SCMS-87750,FPQ-6384,9/30/10,ARV,108-VN-T30,21-Dec-10,Air,Adult,60,0.25,MYLAN LABORATORIES LTD (FORMERLY MATRIX LABORATORIES),EXW,358
1926,ASN-2487,Retrovir,South Africa,14-Jul-08,14-Jul-08,300mg,Tablet,Yes,Freight Included in Commodity Cost,Direct Drop,"Zidovudine 300mg [Retrovir], tablets, 60 Tabs",1.06,50,663.5,PMO - US,GSK Aranda,Zidovudine,13.27,Date Not Captured,SCMS-26820,Pre-PQ Process,Pre-PQ Process,ARV,116-ZA-T01,10-Jul-08,Truck,Adult,60,0.22,S. BUYS WHOLESALER,DDP,Weight Captured Separately
9488,ASN-1085,Capillus,Rwanda,18-Jan-08,18-Jan-08,MIssing,Test kit,No,See ASN-1085 (ID#:9487),Direct Drop,"HIV 1/2, Capillus HIV Kit, 100 Tests",66.72,300,41700.0,PMO - US,"Trinity Biotech, Plc","HIV 1/2, Capillus HIV Kit",139.0,11/19/07,SCMS-14150,Pre-PQ Process,Pre-PQ Process,HRDT,107-RW-T01,18-Jan-08,Air,HIV test,100,1.39,"Trinity Biotech, Plc",EXW,See ASN-1085 (ID#:9487)
48870,ASN-19123,Kaletra,Guyana,31-May-13,31-May-13,80/20mg/ml,Oral solution,Yes,1152.9,Direct Drop,"Lopinavir/Ritonavir 80/20mg/ml [Kaletra], oral solution, cool, Bottle 5 x 60 ml",1.5,20,1216.4,PMO - US,ABBVIE (Abbott) Logis. UK,Lopinavir/Ritonavir,60.82,03-08-13,SCMS-177920,FPQ-11550,02-07-13,ARV,105-GY-T30,31-May-13,Air,Pediatric,300,0.2,ABBVIE LOGISTICS (FORMERLY ABBOTT LOGISTICS BV),FCA,52
41910,ASN-24712,Determine,Burundi,24-Mar-14,24-Mar-14,MIssing,Test kit,Yes,5626.76,Direct Drop,"HIV 1/2, Determine Complete HIV Kit, 100 Tests",55.51,675,54000.0,PMO - US,"Alere Medical Co., Ltd.","HIV 1/2, Determine Complete HIV Kit",80.0,02-03-14,SCMS-223470,FPQ-13443,01-06-14,HRDT,102-BI-T30,24-Mar-14,Air,HIV test,100,0.8,"Orgenics, Ltd",EXW,278
82926,DN-2050,Generic,Ethiopia,08-Nov-10,08-Nov-10,300mg,Tablet,Yes,1419.84,From RDC,"Abacavir 300mg, tablets, 60 Tabs",106.33,3000,49320.0,PMO - US,Mylan (formerly Matrix) Nashik,Abacavir,16.44,N/A - From RDC,SO-37620,FPQ-6428,9/24/10,ARV,117-ET-T30,19-Nov-10,Air,Adult,60,0.27,SCMS from RDC,N/A - From RDC,342
40620,ASN-12476,Determine,Mozambique,05-Dec-11,05-Dec-11,MIssing,Test kit,Yes,12838.85,Direct Drop,"HIV 1/2, Determine HIV Kit, without Lancets, 100 Tests",332.18,2591,201320.7,PMO - US,Inverness Japan,"HIV 1/2, Determine HIV Kit, without Lancets",77.7,8/30/11,SCMS-118370,FPQ-8116,08-04-11,HRDT,111-MZ-T30,22-Nov-11,Air,HIV test,100,0.78,"Orgenics, Ltd",EXW,994
40894,ASN-19077,Determine,Zambia,06-Jun-13,06-Jun-13,MIssing,Test kit,Yes,22041.41,Direct Drop,"HIV 1/2, Determine Complete HIV Kit, 100 Tests",291.93,2950,236000.0,PMO - US,"Alere Medical Co., Ltd.","HIV 1/2, Determine Complete HIV Kit",80.0,1/23/13,SCMS-173920,FPQ-11390,01-08-13,HRDT,110-ZM-T30,05-Jun-13,Air,HIV test,100,0.8,"Orgenics, Ltd",EXW,1222
85643,DN-1574,Generic,Uganda,22-Jan-10,22-Jan-10,150/300/200mg,Tablet - FDC,Yes,2524,From RDC,"Lamivudine/Nevirapine/Zidovudine 150/200/300mg, tablets, 60 Tabs",120.95,5500,61710.0,PMO - US,Mylan (formerly Matrix) Nashik,Lamivudine/Nevirapine/Zidovudine,11.22,N/A - From RDC,SO-34630,FPQ-4454,9/25/09,ARV,114-UG-T30,15-Jan-10,Air,Adult,60,0.19,SCMS from RDC,N/A - From RDC,708
65699,ASN-13202,Aluvia,CÃte dIvoire,22-Dec-11,22-Dec-11,200/50mg,Tablet,Yes,46002.44,Direct Drop,"Lopinavir/Ritonavir 200/50mg [Aluvia], tablets, 120 Tabs",1423.88,28000,862960.0,PMO - US,ABBVIE Ludwigshafen Germany,Lopinavir/Ritonavir,30.82,11/18/11,SCMS-124780,FPQ-8302,8/29/11,ARV,104-CI-T30,22-Dec-11,Air,Adult,120,0.26,ABBVIE LOGISTICS (FORMERLY ABBOTT LOGISTICS BV),FCA,7025
12633,DN-99,Stocrin/Sustiva,Zambia,26-Apr-07,26-Apr-07,50mg,Capsule,Yes,574.56,From RDC,"Efavirenz 50mg [Stocrin/Sustiva], capsule, 30 Caps",MIssing,1030,3574.1,PMO - US,"MSD Manati, Puerto Rico, (USA)",Efavirenz,3.47,N/A - From RDC,SO-478,Pre-PQ Process,Pre-PQ Process,ARV,110-ZM-T01,26-Apr-07,MIssing,Pediatric,30,0.12,SCMS from RDC,N/A - From RDC,48
12245,DN-1039,Generic,Nigeria,19-Jan-09,19-Jan-09,30mg,Capsule,Yes,7363.74,From RDC,"Stavudine 30mg, capsules, 60 Caps",12.53,4124,6392.2,PMO - US,"Aurobindo Unit III, India",Stavudine,1.55,N/A - From RDC,SO-19070,Pre-PQ Process,Pre-PQ Process,ARV,123-NG-T01,16-Feb-09,Air,Adult,60,0.03,SCMS from RDC,N/A - From RDC,273
86791,DN-4195,Generic,"Congo, DRC",06-Jul-15,06-Jul-15,30/60mg,Chewable/dispersible tablet - FDC,No,See DN-4195 (ID#:83324),From RDC,"Lamivudine/Zidovudine 30/60mg, dispersible tablets, 60 Tabs",1.12,490,955.5,PMO - US,"Mylan,  H-12 & H-13, India",Lamivudine/Zidovudine,1.95,N/A - From RDC,SO-50910,FPQ-15787,1/26/15,ARV,101-CD-T30,06-May-15,Air,Pediatric,60,0.03,SCMS from RDC,N/A - From RDC,See DN-4195 (ID#:83324)
28230,ASN-6178,Determine,Mozambique,17-Mar-10,17-Mar-10,MIssing,Test kit,Yes,14110.84,Direct Drop,"HIV 1/2, Determine HIV Kit, without Lancets, 100 Tests",784.78,5200,364000.0,PMO - US,Inverness Japan,"HIV 1/2, Determine HIV Kit, without Lancets",70.0,01-05-10,SCMS-62180,FPQ-4738,12-10-09,HRDT,111-MZ-T30,17-Mar-10,Air,HIV test,100,0.7,"Orgenics, Ltd",EXW,1179
74343,ASN-28571,Uni-Gold,Ethiopia,17-Nov-14,18-Nov-14,MIssing,Test kit,Yes,1442.44,Direct Drop,"HIV 1/2, Uni-Gold HIV Kit, 20 Tests",17.76,540,17280.0,PMO - US,"Trinity Biotech, Plc","HIV 1/2, Uni-Gold HIV Kit",32.0,6/18/14,SCMS-244840,FPQ-14357,06-03-14,HRDT,117-ET-T30,17-Nov-14,Air,HIV test,20,1.6,"Trinity Biotech, Plc",EXW,165
47212,ASN-29216,Kaletra,Uganda,14-Nov-14,16-Nov-14,80/20mg/ml,Oral solution,Yes,2077.87,Direct Drop,"Lopinavir/Ritonavir 80/20mg/ml [Kaletra], oral solution, cool, Bottle 5 x 60 ml",2.53,80,2465.6,PMO - US,ABBVIE (Abbott) Logis. UK,Lopinavir/Ritonavir,30.82,6/23/14,SCMS-244420,FPQ-14407,06-11-14,ARV,114-UG-T30,14-Nov-14,Air,Pediatric,300,0.1,ABBVIE LOGISTICS (FORMERLY ABBOTT LOGISTICS BV),FCA,136
85215,DN-2452,Generic,Nigeria,20-Dec-11,20-Dec-11,150/300/200mg,Tablet - FDC,Yes,15322.73,From RDC,"Lamivudine/Nevirapine/Zidovudine 150/200/300mg, tablets, 60 Tabs",2405.91,129958,1458128.76,PMO - US,"Aurobindo Unit III, India",Lamivudine/Nevirapine/Zidovudine,11.22,N/A - From RDC,SO-39990,FPQ-7812,06-06-11,ARV,151-NG-T30,20-Dec-11,Air Charter,Adult,60,0.19,SCMS from RDC,N/A - From RDC,18907
83185,DN-3425,Generic,Guyana,02-Dec-13,20-Dec-13,150mg,Tablet,No,See DN-3425 (ID#:82618),From RDC,"Lamivudine 150mg, tablets, 60 Tabs",0.44,161,359.03,PMO - US,"Strides, Bangalore, India.",Lamivudine,2.23,N/A - From RDC,SO-46090,FPQ-12619,7/16/13,ARV,105-GY-T30,31-Dec-13,Air,Adult,60,0.04,SCMS from RDC,N/A - From RDC,See DN-3425 (ID#:82618)
86457,DN-2583,Uni-Gold,Tanzania,07-Mar-12,07-Mar-12,MIssing,Test kit,Yes,8925,From RDC,"HIV 1/2, Uni-Gold HIV Kit, 20 Tests",224.32,5000,160000.0,PMO - US,"Trinity Biotech, Plc","HIV 1/2, Uni-Gold HIV Kit",32.0,N/A - From RDC,SO-41460,FPQ-9275,02-02-12,HRDT,109-TZ-T30,30-Mar-12,Air,HIV test,20,1.6,SCMS from RDC,N/A - From RDC,1578
84828,DN-3219,Generic,Uganda,18-Jul-13,18-Jul-13,600/300/300mg,Tablet - FDC,Yes,5718.69,From RDC,"Efavirenz/Lamivudine/Tenofovir Disoproxil Fumarate 600/300/300mg, tablets, 30 Tabs",135.53,10415,109565.8,PMO - US,Hetero Unit III Hyderabad IN,Efavirenz/Lamivudine/Tenofovir Disoproxil Fumarate,10.52,N/A - From RDC,SO-43632,FPQ-10945,11-06-12,ARV,114-UG-T30,31-Jul-13,Air,Adult,30,0.35,SCMS from RDC,N/A - From RDC,1400
43210,ASN-17077,Generic,Vietnam,10-Dec-12,10-Dec-12,150/300/200mg,Tablet - FDC,No,See ASN-17077 (ID#:37031),Direct Drop,"Lamivudine/Nevirapine/Zidovudine 150/200/300mg, tablets, 60 Tabs",154.15,12785,109951.0,PMO - US,"Aurobindo Unit III, India",Lamivudine/Nevirapine/Zidovudine,8.6,8/14/12,SCMS-156140,FPQ-10287,7/25/12,ARV,108-VN-T30,10-Dec-12,Air,Adult,60,0.14,Aurobindo Pharma Limited,EXW,See ASN-17077 (ID#:37031)
83680,DN-3131,Generic,Zimbabwe,29-Apr-13,29-Apr-13,200mg,Tablet,No,See DN-3131 (ID#:83136),From RDC,"Nevirapine 200mg, tablets, 60 Tabs",254.4,91000,205660.0,PMO - US,Hetero Unit III Hyderabad IN,Nevirapine,2.26,N/A - From RDC,SO-43710,FPQ-11002,11/16/12,ARV,113-ZW-T30,06-May-13,Truck,Adult,60,0.04,SCMS from RDC,N/A - From RDC,See DN-3131 (ID#:83136)
17924,ASN-27979,Generic,South Africa,27-Aug-14,27-Aug-14,600mg,Tablet,No,Freight Included in Commodity Cost,Direct Drop,"Efavirenz 600mg, tablets, 30 Tabs",2.96,143,2391.83,PMO - US,Hetero Unit III Hyderabad IN,Efavirenz,16.73,8/27/14,SCMS-199283,FPQ-12522,07-11-13,ARV,116-ZA-T30,27-Aug-14,Truck,Adult,30,0.56,S. BUYS WHOLESALER,DDP,Weight Captured Separately
19431,ASN-29972,Bioline,CÃte dIvoire,23-Jan-15,23-Jan-15,MIssing,Test kit,Yes,5924.89,Direct Drop,"HIV 1/2, Bioline 3.0 Kit, Lancets, Capillary pipets, Alcohol swabs included, 25 Tests",29.5,1400,28700.0,PMO - US,"Standard Diagnostics, Korea","HIV 1/2, Bioline 3.0 Kit, Lancets, Capillary pipets, Alcohol swabs included",20.5,2/26/14,SCMS-228080,FPQ-13603,1/23/14,HRDT,104-CI-T30,23-Jan-15,Air,HIV test,25,0.82,"Standard Diagnostics, Inc.",EXW,437
56367,ASN-27328,Determine,South Sudan,03-Oct-14,12-Nov-14,MIssing,Test kit - Ancillary,No,See ASN-27328 (ID#:27829),Direct Drop,"Chase Buffer, Determine, 100 Tests, 2.5ml x 1 Vial",0.82,160,800.0,PMO - US,"Alere Medical Co., Ltd.","Chase Buffer, Determine, 100 Tests, 2.5ml x 1 Vial",5.0,6/30/14,SCMS-245250,FPQ-14470,6/17/14,HRDT,105-SS-T30,03-Oct-14,Air,HIV test - Ancillary,1,5.0,"Orgenics, Ltd",EXW,See ASN-27328 (ID#:27829)
85259,DN-2641,Generic,Libya,23-May-12,23-May-12,300mg,Tablet,No,See DN-2641 (ID#:83029),From RDC,"Tenofovir Disoproxil Fumarate 300mg, tablets, 30 Tabs",2.84,368,2024.0,PMO - US,Mylan (formerly Matrix) Nashik,Tenofovir Disoproxil Fumarate,5.5,N/A - From RDC,SO-41900,FPQ-9665,04-04-12,ARV,102-LY-T30,23-May-12,Air,Adult,30,0.18,SCMS from RDC,N/A - From RDC,See DN-2641 (ID#:83029)
83157,DN-3301,Generic,Tanzania,27-Sep-13,27-Sep-13,600/200/300mg,Tablet - FDC,Yes,3567.19,From RDC,"Efavirenz/Emtricitabine/Tenofovir Disoproxil Fumarate 600/200/300mg, tablets, 30 Tabs",1025.89,67426,829339.8,PMO - US,"Aurobindo Unit VII, IN",Efavirenz/Emtricitabine/Tenofovir Disoproxil Fumarate,12.3,N/A - From RDC,SO-45980,FPQ-12536,6/24/13,ARV,109-TZ-T30,16-Oct-13,Truck,Adult,30,0.41,SCMS from RDC,N/A - From RDC,7596
47541,ASN-15554,Generic,Rwanda,04-Aug-12,04-Aug-12,200mg,Tablet,No,See ASN-15554 (ID#:33116),Direct Drop,"Nevirapine 200mg, tablets, 60 Tabs",121.84,37140,86907.6,PMO - US,Hetero Unit III Hyderabad IN,Nevirapine,2.34,06-12-12,SCMS-149431,FPQ-10092,06-04-12,ARV,107-RW-T30,04-Aug-12,Air,Adult,60,0.04,HETERO LABS LIMITED,EXW,See ASN-15554 (ID#:33116)
284,ASN-1253,Generic,Rwanda,31-Jan-08,31-Jan-08,MIssing,Test kit - Ancillary,Yes,0.75,Direct Drop,"HIV, Lancet, Safety, for HIV Test kits, 100 Pcs",0.02,1500,15.0,PMO - US,Inverness Japan,"HIV, Lancet, Safety, for HIV Test kits, 100 Pcs",0.01,12-10-07,SCMS-14630,Pre-PQ Process,Pre-PQ Process,HRDT,107-RW-T01,31-Jan-08,Air,HIV test - Ancillary,100,0.0,"Orgenics, Ltd",EXW,99
86606,DN-3336,Generic,Burundi,05-Nov-13,12-Nov-13,600mg,Tablet,Yes,3325.77,From RDC,"Efavirenz 600mg, tablets, 30 Tabs",22.94,5568,18541.44,PMO - US,"Strides, Bangalore, India.",Efavirenz,3.33,N/A - From RDC,SO-46040,FPQ-12602,07-09-13,ARV,102-BI-T30,27-Oct-13,Air,Adult,30,0.11,SCMS from RDC,N/A - From RDC,342
55764,ASN-6358,Uni-Gold,Namibia,29-Apr-10,29-Apr-10,MIssing,Test kit,Yes,17918.72,Direct Drop,"HIV 1/2, Uni-Gold HIV Kit, 20 Tests",137.98,2000,64000.0,PMO - US,"Trinity Biotech, Plc","HIV 1/2, Uni-Gold HIV Kit",32.0,01-08-10,SCMS-62730,FPQ-4857,01-07-10,HRDT,119-NA-T30,29-Apr-10,Air,HIV test,20,1.6,"Trinity Biotech, Plc",EXW,687
32189,ASN-32268,Generic,Vietnam,07-Jul-15,07-Jul-15,600/300/300mg,Tablet - FDC,Yes,4784.19,Direct Drop,"Efavirenz/Lamivudine/Tenofovir Disoproxil Fumarate 600/300/300mg, tablets, 30 Tabs",209.04,17760,177600.0,PMO - US,Hetero Unit III Hyderabad IN,Efavirenz/Lamivudine/Tenofovir Disoproxil Fumarate,10.0,2/17/15,SCMS-274390,FPQ-15692,1/28/15,ARV,108-VN-T30,10-Jul-15,Air,Adult,30,0.33,HETERO LABS LIMITED,EXW,2523
82600,DN-3291,Generic,Zimbabwe,20-Sep-13,20-Sep-13,200/50mg,Tablet,Yes,4529.67,From RDC,"Lopinavir/Ritonavir 200/50mg, tablets, 120 Tabs",231.67,8599,187286.22,PMO - US,Mylan (formerly Matrix) Nashik,Lopinavir/Ritonavir,21.78,N/A - From RDC,SO-45850,FPQ-12429,6/25/13,ARV,113-ZW-T30,18-Sep-13,Truck,Adult,120,0.18,SCMS from RDC,N/A - From RDC,2293
12145,DN-601,Norvir,Mozambique,05-Apr-08,05-Apr-08,100mg,Capsule,No,See DN-601 (ID#:10651),From RDC,"Ritonavir 100mg [Norvir], capsules, cool, 84 Caps",11.66,760,7288.4,PMO - US,ABBVIE (Abbott) Logis. UK,Ritonavir,9.59,N/A - From RDC,SO-1039,Pre-PQ Process,Pre-PQ Process,ARV,111-MZ-T01,08-Apr-08,Air,Adult,84,0.11,SCMS from RDC,N/A - From RDC,See DN-601 (ID#:10651)
11026,DN-1128,Aluvia,CÃte dIvoire,28-Apr-09,28-Apr-09,200/50mg,Tablet,Yes,8669.38,From RDC,"Lopinavir/Ritonavir 200/50mg [Aluvia], tablets, 120 Tabs",1005.34,12480,512928.0,PMO - US,ABBVIE Ludwigshafen Germany,Lopinavir/Ritonavir,41.1,N/A - From RDC,SO-21851,Pre-PQ Process,Pre-PQ Process,ARV,104-CI-T01,28-Apr-09,Air,Adult,120,0.34,SCMS from RDC,N/A - From RDC,2803
15656,ASN-33424,Isentress,Cameroon,26-Aug-15,26-Aug-15,400mg,Tablet,Yes,Freight Included in Commodity Cost,Direct Drop,"Raltegravir 400mg [Isentress], tablets, 60 Tabs",7.84,120,6660.0,PMO - US,"MSD, Haarlem, NL",Raltegravir,55.5,05-01-15,SCMS-285060,FPQ-15905,2/19/15,ARV,A01-CM-T50,26-Aug-15,Air,Adult,60,0.92,MERCK SHARP & DOHME IDEA GMBH (FORMALLY MERCK SHARP & DOHME B.V.),CIP,Weight Captured Separately
30159,ASN-20239,Determine,Uganda,11-Jul-13,11-Jul-13,MIssing,Test kit,Yes,16337.03,Direct Drop,"HIV 1/2, Determine Complete HIV Kit, 100 Tests",281.54,2845,227600.0,PMO - US,"Alere Medical Co., Ltd.","HIV 1/2, Determine Complete HIV Kit",80.0,05-09-13,SCMS-188330,FPQ-12154,4/23/13,HRDT,114-UG-T30,11-Jul-13,Air,HIV test,100,0.8,"Orgenics, Ltd",EXW,1239
83454,DN-1987,Generic,Uganda,27-Aug-10,27-Aug-10,200/300mg,Tablet - FDC,Yes,536.02,From RDC,"Emtricitabine/Tenofovir Disoproxil Fumarate 200/300mg, tablets, 30 Tabs",16.47,650,7637.5,PMO - US,Mylan (formerly Matrix) Nashik,Emtricitabine/Tenofovir Disoproxil Fumarate,11.75,N/A - From RDC,SO-36230,FPQ-5275,03-04-10,ARV,114-UG-T30,03-Sep-10,Air,Adult,30,0.39,SCMS from RDC,N/A - From RDC,61
19940,ASN-27964,Generic,Vietnam,03-Nov-14,03-Nov-14,150/300mg,Tablet - FDC,Yes,3273.14,Direct Drop,"Lamivudine/Zidovudine 150/300mg, tablets, 60 Tabs",133.43,20000,129800.0,PMO - US,Mylan (formerly Matrix) Nashik,Lamivudine/Zidovudine,6.49,6/27/14,SCMS-226251,FPQ-13524,02-06-14,ARV,108-VN-T30,03-Nov-14,Air,Adult,60,0.11,MYLAN LABORATORIES LTD (FORMERLY MATRIX LABORATORIES),EXW,1725
84665,DN-2311,Generic,CÃte dIvoire,05-Aug-11,05-Aug-11,20mg/ml,Oral solution,Yes,1771.26,From RDC,"Abacavir 20mg/ml, oral solution w/syringe, Bottle, 240 ml",11.88,576,7200.0,PMO - US,"Aurobindo Unit III, India",Abacavir,12.5,N/A - From RDC,SO-40110,FPQ-7659,05-03-11,ARV,104-CI-T30,25-Oct-11,Air,Pediatric,240,0.05,SCMS from RDC,N/A - From RDC,212
10368,ASN-4613,Generic,South Africa,17-Jun-09,17-Jun-09,10mg/ml,Oral solution,Yes,Freight Included in Commodity Cost,Direct Drop,"Lamivudine 10mg/ml, oral solution, Bottle, 240 ml",11.07,1000,5650.0,PMO - US,"Aurobindo Unit III, India",Lamivudine,5.65,3/27/09,SCMS-49530,Pre-PQ Process,Pre-PQ Process,ARV,116-ZA-T01,25-Jun-09,Truck,Pediatric,240,0.02,S. BUYS WHOLESALER,DDP,Weight Captured Separately
80864,ASN-30242,Determine,Zambia,05-May-15,14-May-15,MIssing,Test kit,Yes,32728.96,Direct Drop,"HIV 1/2, Determine Complete HIV Kit, 100 Tests",504.71,6137,490960.0,PMO - US,"Alere Medical Co., Ltd.","HIV 1/2, Determine Complete HIV Kit",80.0,5/19/14,SCMS-239730,FPQ-14130,4/22/14,HRDT,110-ZM-T30,05-May-15,Air,HIV test,100,0.8,"Orgenics, Ltd",EXW,2492
84724,DN-2670,Generic,Rwanda,01-Jun-12,01-Jun-12,20mg/ml,Oral solution,Yes,3253.88,From RDC,"Abacavir 20mg/ml, oral solution, Bottle, 240 ml",11.96,1004,8534.0,PMO - US,"Cipla, Goa, India",Abacavir,8.5,N/A - From RDC,SO-42090,FPQ-9911,05-11-12,ARV,107-RW-T30,08-Jun-12,Air,Pediatric,240,0.04,SCMS from RDC,N/A - From RDC,1
12113,DN-355,Generic,Zimbabwe,20-Sep-07,20-Sep-07,150/200/30mg,Tablet - FDC,No,See DN-355 (ID#:11787),From RDC,"Lamivudine/Nevirapine/Stavudine 150/200/30mg, tablets, 60 Tabs",440.92,37240,275576.0,PMO - US,"Cipla, Goa, India",Lamivudine/Nevirapine/Stavudine,7.4,N/A - From RDC,SO-705,Pre-PQ Process,Pre-PQ Process,ARV,100-ZW-T01,20-Sep-07,Truck,Adult,60,0.12,SCMS from RDC,N/A - From RDC,See DN-355 (ID#:11787)
1085,ASN-4358,Retrovir,South Africa,29-Apr-09,29-Apr-09,300mg,Tablet,Yes,Freight Included in Commodity Cost,Direct Drop,"Zidovudine 300mg [Retrovir], tablets, 60 Tabs",158.05,6000,80640.0,PMO - US,GSK Aranda,Zidovudine,13.44,3/27/09,SCMS-41589,Pre-PQ Process,Pre-PQ Process,ARV,116-ZA-T01,25-Jun-09,Air,Adult,60,0.22,S. BUYS WHOLESALER,DDP,Weight Captured Separately
84945,DN-3879,Generic,Zimbabwe,12-Sep-14,13-Oct-14,20mg/ml,Oral solution,Yes,Invoiced Separately,From RDC,"Abacavir 20mg/ml, [DON] oral solution, Bottle, 240 ml",0,301,0.0,PMO - US,"Aurobindo Unit III, India",Abacavir,0.0,N/A - From RDC,SO-49250,FPQ-14557,07-02-14,ARV,102-ZW-T30,25-Aug-14,Truck,Pediatric,240,0.0,SCMS from RDC,N/A - From RDC,Weight Captured Separately
40798,ASN-12268,Ziagen,South Africa,18-Nov-11,18-Nov-11,20mg/ml,Oral solution,Yes,6560.34,Direct Drop,"Abacavir 20mg/ml [Ziagen], oral solution, Bottle, 240 ml",306.24,20000,185600.0,PMO - US,GSK Mississauga (Canada),Abacavir,9.28,3/30/11,SCMS-104180,FPQ-7400,03-11-11,ARV,161-ZA-T30,18-Nov-11,Ocean,Pediatric,240,0.04,GLAXOSMITHKLINE EXPORT LIMITED,DDP,7293
11945,DN-960,Generic,Nigeria,30-Oct-08,30-Oct-08,30mg,Capsule,Yes,18617.93,From RDC,"Stavudine 30mg, capsules, 60 Caps",23.46,7876,11971.52,PMO - US,"Aurobindo Unit III, India",Stavudine,1.52,N/A - From RDC,SO-2554,Pre-PQ Process,Pre-PQ Process,ARV,123-NG-T01,30-Oct-08,Air,Adult,60,0.03,SCMS from RDC,N/A - From RDC,5588
9676,ASN-1793,Generic,Vietnam,02-Jun-08,02-Jun-08,300mg,Tablet,Yes,2867.81,Direct Drop,"Tenofovir Disoproxil Fumarate 300mg, tablets, 30 Tabs",44.06,2016,27538.56,PMO - US,Mylan (formerly Matrix) Nashik,Tenofovir Disoproxil Fumarate,13.66,04-10-08,SCMS-20541,Pre-PQ Process,Pre-PQ Process,ARV,108-VN-T01,18-Jul-08,Air,Adult,30,0.46,MYLAN LABORATORIES LTD (FORMERLY MATRIX LABORATORIES),EXW,122
75502,ASN-23397,Generic,Tanzania,28-Jan-14,28-Jan-14,50mg,Capsule,Yes,5740.54,Direct Drop,"Efavirenz 50mg, capsule, 30 Caps",22.99,11912,18582.72,PMO - US,"Aurobindo Unit III, India",Efavirenz,1.56,10/28/13,SCMS-210910,FPQ-13048,10-03-13,ARV,109-TZ-T30,28-Jan-14,Air,Pediatric,30,0.05,Aurobindo Pharma Limited,EXW,802
82397,DN-2317,Generic,Mozambique,02-Nov-11,02-Nov-11,150/300/200mg,Tablet - FDC,Yes,11969.68,From RDC,"Lamivudine/Nevirapine/Zidovudine 150/200/300mg, tablets, 60 Tabs",2204.86,119098,1336279.56,PMO - US,"Aurobindo Unit III, India",Lamivudine/Nevirapine/Zidovudine,11.22,N/A - From RDC,SO-40180,FPQ-7053,1/24/11,ARV,111-MZ-T30,02-Nov-11,Truck,Adult,60,0.19,SCMS from RDC,N/A - From RDC,15808
86805,DN-4243,Generic,Zimbabwe,30-Apr-15,30-Apr-15,30/50/60mg,Chewable/dispersible tablet - FDC,No,See DN-4243 (ID#:83907),From RDC,"Lamivudine/Nevirapine/Zidovudine 30/50/60mg, dispersible tablets, 60 Tabs",198.1,46752,168307.2,PMO - US,"Cipla, Goa, India",Lamivudine/Nevirapine/Zidovudine,3.6,N/A - From RDC,SO-50010,FPQ-15197,10/16/14,ARV,103-ZW-T30,30-Apr-15,Truck,Pediatric,60,0.06,SCMS from RDC,N/A - From RDC,See DN-4243 (ID#:83907)
5036,ASN-3611,Generic,South Africa,28-Jan-09,28-Jan-09,300mg,Tablet,Yes,Freight Included in Commodity Cost,Direct Drop,"Zidovudine 300mg, tablets, 60 Tabs",161.94,6800,82620.0,PMO - US,"Aurobindo Unit III, India",Zidovudine,12.15,Date Not Captured,SCMS-40850,Pre-PQ Process,Pre-PQ Process,ARV,116-ZA-T01,16-Jun-09,Air,Adult,60,0.2,S. BUYS WHOLESALER,DDP,Weight Captured Separately
82390,DN-2288,Generic,Zimbabwe,04-Aug-11,04-Aug-11,125mg,Delayed-release capsules,Yes,940.23,From RDC,"Didanosine 125mg, delayed-release capsules, 30 Caps",2.27,124,1054.0,PMO - US,"Aurobindo Unit III, India",Didanosine,8.5,N/A - From RDC,SO-38901,FPQ-6483,10/13/10,ARV,200-ZW-T30,30-Sep-11,Air,Pediatric,30,0.28,SCMS from RDC,N/A - From RDC,8
85118,DN-1842,Generic,Haiti,09-Jun-10,09-Jun-10,150mg,Tablet,No,See DN-1842 (ID#:84007),From RDC,"Lamivudine 150mg, tablets, 60 Tabs",42.8,8520,19851.6,PMO - US,"Strides, Bangalore, India.",Lamivudine,2.33,N/A - From RDC,SO-34640,FPQ-4384,10/23/09,ARV,106-HT-T30,02-Jun-10,Air,Adult,60,0.04,SCMS from RDC,N/A - From RDC,See DN-1842 (ID#:84007)
24053,ASN-18313,Uni-Gold,Tanzania,23-Apr-13,23-Apr-13,MIssing,Test kit,Yes,1158.73,Direct Drop,"HIV 1/2, Uni-Gold HIV Kit, 20 Tests",4.24,107,3424.0,PMO - US,"Trinity Biotech, Plc","HIV 1/2, Uni-Gold HIV Kit",32.0,10/18/12,SCMS-162831,FPQ-10809,10-11-12,HRDT,109-TZ-T30,23-Apr-13,Air,HIV test,20,1.6,"Trinity Biotech, Plc",EXW,39
86298,DN-1802,Generic,Nigeria,18-May-10,18-May-10,600/200/300mg,Tablet - FDC,Yes,9736.1,From RDC,"Efavirenz/Emtricitabine/Tenofovir Disoproxil Fumarate 600/200/300mg, tablets, 30 Tabs",2233.27,52000,1035840.0,PMO - US,Mylan (formerly Matrix) Nashik,Efavirenz/Emtricitabine/Tenofovir Disoproxil Fumarate,19.92,N/A - From RDC,SO-35021,FPQ-4537,11-06-09,ARV,151-NG-T30,31-May-10,Air Charter,Adult,30,0.66,SCMS from RDC,N/A - From RDC,5701
78589,ASN-31390,Generic,Botswana,02-Jun-15,04-Jun-15,600/200/300mg,Tablet - FDC,Yes,21035.49,Direct Drop,"Efavirenz/Emtricitabine/Tenofovir Disoproxil Fumarate 600/200/300mg, tablets, 30 Tabs",426.41,34735,362286.05,PMO - US,"Hetero, Jadcherla, unit 5, IN",Efavirenz/Emtricitabine/Tenofovir Disoproxil Fumarate,10.43,02-06-15,SCMS-275710,FPQ-15568,01-08-15,ARV,104-BW-T30,02-Jun-15,Air,Adult,30,0.35,HETERO LABS LIMITED,EXW,4260
82943,DN-2141,Generic,Rwanda,13-Mar-11,13-Mar-11,20mg/ml,Oral solution,Yes,4520.04,From RDC,"Abacavir 20mg/ml, oral solution w/syringe, Bottle, 240 ml",44.42,1965,26920.5,PMO - US,"Aurobindo Unit III, India",Abacavir,13.7,N/A - From RDC,SO-38930,FPQ-7304,2/28/11,ARV,107-RW-T30,18-Mar-11,Air,Pediatric,240,0.06,SCMS from RDC,N/A - From RDC,724
85741,DN-2117,Generic,Zambia,07-Mar-11,07-Mar-11,600mg,Tablet,No,See DN-2117 (ID#:84061),From RDC,"Efavirenz 600mg, tablets, 30 Tabs",109.24,11729,50669.28,PMO - US,"Aurobindo Unit III, India",Efavirenz,4.32,N/A - From RDC,SO-37350,FPQ-6222,8/20/10,ARV,110-ZM-T30,31-Mar-11,Truck,Adult,30,0.14,SCMS from RDC,N/A - From RDC,See DN-2117 (ID#:84061)
16277,ASN-14559,Uni-Gold,Ethiopia,25-Apr-12,25-Apr-12,MIssing,Test kit,Yes,334.65,Direct Drop,"HIV 1/2, Uni-Gold HIV Kit, 20 Tests",1.17,26,832.0,PMO - US,"Trinity Biotech, Plc","HIV 1/2, Uni-Gold HIV Kit",32.0,1/23/12,SCMS-133330,FPQ-9096,01-05-12,HRDT,117-ET-T30,25-Apr-12,Air,HIV test,20,1.6,"Trinity Biotech, Plc",EXW,17
48757,ASN-19166,Generic,South Africa,16-Apr-13,16-Apr-13,300mg,Tablet,No,Freight Included in Commodity Cost,Direct Drop,"Abacavir 300mg, tablets, 60 Tabs",9.84,114,7956.64,South Africa Field Office,"Cipla, Patalganga, India",Abacavir,69.8,Date Not Captured,SCMS-183950,FPQ-11828,3/18/13,ARV,116-ZA-T30,16-Apr-13,Truck,Adult,60,1.16,S. BUYS WHOLESALER,DDP,Weight Captured Separately
81753,ASN-31073,Kaletra,Zimbabwe,19-Mar-15,19-Mar-15,80/20mg/ml,Oral solution,Yes,50104.34,Direct Drop,"Lopinavir/Ritonavir 80/20mg/ml [Kaletra], oral solution, cool, Bottle 5 x 60 ml",235.43,6490,200021.8,PMO - US,ABBVIE (Abbott) Logis. UK,Lopinavir/Ritonavir,30.82,11-12-14,SCMS-263540,FPQ-15293,11-04-14,ARV,103-ZW-T30,19-Mar-15,Air,Pediatric,300,0.1,ABBVIE LOGISTICS (FORMERLY ABBOTT LOGISTICS BV),FCA,5747
76827,ASN-11741,Uni-Gold,Liberia,02-Sep-11,02-Sep-11,MIssing,Test kit,Yes,515.11,Direct Drop,"HIV 1/2, Uni-Gold HIV Kit, 20 Tests",2.64,50,1600.0,PMO - US,"Trinity Biotech, Plc","HIV 1/2, Uni-Gold HIV Kit",32.0,7/20/11,SCMS-115340,FPQ-7996,07-12-11,HRDT,900-LR-T30,02-Sep-11,Air,HIV test,20,1.6,"Trinity Biotech, Plc",EXW,17
74610,ASN-12274,Generic,Vietnam,24-Oct-11,24-Oct-11,150/300mg,Tablet - FDC,Yes,9046.76,Direct Drop,"Lamivudine/Zidovudine 150/300mg, tablets, 60 Tabs",159.05,11755,96391.0,PMO - US,Hetero Unit III Hyderabad IN,Lamivudine/Zidovudine,8.2,07-08-11,SCMS-113670,FPQ-7898,6/27/11,ARV,108-VN-T30,24-Oct-11,Air,Adult,60,0.14,HETERO LABS LIMITED,EXW,1083
85312,DN-2884,Generic,Zambia,19-Oct-12,19-Oct-12,200mg,Tablet,Yes,16697.66,From RDC,"Nevirapine 200mg, tablets, 60 Tabs",171.04,50000,122000.0,PMO - US,Mylan (formerly Matrix) Nashik,Nevirapine,2.44,N/A - From RDC,SO-41993,FPQ-9773,4/27/12,ARV,110-ZM-T30,31-Oct-12,Truck,Adult,60,0.04,SCMS from RDC,N/A - From RDC,7567
33719,ASN-33865,Generic,South Africa,24-Aug-15,24-Aug-15,10mg/ml,Oral solution,No,Freight Included in Commodity Cost,Direct Drop,"Lamivudine 10mg/ml, oral solution, Bottle, 240 ml",0.09,17,91.92,PMO - US,"Aurobindo Unit III, India",Lamivudine,5.41,8/24/15,SCMS-295800,FPQ-14942,09-11-14,ARV,116-ZA-T30,24-Aug-15,Truck,Pediatric,240,0.02,PHARMACY DIRECT,DDP,Weight Captured Separately
66449,ASN-7020,Aluvia,Vietnam,22-Jun-10,22-Jun-10,200/50mg,Tablet,Yes,10263.55,Direct Drop,"Lopinavir/Ritonavir 200/50mg [Aluvia], tablets, 120 Tabs",1457.66,8225,676095.0,PMO - US,ABBVIE Ludwigshafen Germany,Lopinavir/Ritonavir,82.2,3/31/10,SCMS-68780,FPQ-5094,3/15/10,ARV,108-VN-T30,22-Jun-10,Air,Adult,120,0.68,ABBVIE LOGISTICS (FORMERLY ABBOTT LOGISTICS BV),FCA,2018
82750,DN-3997,Generic,Nigeria,30-Oct-14,03-Nov-14,600/300mg,Tablet - FDC,Yes,7009,From RDC,"Abacavir/Lamivudine 600/300mg, tablets, 30 Tabs",268.42,19356,261112.44,PMO - US,Mylan (formerly Matrix) Nashik,Abacavir/Lamivudine,13.49,N/A - From RDC,SO-48310,FPQ-13704,2/13/14,ARV,151-NG-T30,31-Oct-14,Air Charter,Adult,30,0.45,SCMS from RDC,N/A - From RDC,1960
2756,ASN-522,Stat-Pak,Nigeria,04-Jul-07,04-Jul-07,MIssing,Test kit,Yes,22838.29,Direct Drop,"HIV 1/2, Stat-Pak HIV, Kit, 20 Tests",345.6,8000,216000.0,PMO - US,Chembio Diagnostics Sys. Inc.,"HIV 1/2, Stat-Pak HIV, Kit",27.0,6/21/07,SCMS-599,Pre-PQ Process,Pre-PQ Process,HRDT,102-NG-T01,04-Jul-07,Air,HIV test,20,1.35,"CHEMBIO DIAGNOSTIC SYSTEMS, INC.",EXW,2603
82355,DN-2038,Generic,Guyana,13-Nov-10,13-Nov-10,100mg,Chewable/dispersible tablet,Yes,1221.83,From RDC,"Didanosine 100mg, chewable/dispersible tablets, 60 Tabs",5.59,336,2593.92,PMO - US,"Aurobindo Unit III, India",Didanosine,7.72,N/A - From RDC,SO-37410,FPQ-6307,8/30/10,ARV,105-GY-T30,23-Nov-10,Air,Pediatric,60,0.13,SCMS from RDC,N/A - From RDC,89
86163,DN-4117,Generic,Zambia,19-Feb-15,20-Feb-15,200mg,Tablet,No,See DN-4117 (ID#:84449),From RDC,"Nevirapine 200mg, tablets, 60 Tabs",60.74,27104,59086.72,PMO - US,"Aurobindo Unit III, India",Nevirapine,2.18,N/A - From RDC,SO-49282,FPQ-14575,07-11-14,ARV,110-ZM-T30,27-Feb-15,Truck,Adult,60,0.04,SCMS from RDC,N/A - From RDC,See DN-4117 (ID#:84449)
8017,ASN-364,Determine,Haiti,03-May-07,03-May-07,MIssing,Test kit,Yes,2802.42,Direct Drop,"HIV 1/2, Determine Complete HIV Kit, 100 Tests",MIssing,1000,80000.0,PMO - US,ABBVIE GmbH & Co.KG Wiesbaden,"HIV 1/2, Determine Complete HIV Kit",80.0,04-04-07,SCMS-539,Pre-PQ Process,Pre-PQ Process,HRDT,100-HT-T01,03-May-07,Air,HIV test,100,0.8,Abbott GmbH & Co. KG,EXW,343
84712,DN-2594,Generic,Burundi,04-May-12,04-May-12,600mg,Tablet,No,See DN-2594 (ID#:83021),From RDC,"Efavirenz 600mg, tablets, 30 Tabs",155.96,27000,111240.0,PMO - US,"Strides, Bangalore, India.",Efavirenz,4.12,N/A - From RDC,SO-41530,FPQ-9229,1/25/12,ARV,102-BI-T30,26-Apr-12,Air,Adult,30,0.14,SCMS from RDC,N/A - From RDC,See DN-2594 (ID#:83021)
12905,DN-1390,Generic,CÃte dIvoire,21-Aug-09,21-Aug-09,150/300/200mg,Tablet - FDC,Yes,6739.08,From RDC,"Lamivudine/Nevirapine/Zidovudine 150/200/300mg, tablets, 60 Tabs",404.43,18180,206343.0,PMO - US,"Aurobindo Unit III, India",Lamivudine/Nevirapine/Zidovudine,11.35,N/A - From RDC,SO-32220,Pre-PQ Process,Date Not Captured,ARV,104-CI-T01,21-Aug-09,Air,Adult,60,0.19,SCMS from RDC,N/A - From RDC,2047
1648,ASN-1448,OraQuick,Botswana,11-Apr-08,11-Apr-08,MIssing,Test kit,Yes,604,Direct Drop,"HIV 1/2, OraQuick Advance HIV Rapid Antibody Kit, 100 Tests",5.6,10,3500.0,PMO - US,"Pacific Biotech, Thailand","HIV 1/2, OraQuick Advance HIV Rapid Antibody Kit",350.0,Date Not Captured,SCMS-18550,Pre-PQ Process,Pre-PQ Process,HRDT,102-BW-T01,11-Apr-08,Air,HIV test,100,3.5,Orasure Technologies Inc.,EXW,39
10631,DN-411,Generic,Nigeria,01-Nov-07,01-Nov-07,30mg,Capsule,Yes,1621,From RDC,"Stavudine 30mg, capsules, 60 Caps",3.65,1500,2280.0,PMO - US,"Aurobindo Unit III, India",Stavudine,1.52,N/A - From RDC,SO-1225,Pre-PQ Process,Pre-PQ Process,ARV,112-NG-T01,01-Nov-07,Air,Adult,60,0.03,SCMS from RDC,N/A - From RDC,178
71316,ASN-30672,Aluvia,Vietnam,19-Mar-15,19-Mar-15,200/50mg,Tablet,No,See ASN-30672 (ID#:40443),Direct Drop,"Lopinavir/Ritonavir 200/50mg [Aluvia], tablets, 120 Tabs",357.81,5000,304000.0,PMO - US,ABBVIE Ludwigshafen Germany,Lopinavir/Ritonavir,60.8,12/18/14,SCMS-268410,FPQ-15292,12-05-14,ARV,108-VN-T30,19-Mar-15,Air,Adult,120,0.51,ABBVIE LOGISTICS (FORMERLY ABBOTT LOGISTICS BV),FCA,See ASN-30672 (ID#:40443)
12189,DN-793,Generic,Uganda,22-Jul-08,22-Jul-08,10mg/ml,Oral solution,Yes,15923.41,From RDC,"Zidovudine 10mg/ml, oral solution, Bottle, 240 ml",20.28,6036,12675.6,PMO - US,"Aurobindo Unit III, India",Zidovudine,2.1,N/A - From RDC,SO-2792,Pre-PQ Process,Pre-PQ Process,ARV,114-UG-T01,22-Jul-08,Air,Pediatric,240,0.01,SCMS from RDC,N/A - From RDC,2253
83986,DN-1676,Generic,CÃte dIvoire,10-Mar-10,10-Mar-10,200mg,Capsule,Yes,4519.96,From RDC,"Efavirenz 200mg, capsule, 90 Caps",15.18,769,7743.83,PMO - US,"Aurobindo Unit III, India",Efavirenz,10.07,N/A - From RDC,SO-34414,FPQ-4378,10/15/09,ARV,104-CI-T30,09-Mar-10,Air,Pediatric,90,0.11,SCMS from RDC,N/A - From RDC,93
83078,DN-2848,Generic,Rwanda,13-Sep-12,13-Sep-12,200mg,Tablet,Yes,26081.05,From RDC,"Nevirapine 200mg, tablets, 60 Tabs",239.19,69922,170609.68,PMO - US,"Strides, Bangalore, India.",Nevirapine,2.44,N/A - From RDC,SO-42480,FPQ-10015,06-04-12,ARV,107-RW-T30,28-Sep-12,Air,Adult,60,0.04,SCMS from RDC,N/A - From RDC,4444
83613,DN-2803,Generic,Zimbabwe,04-Sep-12,04-Sep-12,200mg,Tablet,Yes,8832.53,From RDC,"Nevirapine 200mg, tablets, 60 Tabs",231.89,58074,140539.08,PMO - US,Hetero Unit III Hyderabad IN,Nevirapine,2.42,N/A - From RDC,SO-40902,FPQ-8464,10-04-11,ARV,113-ZW-T30,11-Dec-12,Truck,Adult,60,0.04,SCMS from RDC,N/A - From RDC,4687
85691,DN-1937,Generic,Nigeria,28-Jun-10,28-Jun-10,150/300mg,Tablet - FDC,Yes,Freight Included in Commodity Cost,From RDC,"Lamivudine/Zidovudine 150/300mg, tablets, 60 Tabs",623.26,33000,289080.0,PMO - US,Mylan (formerly Matrix) Nashik,Lamivudine/Zidovudine,8.76,N/A - From RDC,SO-36540,FPQ-5023,02-10-10,ARV,151-NG-T30,15-Jul-10,Air,Adult,60,0.15,SCMS from RDC,N/A - From RDC,2654
5658,ASN-1614,Uni-Gold,Uganda,02-Jun-08,02-Jun-08,MIssing,Test kit,Yes,1253.98,Direct Drop,"HIV 1/2, Uni-Gold HIV Kit, 20 Tests",4.35,85,2720.0,PMO - US,"Trinity Biotech, Plc","HIV 1/2, Uni-Gold HIV Kit",32.0,3/13/08,SCMS-18910,Pre-PQ Process,Pre-PQ Process,HRDT,114-UG-T01,02-Jun-08,Air,HIV test,20,1.6,"Trinity Biotech, Plc",EXW,85
1643,ASN-1469,Generic,CÃte dIvoire,04-Apr-08,04-Apr-08,MIssing,Test kit - Ancillary,Yes,Invoiced Separately,Direct Drop,"HIV, Lancet, Safety, for HIV Test kits, 100 Pcs",0,70,0.7,PMO - US,Inverness Japan,"HIV, Lancet, Safety, for HIV Test kits, 100 Pcs",0.01,2/28/08,SCMS-18420,Pre-PQ Process,Pre-PQ Process,HRDT,104-CI-T01,08-Apr-08,Air,HIV test - Ancillary,100,0.0,"Orgenics, Ltd",EXW,Weight Captured Separately
10780,DN-1301,Generic,Zambia,24-Jun-09,24-Jun-09,200mg,Capsule,Yes,1759.21,From RDC,"Efavirenz 200mg, capsule, 90 Caps",32.69,1093,16679.18,PMO - US,"Aurobindo Unit III, India",Efavirenz,15.26,N/A - From RDC,SO-31940,Pre-PQ Process,Pre-PQ Process,ARV,110-ZM-T01,24-Jun-09,Air,Pediatric,90,0.17,SCMS from RDC,N/A - From RDC,133
10464,ASN-4658,Clearview,Namibia,08-Sep-09,08-Sep-09,MIssing,Test kit,Yes,5213.02,Direct Drop,"HIV 1/2, Clearview Complete Kit, 25 Tests",139.65,950,71250.0,PMO - US,Chembio Diagnostics Sys. Inc.,"HIV 1/2, Clearview Complete Kit",75.0,5/18/09,SCMS-46050,Pre-PQ Process,Pre-PQ Process,HRDT,119-NA-T01,08-Sep-09,Air,HIV test,25,3.0,"Orgenics, Ltd",EXW,760
82441,DN-2509,Generic,"Congo, DRC",13-Apr-12,13-Apr-12,300mg,Tablet,Yes,1418.01,From RDC,"Zidovudine 300mg, tablets, 60 Tabs",0.96,98,687.96,PMO - US,Hetero Unit III Hyderabad IN,Zidovudine,7.02,N/A - From RDC,SO-41145,FPQ-8840,11/21/11,ARV,101-CD-T30,16-Mar-12,Air,Adult,60,0.12,SCMS from RDC,N/A - From RDC,65
86506,DN-2799,Generic,Nigeria,14-Aug-12,14-Aug-12,150/300/200mg,Tablet - FDC,Yes,18461.22,From RDC,"Lamivudine/Nevirapine/Zidovudine 150/200/300mg, tablets, 60 Tabs",1828.12,132919,1303935.39,PMO - US,Mylan (formerly Matrix) Nashik,Lamivudine/Nevirapine/Zidovudine,9.81,N/A - From RDC,SO-42934,FPQ-9432,03-01-12,ARV,151-NG-T30,31-Aug-12,Air,Adult,60,0.16,SCMS from RDC,N/A - From RDC,18953
10857,DN-323,Generic,CÃte dIvoire,14-Sep-07,14-Sep-07,30mg,Capsule,No,See DN-323 (ID#:10588),From RDC,"Stavudine 30mg, capsules, 60 Caps",7.99,3285,4993.2,PMO - US,"Strides, Bangalore, India.",Stavudine,1.52,N/A - From RDC,SO-963,Pre-PQ Process,Pre-PQ Process,ARV,104-CI-T01,14-Sep-07,MIssing,Adult,60,0.03,SCMS from RDC,N/A - From RDC,See DN-323 (ID#:10588)
77324,ASN-5740,Generic,Rwanda,04-Jan-10,04-Jan-10,150mg,Tablet,Yes,2990.64,Direct Drop,"Lamivudine 150mg, tablets, 60 Tabs",52.54,10350,26806.5,PMO - US,Hetero Unit III Hyderabad IN,Lamivudine,2.59,8/18/09,SCMS-50810,FPQ-4047,7/28/09,ARV,107-RW-T30,04-Jan-10,Air,Adult,60,0.04,HETERO LABS LIMITED,CIP,582
12550,DN-1057,Generic,Nigeria,19-Jan-09,19-Jan-09,600mg,Tablet,Yes,13538.35,From RDC,"Efavirenz 600mg, tablets, 30 Tabs",301.84,14000,154000.0,PMO - US,"Aurobindo Unit III, India",Efavirenz,11.0,N/A - From RDC,SO-15051,Pre-PQ Process,Pre-PQ Process,ARV,131-NG-T01,19-Jan-09,Air,Adult,30,0.37,SCMS from RDC,N/A - From RDC,1169
10693,DN-480,Generic,Uganda,19-Mar-08,19-Mar-08,600mg,Tablet,Yes,1381.7,From RDC,"Efavirenz 600mg, tablets, 30 Tabs",40.94,2060,25585.2,PMO - US,"Aurobindo Unit III, India",Efavirenz,12.42,N/A - From RDC,SO-1301,Pre-PQ Process,Pre-PQ Process,ARV,114-UG-T01,19-Mar-08,Air,Adult,30,0.41,SCMS from RDC,N/A - From RDC,196
10883,DN-327,Invirase,CÃte dIvoire,10-Sep-07,10-Sep-07,200mg,Capsule,Yes,14182.54,From RDC,"Saquinavir 200mg [Invirase], capsules, 270 Caps",31.71,252,19817.28,PMO - US,Roche Basel,Saquinavir,78.64,N/A - From RDC,SO-972,Pre-PQ Process,Pre-PQ Process,ARV,104-CI-T01,10-Sep-07,MIssing,Adult,270,0.29,SCMS from RDC,N/A - From RDC,1736
2661,ASN-57,Generic,Nigeria,28-Sep-06,28-Sep-06,10mg/ml,Oral solution,No,See ASN-57 (ID#:23),Direct Drop,"Lamivudine 10mg/ml, oral solution, Bottle, 240 ml",MIssing,416,1809.6,PMO - US,"Aurobindo Unit III, India",Lamivudine,4.35,Date Not Captured,SCMS-87,Pre-PQ Process,Pre-PQ Process,ARV,112-NG-T01,28-Sep-06,Air,Pediatric,240,0.02,Aurobindo Pharma Limited,EXW,See ASN-57 (ID#:23)
85338,DN-3042,Generic,Uganda,07-Mar-13,07-Mar-13,200mg,Tablet,No,See DN-3042 (ID#:83663),From RDC,"Nevirapine 200mg, tablets, 60 Tabs",22.02,7875,17797.5,PMO - US,"Aurobindo Unit III, India",Nevirapine,2.26,N/A - From RDC,SO-43960,FPQ-11143,12/13/12,ARV,114-UG-T30,09-Mar-13,Air,Adult,60,0.04,SCMS from RDC,N/A - From RDC,See DN-3042 (ID#:83663)
61676,ASN-12338,Uni-Gold,Sudan,11-Jan-12,11-Jan-12,MIssing,Test kit,Yes,593.72,Direct Drop,"HIV 1/2, Uni-Gold HIV Kit, 20 Tests",3.43,65,2080.0,PMO - US,"Trinity Biotech, Plc","HIV 1/2, Uni-Gold HIV Kit",32.0,09-07-11,SCMS-120461,FPQ-8261,8/29/11,HRDT,102-SD-T30,11-Jan-12,Air,HIV test,20,1.6,"Trinity Biotech, Plc",EXW,21
82540,DN-2988,Generic,Zimbabwe,11-Feb-13,11-Feb-13,150/300mg,Tablet - FDC,Yes,25568,From RDC,"Lamivudine/Zidovudine 150/300mg, tablets, 60 Tabs",80.18,7867,57193.09,PMO - US,"Cipla, Goa, India",Lamivudine/Zidovudine,7.27,N/A - From RDC,SO-42290,FPQ-9927,5/15/12,ARV,102-ZW-T30,11-Feb-13,Truck,Adult,60,0.12,SCMS from RDC,N/A - From RDC,704
83108,DN-3017,Generic,"Congo, DRC",08-Aug-13,08-Aug-13,10mg/ml,Oral suspension,Yes,9687.69,From RDC,"Nevirapine 10mg/ml, oral suspension w/syringe, Bottle, 240 ml",1.78,738,1439.1,PMO - US,"Aurobindo Unit III, India",Nevirapine,1.95,N/A - From RDC,SO-43750,FPQ-11096,11/20/12,ARV,101-CD-T30,18-Mar-13,Air,Pediatric,240,0.01,SCMS from RDC,N/A - From RDC,112
83866,DN-4064,Generic,CÃte dIvoire,19-Jan-15,27-Jan-15,600mg,Tablet,No,See DN-4064 (ID#:82765),From RDC,"Efavirenz 600mg, tablets, 30 Tabs",96.21,29996,93587.52,PMO - US,Hetero Unit III Hyderabad IN,Efavirenz,3.12,N/A - From RDC,SO-49052,FPQ-14370,5/23/14,ARV,104-CI-T30,16-Feb-15,Truck,Adult,30,0.1,SCMS from RDC,N/A - From RDC,See DN-4064 (ID#:82765)
86819,DN-4313,Generic,CÃte dIvoire,06-Aug-15,07-Aug-15,150/300mg,Tablet - FDC,No,See DN-4313 (ID#:83921),From RDC,"Lamivudine/Zidovudine 150/300mg, tablets, 60 Tabs",161.71,21072,137389.44,PMO - US,Hetero Unit III Hyderabad IN,Lamivudine/Zidovudine,6.52,N/A - From RDC,SO-50102,FPQ-15259,10/24/14,ARV,104-CI-T30,31-Jul-15,Truck,Adult,60,0.11,SCMS from RDC,N/A - From RDC,See DN-4313 (ID#:83921)
30226,ASN-16096,Determine,Mozambique,04-Sep-12,04-Sep-12,MIssing,Test kit,Yes,43304.68,Direct Drop,"HIV 1/2, Determine Complete HIV Kit, 100 Tests",616.88,5500,440000.0,PMO - US,"Alere Medical Co., Ltd.","HIV 1/2, Determine Complete HIV Kit",80.0,6/13/12,SCMS-148180,FPQ-9955,5/28/12,HRDT,111-MZ-T30,04-Sep-12,Air,HIV test,100,0.8,"Orgenics, Ltd",EXW,14938
86812,DN-4177,Generic,CÃte dIvoire,29-May-15,18-Jun-15,600mg,Tablet,No,See DN-4177 (ID#:82804),From RDC,"Efavirenz 600mg, tablets, 30 Tabs",64.13,19996,62387.52,PMO - US,"Micro labs, Verna, Goa, India",Efavirenz,3.12,N/A - From RDC,SO-49090,FPQ-14370,5/23/14,ARV,104-CI-T30,29-May-15,Truck,Adult,30,0.1,SCMS from RDC,N/A - From RDC,See DN-4177 (ID#:82804)
44307,ASN-10252,Generic,South Africa,09-May-11,09-May-11,300mg,Tablet,Yes,Freight Included in Commodity Cost,Direct Drop,"Tenofovir Disoproxil Fumarate 300mg, tablets, 30 Tabs",437.56,39878,265188.7,PMO - US,"Aurobindo Unit III, India",Tenofovir Disoproxil Fumarate,6.65,12/14/10,SCMS-93530,FPQ-6708,11/26/10,ARV,161-ZA-T30,07-Apr-11,Ocean,Adult,30,0.22,Aurobindo Pharma Limited,DDP,Weight Captured Separately
82765,DN-4064,Generic,CÃte dIvoire,19-Jan-15,27-Jan-15,600mg,Tablet,Yes,46181.17,From RDC,"Efavirenz 600mg, tablets, 30 Tabs",32.07,10000,31200.0,PMO - US,"Cipla, Goa, India",Efavirenz,3.12,N/A - From RDC,SO-49052,FPQ-14370,5/23/14,ARV,104-CI-T30,16-Feb-15,Truck,Adult,30,0.1,SCMS from RDC,N/A - From RDC,24636
84065,DN-2129,Generic,Guyana,25-Mar-11,25-Mar-11,300mg,Tablet,No,See DN-2129 (ID#:83488),From RDC,"Zidovudine 300mg, tablets, 60 Tabs",21.73,1827,13172.67,PMO - US,"Aurobindo Unit III, India",Zidovudine,7.21,N/A - From RDC,SO-38840,FPQ-7128,02-04-11,ARV,105-GY-T30,31-Mar-11,Air,Adult,60,0.12,SCMS from RDC,N/A - From RDC,See DN-2129 (ID#:83488)
78949,ASN-6755,Determine,Zimbabwe,18-May-10,18-May-10,MIssing,Test kit,Yes,18212.87,Direct Drop,"HIV 1/2, Determine Complete HIV Kit, 100 Tests",297.27,1915,137880.0,PMO - US,Inverness Japan,"HIV 1/2, Determine Complete HIV Kit",72.0,2/17/10,SCMS-65360,FPQ-5018,02-02-10,HRDT,100-ZW-T30,18-May-10,Air,HIV test,100,0.72,"Orgenics, Ltd",EXW,967
70582,ASN-32231,Determine,"Congo, DRC",23-Jul-15,29-Jul-15,MIssing,Test kit,No,See ASN-32231 (ID#:13648),Direct Drop,"HIV 1/2, Determine Complete HIV Kit, 100 Tests",5.27,56,4480.0,PMO - US,"Alere Medical Co., Ltd.","HIV 1/2, Determine Complete HIV Kit",80.0,3/17/15,SCMS-280220,FPQ-16001,03-10-15,HRDT,101-CD-T30,23-Jul-15,Air,HIV test,100,0.8,"Orgenics, Ltd",EXW,See ASN-32231 (ID#:13648)
20407,ASN-28036,Generic,South Africa,29-Aug-14,29-Aug-14,300mg,Tablet,Yes,Freight Included in Commodity Cost,Direct Drop,"Tenofovir Disoproxil Fumarate 300mg, tablets, 30 Tabs",16.14,627,13051.03,PMO - US,Hetero Unit III Hyderabad IN,Tenofovir Disoproxil Fumarate,20.82,8/29/14,SCMS-199289,FPQ-12522,07-11-13,ARV,116-ZA-T30,29-Aug-14,Truck,Adult,30,0.69,S. BUYS WHOLESALER,DDP,Weight Captured Separately
83236,DN-3647,Generic,Zambia,19-May-14,13-Jun-14,200mg,Tablet,Yes,9527.17,From RDC,"Nevirapine 200mg, tablets, 60 Tabs",148.91,54470,120378.7,PMO - US,Hetero Unit III Hyderabad IN,Nevirapine,2.21,N/A - From RDC,SO-45093,FPQ-12066,4/19/13,ARV,110-ZM-T30,10-May-14,Truck,Adult,60,0.04,SCMS from RDC,N/A - From RDC,3360
13476,ASN-6395,Norvir,Mozambique,19-Mar-10,19-Mar-10,100mg,Capsule,Yes,Freight Included in Commodity Cost,Direct Drop,"Ritonavir 100mg [Norvir], capsules, cool, 84 Caps",10.52,520,5366.4,PMO - US,ABBVIE (Abbott) France,Ritonavir,10.32,9/24/09,SCMS-53520,FPQ-4107,09-02-09,ARV,111-MZ-T30,19-Mar-10,Air,Adult,84,0.12,INTERNATIONAL HEALTHCARE DISTRIBUTORS,CIP,149
10765,DN-1216,Truvada,Nigeria,08-May-09,08-May-09,300/200mg,Tablet - FDC,Yes,15128.37,From RDC,"Emtricitabine/Tenofovir Disoproxil Fumarate 200/300mg [Truvada], tablets, 30 Tabs",131.76,2561,67226.25,PMO - US,"Aspen-OSD, Port Elizabeth, SA",Emtricitabine/Tenofovir Disoproxil Fumarate,26.25,N/A - From RDC,SO-30020,Pre-PQ Process,Pre-PQ Process,ARV,151-NG-T01,08-May-09,Air Charter,Adult,30,0.88,SCMS from RDC,N/A - From RDC,235
32471,ASN-5364,Videx EC,Tanzania,27-Nov-09,27-Nov-09,400mg,Delayed-release capsules - blister,No,See ASN-5364 (ID#:16097),Direct Drop,"Didanosine EC 400mg [Videx EC], delayed-release capsules, Blister 3 x 10 Caps",724.62,15619,369701.73,PMO - US,"BMS Meymac, France",Didanosine EC,23.67,6/29/09,SCMS-47770,FPQ-3782,06-11-09,ARV,109-TZ-T30,27-Nov-09,Air,Adult,30,0.79,BRISTOL-MYERS SQUIBB,CIP,See ASN-5364 (ID#:16097)
82363,DN-2081,Generic,Zambia,07-Feb-11,07-Feb-11,150mg,Tablet,Yes,2859.16,From RDC,"Lamivudine 150mg, tablets, 60 Tabs",38.95,10131,23605.23,PMO - US,"Aurobindo Unit III, India",Lamivudine,2.33,N/A - From RDC,SO-38200,FPQ-6665,11-08-10,ARV,110-ZM-T30,20-Jan-11,Air,Adult,60,0.04,SCMS from RDC,N/A - From RDC,493
73176,ASN-24415,Generic,South Africa,06-Feb-14,06-Feb-14,20mg/ml,Oral solution,No,Freight Included in Commodity Cost,Direct Drop,"Abacavir 20mg/ml, oral solution w/syringe, Bottle, 240 ml",7.32,258,5919.28,PMO - US,"Aurobindo Unit III, India",Abacavir,22.94,12-02-13,SCMS-215370,FPQ-13035,10-08-13,ARV,116-ZA-T30,06-Feb-14,Truck,Pediatric,240,0.1,S. BUYS WHOLESALER,DDP,Weight Captured Separately
12763,DN-627,Generic,Haiti,08-Mar-08,08-Mar-08,300mg,Tablet,No,See DN-627 (ID#:10926),From RDC,"Zidovudine 300mg, tablets, 60 Tabs",39.12,3000,24450.0,PMO - US,"Aurobindo Unit III, India",Zidovudine,8.15,N/A - From RDC,SO-1285,Pre-PQ Process,Pre-PQ Process,ARV,106-HT-T01,08-Mar-08,Air,Adult,60,0.14,SCMS from RDC,N/A - From RDC,See DN-627 (ID#:10926)
82751,DN-3998,Aluvia,Nigeria,30-Oct-14,03-Nov-14,200/50mg,Tablet,Yes,20526,From RDC,"Lopinavir/Ritonavir 200/50mg [Aluvia], tablets, 120 Tabs",544.02,28000,529200.0,PMO - US,ABBVIE Ludwigshafen Germany,Lopinavir/Ritonavir,18.9,N/A - From RDC,SO-49701,FPQ-14766,8/13/14,ARV,151-NG-T30,31-Mar-15,Air Charter,Adult,120,0.16,SCMS from RDC,N/A - From RDC,6702
83886,DN-4128,Generic,Nigeria,05-Feb-15,16-Feb-15,150/300/200mg,Tablet - FDC,Yes,12045.84,From RDC,"Lamivudine/Nevirapine/Zidovudine 150/200/300mg, tablets, 60 Tabs",337.29,42500,328100.0,PMO - US,Hetero Unit III Hyderabad IN,Lamivudine/Nevirapine/Zidovudine,7.72,N/A - From RDC,SO-49683,FPQ-14766,8/13/14,ARV,151-NG-T30,28-Feb-15,Air Charter,Adult,60,0.13,SCMS from RDC,N/A - From RDC,6229
85995,DN-3298,Generic,Zambia,22-Oct-13,11-Nov-13,200mg,Tablet,No,See DN-3298 (ID#:84283),From RDC,"Nevirapine 200mg, tablets, 60 Tabs",109.53,39180,88546.8,PMO - US,Hetero Unit III Hyderabad IN,Nevirapine,2.26,N/A - From RDC,SO-44470,FPQ-11553,1/28/13,ARV,110-ZM-T30,22-Oct-13,Truck,Adult,60,0.04,SCMS from RDC,N/A - From RDC,See DN-3298 (ID#:84283)
24993,ASN-28777,Generic,Vietnam,26-Nov-14,26-Nov-14,150mg,Tablet,No,See ASN-28777 (ID#:22196),Direct Drop,"Lamivudine 150mg, tablets, 60 Tabs",25.64,14500,24940.0,PMO - US,"Micro labs, Verna, Goa, India",Lamivudine,1.72,4/30/14,SCMS-236100,FPQ-13976,04-08-14,ARV,108-VN-T30,26-Nov-14,Air,Adult,60,0.03,MICRO LABS LIMITED,EXW,See ASN-28777 (ID#:22196)
83294,DN-4053,Generic,Nigeria,29-Dec-14,06-Jan-15,600/300mg,Tablet - FDC,Yes,181.92,From RDC,"Abacavir/Lamivudine 600/300mg, tablets, 30 Tabs",7.76,558,7544.16,PMO - US,Mylan (formerly Matrix) Nashik,Abacavir/Lamivudine,13.52,N/A - From RDC,SO-48311,FPQ-13704,2/13/14,ARV,151-NG-T30,26-Jan-15,Air Charter,Adult,30,0.45,SCMS from RDC,N/A - From RDC,49
5987,ASN-2508,Determine,CÃte dIvoire,13-Oct-08,13-Oct-08,MIssing,Test kit,Yes,4015,Direct Drop,"HIV 1/2, Determine HIV Kit, without Lancets, 100 Tests",131.49,1174,82180.0,PMO - US,Inverness Japan,"HIV 1/2, Determine HIV Kit, without Lancets",70.0,8/28/08,SCMS-29160,Pre-PQ Process,Pre-PQ Process,HRDT,104-CI-T01,13-Oct-08,Air,HIV test,100,0.7,"Orgenics, Ltd",EXW,275
41368,ASN-7024,Kaletra,Haiti,29-Jun-10,29-Jun-10,80/20mg/ml,Oral solution,Yes,3806.01,Direct Drop,"Lopinavir/Ritonavir 80/20mg/ml [Kaletra], oral solution, cool, Bottle 5 x 60 ml",3.9,50,1808.0,PMO - US,ABBVIE (Abbott) Logis. UK,Lopinavir/Ritonavir,36.16,11/23/09,SCMS-58050,FPQ-4389,11-03-09,ARV,106-HT-T30,29-Jun-10,Air,Pediatric,300,0.12,ABBVIE LOGISTICS (FORMERLY ABBOTT LOGISTICS BV),FCA,100
82978,DN-2346,Generic,Haiti,01-Oct-11,01-Oct-11,200mg,Tablet,Yes,9178.48,From RDC,"Nevirapine 200mg, tablets, 60 Tabs",62.12,15000,37650.0,PMO - US,Hetero Unit III Hyderabad IN,Nevirapine,2.51,N/A - From RDC,SO-39730,FPQ-7653,05-11-11,ARV,106-HT-T30,05-Dec-11,Air,Adult,60,0.04,SCMS from RDC,N/A - From RDC,877
82763,DN-4057,Aluvia,Guyana,06-Jan-15,29-Jan-15,200/50mg,Tablet,Yes,3247.35,From RDC,"Lopinavir/Ritonavir 200/50mg [Aluvia], tablets, 120 Tabs",26.34,1184,22377.6,PMO - US,ABBVIE Ludwigshafen Germany,Lopinavir/Ritonavir,18.9,N/A - From RDC,SO-50040,FPQ-15217,10/22/14,ARV,105-GY-T30,31-Mar-15,Air,Adult,120,0.16,SCMS from RDC,N/A - From RDC,251
85904,DN-2880,Generic,CÃte dIvoire,24-Oct-12,24-Oct-12,600/300mg,Tablet - FDC,No,See DN-2880 (ID#:85310),From RDC,"Abacavir/Lamivudine 600/300mg, scored tablets, 30 Tabs",90.85,2880,64800.0,PMO - US,"Aurobindo Unit III, India",Abacavir/Lamivudine,22.5,N/A - From RDC,SO-42400,FPQ-9749,4/19/12,ARV,104-CI-T30,30-Oct-12,Truck,Adult,30,0.75,SCMS from RDC,N/A - From RDC,See DN-2880 (ID#:85310)
85812,DN-2481,Generic,Mozambique,22-Feb-12,22-Feb-12,150/300/200mg,Tablet - FDC,Yes,20179.39,From RDC,"Lamivudine/Nevirapine/Zidovudine 150/200/300mg, tablets, 60 Tabs",4628.25,250000,2805000.0,PMO - US,Mylan (formerly Matrix) Nashik,Lamivudine/Nevirapine/Zidovudine,11.22,N/A - From RDC,SO-40350,FPQ-8157,08-04-11,ARV,111-MZ-T30,29-Feb-12,Truck,Adult,60,0.19,SCMS from RDC,N/A - From RDC,32538
84530,DN-1662,Generic,CÃte dIvoire,01-Mar-10,01-Mar-10,50mg,Capsule,No,See DN-1662 (ID#:83981),From RDC,"Efavirenz 50mg, capsule, 30 Caps",7.01,1596,3575.04,PMO - US,"Aurobindo Unit III, India",Efavirenz,2.24,N/A - From RDC,SO-34410,FPQ-4378,10/15/09,ARV,104-CI-T30,09-Mar-10,Air,Pediatric,30,0.07,SCMS from RDC,N/A - From RDC,See DN-1662 (ID#:83981)
62603,ASN-32121,Prezista,South Africa,12-May-15,12-May-15,600mg,Tablet,No,Freight Included in Commodity Cost,Direct Drop,"Darunavir 600mg [Prezista], tablets, 60 Tabs",0.05,1,47.13,PMO - US,"Janssen-Cilag, Latina, IT",Darunavir,47.13,05-11-15,SCMS-259075,FPQ-14942,09-11-14,ARV,116-ZA-T30,12-May-15,Truck,Adult,60,0.79,PHARMACY DIRECT,DDP,Weight Captured Separately
85094,DN-1677,Generic,Uganda,17-Mar-10,17-Mar-10,600mg,Tablet,No,See DN-1677 (ID#:82297),From RDC,"Efavirenz 600mg, tablets, 30 Tabs",268.43,26697,136955.61,PMO - US,"Aurobindo Unit III, India",Efavirenz,5.13,N/A - From RDC,SO-35970,FPQ-4325,9/23/09,ARV,114-UG-T30,19-Mar-10,Air,Adult,30,0.17,SCMS from RDC,N/A - From RDC,See DN-1677 (ID#:82297)
72832,ASN-21709,Generic,Cameroon,30-Oct-13,29-Oct-13,300/300mg,Tablet - FDC,Yes,17568.6,Direct Drop,"Lamivudine/Tenofovir Disoproxil Fumarate 300/300mg, tablets, 30 Tabs",120.75,20993,97617.45,PMO - US,"Aurobindo Unit VII, IN",Lamivudine/Tenofovir Disoproxil Fumarate,4.65,8/23/13,SCMS-204300,FPQ-12837,8/19/13,ARV,901-CM-T30,07-Nov-13,Air,Adult,30,0.16,Aurobindo Pharma Limited,EXW,2100
30633,ASN-8001,Generic,South Africa,15-Oct-10,15-Oct-10,600mg,Tablet,Yes,4263.07,Direct Drop,"Efavirenz 600mg, tablets, 30 Tabs",404.1,40135,187430.45,PMO - US,"Aurobindo Unit III, India",Efavirenz,4.67,3/19/10,SCMS-68940,FPQ-5303,3/18/10,ARV,161-ZA-T30,07-Sep-10,Air,Adult,30,0.16,Aurobindo Pharma Limited,DDP,3764
12541,DN-1087,Generic,CÃte dIvoire,02-Mar-09,02-Mar-09,200mg,Tablet,Yes,5574.06,From RDC,"Nevirapine 200mg, tablets, 60 Tabs",132.69,22566,67698.0,PMO - US,"Aurobindo Unit III, India",Nevirapine,3.0,N/A - From RDC,SO-21870,Pre-PQ Process,Pre-PQ Process,ARV,104-CI-T01,02-Mar-09,Air,Adult,60,0.05,SCMS from RDC,N/A - From RDC,2113
70207,ASN-16123,Generic,Vietnam,09-Oct-12,09-Oct-12,150/300/200mg,Tablet - FDC,No,See ASN-16123 (ID#:20371),Direct Drop,"Lamivudine/Nevirapine/Zidovudine 150/200/300mg, tablets, 60 Tabs",166.02,12665,118417.75,PMO - US,Mylan (formerly Matrix) Nashik,Lamivudine/Nevirapine/Zidovudine,9.35,06-12-12,SCMS-145530,FPQ-9577,04-11-12,ARV,108-VN-T30,09-Oct-12,Air,Adult,60,0.16,MYLAN LABORATORIES LTD (FORMERLY MATRIX LABORATORIES),EXW,See ASN-16123 (ID#:20371)
83444,DN-1949,Generic,Uganda,02-Aug-10,02-Aug-10,150/300/200mg,Tablet - FDC,Yes,15347.04,From RDC,"Lamivudine/Nevirapine/Zidovudine 150/200/300mg, tablets, 60 Tabs",193.52,8000,89760.0,PMO - US,Mylan (formerly Matrix) Nashik,Lamivudine/Nevirapine/Zidovudine,11.22,N/A - From RDC,SO-36070,FPQ-5238,03-02-10,ARV,114-UG-T30,04-Aug-10,Air,Adult,60,0.19,SCMS from RDC,N/A - From RDC,1642
85119,DN-1847,Generic,Haiti,09-Jun-10,09-Jun-10,200mg,Capsule,No,See DN-1847 (ID#:82889),From RDC,"Efavirenz 200mg, capsule, 90 Caps",25.53,1176,11842.32,PMO - US,"Aurobindo Unit III, India",Efavirenz,10.07,N/A - From RDC,SO-36740,FPQ-5523,4/19/10,ARV,106-HT-T30,30-Jun-10,Air,Pediatric,90,0.11,SCMS from RDC,N/A - From RDC,See DN-1847 (ID#:82889)
85343,DN-3065,Generic,Uganda,20-Mar-13,20-Mar-13,30/60mg,Tablet - FDC,No,See DN-3065 (ID#:83123),From RDC,"Lamivudine/Zidovudine 30/60mg, tablets, 60 Tabs",5.94,2125,4802.5,PMO - US,Mylan (formerly Matrix) Nashik,Lamivudine/Zidovudine,2.26,N/A - From RDC,SO-43871,FPQ-11133,12/13/12,ARV,114-UG-T30,28-Jun-13,Truck,Pediatric,60,0.04,SCMS from RDC,N/A - From RDC,See DN-3065 (ID#:83123)
37481,ASN-7839,Determine,Rwanda,09-Sep-10,09-Sep-10,MIssing,Test kit,Yes,49573.62,Direct Drop,"HIV 1/2, Determine HIV Kit, without Lancets, 100 Tests",837.61,5000,388500.0,PMO - US,Inverness Japan,"HIV 1/2, Determine HIV Kit, without Lancets",77.7,7/22/10,SCMS-75790,FPQ-5792,06-07-10,HRDT,107-RW-T30,09-Sep-10,Air,HIV test,100,0.78,"Orgenics, Ltd",EXW,1136
84704,DN-2521,Generic,Haiti,13-Feb-12,13-Feb-12,150/200/30mg,Tablet - FDC,Yes,1221.01,From RDC,"Lamivudine/Nevirapine/Stavudine 150/200/30mg, tablets, 60 Tabs",1.36,180,968.4,PMO - US,"Strides, Bangalore, India.",Lamivudine/Nevirapine/Stavudine,5.38,N/A - From RDC,SO-41320,FPQ-9056,12/20/11,ARV,106-HT-T30,30-Mar-12,Air,Adult,60,0.09,SCMS from RDC,N/A - From RDC,37
12546,DN-1097,Generic,CÃte dIvoire,18-Mar-09,18-Mar-09,10mg/ml,Oral solution,Yes,7293.9,From RDC,"Zidovudine 10mg/ml, oral solution, Bottle, 240 ml",6.76,1643,3450.3,PMO - US,"Aurobindo Unit III, India",Zidovudine,2.1,N/A - From RDC,SO-21842,Pre-PQ Process,Pre-PQ Process,ARV,104-CI-T01,18-Mar-09,Air,Pediatric,240,0.01,SCMS from RDC,N/A - From RDC,483
84790,DN-3030,Generic,Zimbabwe,14-Mar-13,14-Mar-13,200mg,Tablet,No,See DN-3030 (ID#:82549),From RDC,"Nevirapine 200mg, tablets, 60 Tabs",559.86,176693,399326.18,PMO - US,Hetero Unit III Hyderabad IN,Nevirapine,2.26,N/A - From RDC,SO-43210,FPQ-10632,09-11-12,ARV,113-ZW-T30,14-Mar-13,Truck,Adult,60,0.04,SCMS from RDC,N/A - From RDC,See DN-3030 (ID#:82549)
85644,DN-1577,Generic,CÃte dIvoire,14-Dec-09,14-Dec-09,150/200/30mg,Tablet - FDC,Yes,2698.22,From RDC,"Lamivudine/Nevirapine/Stavudine 150/200/30mg, tablets, 60 Tabs",117.8,9024,60099.84,PMO - US,"Strides, Bangalore, India.",Lamivudine/Nevirapine/Stavudine,6.66,N/A - From RDC,SO-34390,FPQ-4378,10/15/09,ARV,104-CI-T30,17-Dec-09,Air,Adult,60,0.11,SCMS from RDC,N/A - From RDC,680
37251,ASN-10451,Bioline,Sudan,29-Apr-11,29-Apr-11,MIssing,Test kit - Ancillary,Yes,137.5,Direct Drop,"HIV 1/2, Bioline 3.0 Diluent, 25 Tests, Bottle x 5 ml",0.02,13,11.7,PMO - US,"Standard Diagnostics, Korea","HIV 1/2, Bioline 3.0 Diluent, 25 Tests",0.9,03-02-11,SCMS-100301,FPQ-6991,02-05-11,HRDT,102-SD-T30,29-Apr-11,Air,HIV test - Ancillary,1,0.9,"Standard Diagnostics, Inc.",EXW,1
85987,DN-3271,Generic,Uganda,02-Sep-13,02-Sep-13,150/300/200mg,Tablet - FDC,No,See DN-3271 (ID#:85394),From RDC,"Lamivudine/Nevirapine/Zidovudine 150/200/300mg, tablets, 60 Tabs",148.69,14010,120205.8,PMO - US,"Cipla, Goa, India",Lamivudine/Nevirapine/Zidovudine,8.58,N/A - From RDC,SO-45460,FPQ-12253,05-08-13,ARV,114-UG-T30,02-Sep-13,Air,Adult,60,0.14,SCMS from RDC,N/A - From RDC,See DN-3271 (ID#:85394)
10664,DN-561,LAV,CÃte dIvoire,17-Jan-08,17-Jan-08,MIssing,Test kit,Yes,1148,From RDC,"HIV 2, New LAV Blot 2 HIV Kit, 18 Tests",4.44,9,2773.53,PMO - US,Bio-Rad Laboratories,"HIV 2, New LAV Blot 2 HIV Kit",308.17,N/A - From RDC,SO-1278,Pre-PQ Process,Pre-PQ Process,HRDT,104-CI-T01,17-Jan-08,Air,HIV test,18,17.12,SCMS from RDC,N/A - From RDC,13
86685,DN-3719,Generic,Nigeria,09-May-14,23-May-14,30/50/60mg,Chewable/dispersible tablet - FDC,No,See DN-3719 (ID#:85477),From RDC,"Lamivudine/Nevirapine/Zidovudine 30/50/60mg, dispersible tablets, 60 Tabs",45.57,11820,44325.0,PMO - US,"Strides, Bangalore, India.",Lamivudine/Nevirapine/Zidovudine,3.75,N/A - From RDC,SO-47284,FPQ-13293,11/19/13,ARV,151-NG-T30,30-Jun-14,Air Charter,Pediatric,60,0.06,SCMS from RDC,N/A - From RDC,See DN-3719 (ID#:85477)
58025,ASN-8943,Reyataz,Dominican Republic,30-Nov-10,30-Nov-10,150mg,Capsule,Yes,Freight Included in Commodity Cost,Direct Drop,"Atazanavir 150mg [Reyataz], capsules, 60 Caps",132.62,204,61512.12,PMO - US,"BMS Evansville, US",Atazanavir,301.53,9/17/10,SCMS-85620,FPQ-6128,9/14/10,ARV,100-DO-T30,30-Nov-10,Air,Pediatric,60,5.03,IDIS LIMITED,DDU,Weight Captured Separately
19863,ASN-33470,Generic,South Africa,24-Jul-15,24-Jul-15,150/300mg,Tablet - FDC,No,Freight Included in Commodity Cost,Direct Drop,"Lamivudine/Zidovudine 150/300mg, tablets, 60 Tabs",0.54,23,528.93,PMO - US,"Aurobindo Unit III, India",Lamivudine/Zidovudine,23.0,10-09-14,SCMS-259078,FPQ-14942,09-11-14,ARV,116-ZA-T30,24-Jul-15,Truck,Adult,60,0.38,PHARMACY DIRECT,DDP,Weight Captured Separately
82968,DN-2310,Generic,Haiti,11-Aug-11,11-Aug-11,10mg/ml,Oral solution,Yes,96669.4,From RDC,"Zidovudine 10mg/ml, oral solution w/syringe, Bottle, 240 ml",30.38,8768,18412.8,PMO - US,"Aurobindo Unit III, India",Zidovudine,2.1,N/A - From RDC,SO-38213,FPQ-6801,12/14/10,ARV,106-HT-T30,19-Jul-11,Air,Pediatric,240,0.01,SCMS from RDC,N/A - From RDC,10030
86551,DN-3027,Generic,Nigeria,25-Feb-13,25-Feb-13,200/300mg,Tablet - FDC,Yes,37242.5,From RDC,"Emtricitabine/Tenofovir Disoproxil Fumarate 200/300mg, tablets, 30 Tabs",567.63,66700,404869.0,PMO - US,"Aurobindo Unit III, India",Emtricitabine/Tenofovir Disoproxil Fumarate,6.07,N/A - From RDC,SO-43047,FPQ-10477,08-09-12,ARV,151-NG-T30,15-Mar-13,Air Charter,Adult,30,0.2,SCMS from RDC,N/A - From RDC,12046
24297,ASN-26540,Generic,"Congo, DRC",09-Oct-14,21-Oct-14,500/25mg,Tablet - FDC,Yes,5914,Direct Drop,"Sulfadoxine/Pyrimethamine 500/25mg, tablets, 1000 Tabs",26.4,1070,25680.0,PMO - US,"Micro Labs, Hosur, India",Sulfadoxine/Pyrimethamine,24.0,5/23/14,SCMS-240240,FPQ-14244,5/15/14,ANTM,101-CD-T30,09-Oct-14,Air,Malaria,1000,0.02,AMSTELFARMA B.V.,EXW,902
86397,DN-2302,Generic,Mozambique,15-Sep-11,15-Sep-11,150/300mg,Tablet - FDC,No,See DN-2302 (ID#:82967),From RDC,"Lamivudine/Zidovudine 150/300mg, tablets, 60 Tabs",371.14,26308,224933.4,PMO - US,"Aurobindo Unit VII, IN",Lamivudine/Zidovudine,8.55,N/A - From RDC,SO-38633,FPQ-7053,1/24/11,ARV,111-MZ-T30,31-Aug-11,Truck,Adult,60,0.14,SCMS from RDC,N/A - From RDC,See DN-2302 (ID#:82967)
57727,ASN-6952,Determine,Botswana,15-Jun-10,15-Jun-10,MIssing,Test kit,Yes,584.1,Direct Drop,"HIV 1/2, Determine HIV Kit, without Lancets, 100 Tests",1.1,8,560.0,PMO - US,Inverness Japan,"HIV 1/2, Determine HIV Kit, without Lancets",70.0,9/29/09,SCMS-54020,FPQ-4167,09-09-09,HRDT,144-BW-T30,15-Jun-10,Air,HIV test,100,0.7,"Orgenics, Ltd",EXW,3
69528,ASN-17167,Determine,Nigeria,27-Nov-12,27-Nov-12,MIssing,Test kit,Yes,28734.43,Direct Drop,"HIV 1/2, Determine Complete HIV Kit, 100 Tests",342.39,2744,244216.0,PMO - US,"Alere Medical Co., Ltd.","HIV 1/2, Determine Complete HIV Kit",89.0,8/13/12,SCMS-155321,FPQ-10349,7/17/12,HRDT,133-NG-T30,28-Nov-12,Air,HIV test,100,0.89,"Orgenics, Ltd",EXW,1303
10550,DN-46,Generic,CÃte dIvoire,04-May-07,04-May-07,150/300mg,Tablet - FDC,Yes,2601,From RDC,"Lamivudine/Zidovudine 150/300mg, tablets, 60 Tabs",MIssing,1778,18224.5,PMO - US,"Aurobindo Unit III, India",Lamivudine/Zidovudine,10.25,N/A - From RDC,SO-284,Pre-PQ Process,Pre-PQ Process,ARV,100-CI-T01,04-May-07,MIssing,Adult,60,0.17,SCMS from RDC,N/A - From RDC,716
11815,DN-439,LAV,CÃte dIvoire,16-Nov-07,16-Nov-07,MIssing,Test kit,Yes,1278,From RDC,"HIV 2, New LAV Blot 2 HIV Kit, 18 Tests",5.92,12,3698.04,PMO - US,Bio-Rad Laboratories,"HIV 2, New LAV Blot 2 HIV Kit",308.17,N/A - From RDC,SO-1277,Pre-PQ Process,Pre-PQ Process,HRDT,104-CI-T01,16-Nov-07,Air,HIV test,18,17.12,SCMS from RDC,N/A - From RDC,39
15642,ASN-9660,Generic,Rwanda,09-Feb-11,09-Feb-11,200/50mg,Tablet,Yes,Freight Included in Commodity Cost,Direct Drop,"Lopinavir/Ritonavir 200/50mg, tablets, 120 Tabs",183.84,2486,85269.8,PMO - US,Cipla Ltd A-42 MIDC Mahar. IN,Lopinavir/Ritonavir,34.3,9/27/10,SCMS-84411,FPQ-6185,09-03-10,ARV,107-RW-T30,09-Feb-11,Air,Adult,120,0.29,CIPLA LIMITED,CIP,4354
46127,ASN-11548,Generic,Rwanda,17-Oct-11,17-Oct-11,200mg,Tablet,Yes,82095.85,Direct Drop,"Nevirapine 200mg, tablets, 60 Tabs",1241.27,236925,575727.75,PMO - US,Hetero Unit III Hyderabad IN,Nevirapine,2.43,9/28/10,SCMS-84990,FPQ-6341,09-03-10,ARV,107-RW-T30,17-Oct-11,Ocean,Adult,60,0.04,HETERO LABS LIMITED,EXW,13622
12001,DN-1386,Generic,Zambia,15-Sep-09,15-Sep-09,150/300mg,Tablet - FDC,No,See DN-1386 (ID#:11673),From RDC,"Lamivudine/Zidovudine 150/300mg, tablets, 60 Tabs",1854.32,108000,946080.0,PMO - US,"Aurobindo Unit III, India",Lamivudine/Zidovudine,8.76,N/A - From RDC,SO-29040,Pre-PQ Process,Date Not Captured,ARV,110-ZM-T01,15-Sep-09,Truck,Adult,60,0.15,SCMS from RDC,N/A - From RDC,See DN-1386 (ID#:11673)
84710,DN-2551,Generic,CÃte dIvoire,24-Feb-12,24-Feb-12,200/300mg,Tablet - FDC,No,See DN-2551 (ID#:82452),From RDC,"Emtricitabine/Tenofovir Disoproxil Fumarate 200/300mg, tablets, 30 Tabs",155.35,10760,94150.0,PMO - US,"Aurobindo Unit III, India",Emtricitabine/Tenofovir Disoproxil Fumarate,8.75,N/A - From RDC,SO-40820,FPQ-8363,8/29/11,ARV,104-CI-T30,02-Mar-12,Truck,Adult,30,0.29,SCMS from RDC,N/A - From RDC,See DN-2551 (ID#:82452)
11250,DN-786,Generic,CÃte dIvoire,27-Jun-08,27-Jun-08,200mg,Capsule,Yes,6299.56,From RDC,"Efavirenz 200mg, capsule, 90 Caps",99.46,3885,62160.0,PMO - US,"Aurobindo Unit III, India",Efavirenz,16.0,N/A - From RDC,SO-2705,Pre-PQ Process,Pre-PQ Process,ARV,104-CI-T01,27-Jun-08,Air,Pediatric,90,0.18,SCMS from RDC,N/A - From RDC,467
86115,DN-3822,Generic,Zambia,03-Sep-14,06-Oct-14,300mg,Tablet,No,See DN-3822 (ID#:84390),From RDC,"Zidovudine 300mg, tablets, 60 Tabs",39.87,7130,38787.2,PMO - US,"Aurobindo Unit III, India",Zidovudine,5.44,N/A - From RDC,SO-47991,FPQ-13692,02-06-14,ARV,110-ZM-T30,14-Jul-14,Truck,Adult,60,0.09,SCMS from RDC,N/A - From RDC,See DN-3822 (ID#:84390)
86574,DN-3182,Generic,Mozambique,26-Jul-13,26-Jul-13,150/300mg,Tablet - FDC,No,Freight Included in Commodity Cost,From RDC,"Lamivudine/Zidovudine 150/300mg, tablets, 60 Tabs",281.49,32508,227556.0,PMO - US,Hetero Unit III Hyderabad IN,Lamivudine/Zidovudine,7.0,N/A - From RDC,SO-43770,FPQ-11033,11-12-12,ARV,111-MZ-T30,26-Jul-13,Truck,Adult,60,0.12,SCMS from RDC,N/A - From RDC,Weight Captured Separately
19670,ASN-33852,Generic,South Africa,24-Aug-15,24-Aug-15,300mg,Tablet,No,Freight Included in Commodity Cost,Direct Drop,"Abacavir 300mg, tablets, 60 Tabs",4.52,82,4392.17,PMO - US,"Aurobindo Unit III, India",Abacavir,53.56,10-09-14,SCMS-259079,FPQ-14942,09-11-14,ARV,116-ZA-T30,24-Aug-15,Truck,Adult,60,0.89,PHARMACY DIRECT,DDP,Weight Captured Separately
50758,ASN-5791,Bioline,Tanzania,10-Feb-10,10-Feb-10,MIssing,Test kit,Yes,28620.81,Direct Drop,"HIV 1/2, Bioline 3.0 Kit, (no accessories), 30 Tests",564.01,11990,287760.0,PMO - US,"Standard Diagnostics, Korea","HIV 1/2, Bioline 3.0 Kit (no accessories)",24.0,09-03-09,SCMS-52770,FPQ-4157,8/27/09,HRDT,109-TZ-T30,10-Feb-10,Air,HIV test,30,0.8,"Standard Diagnostics, Inc.",EXW,3997
76938,ASN-9194,Generic,South Africa,27-Jan-11,27-Jan-11,300mg,Tablet,Yes,7905.96,Direct Drop,"Tenofovir Disoproxil Fumarate 300mg, tablets, 30 Tabs",833.62,58143,386650.95,PMO - US,"Aurobindo Unit III, India",Tenofovir Disoproxil Fumarate,6.65,9/24/10,SCMS-83830,FPQ-6262,8/31/10,ARV,161-ZA-T30,06-Jan-11,Ocean,Adult,30,0.22,Aurobindo Pharma Limited,DDP,5427
86349,DN-2047,Generic,Nigeria,09-Nov-10,09-Nov-10,200mg,Tablet,No,See DN-2047 (ID#:82925),From RDC,"Nevirapine 200mg, tablets, 60 Tabs",61.31,11022,28436.76,PMO - US,"Aurobindo Unit III, India",Nevirapine,2.58,N/A - From RDC,SO-37920,FPQ-5688,5/27/10,ARV,151-NG-T30,18-Nov-10,Air Charter,Adult,60,0.04,SCMS from RDC,N/A - From RDC,See DN-2047 (ID#:82925)
83388,DN-1590,Stocrin/Sustiva,Haiti,17-Dec-09,17-Dec-09,30mg/ml,Oral solution,Yes,8329.13,From RDC,"Efavirenz 30mg/ml [Stocrin/Sustiva], oral solution, Bottle, 180 ml",8.41,230,3900.8,PMO - US,"MSD, Haarlem, NL",Efavirenz,16.96,N/A - From RDC,SO-34720,FPQ-4384,10/23/09,ARV,106-HT-T30,25-Dec-09,Air Charter,Pediatric,180,0.09,SCMS from RDC,N/A - From RDC,132
14440,ASN-9807,Ziagen,South Africa,09-Feb-11,09-Feb-11,20mg/ml,Oral solution,Yes,Freight Included in Commodity Cost,Direct Drop,"Abacavir 20mg/ml [Ziagen], oral solution, Bottle, 240 ml",604.89,28000,280560.0,PMO - US,GSK Mississauga (Canada),Abacavir,10.02,11/19/10,SCMS-91340,FPQ-6262,8/31/10,ARV,161-ZA-T30,09-Feb-11,Air,Pediatric,240,0.04,ASPEN PHARMACARE,DDP,Weight Captured Separately
79271,ASN-27975,Generic,South Africa,27-Aug-14,27-Aug-14,150mg,Tablet,No,Freight Included in Commodity Cost,Direct Drop,"Lamivudine 150mg, tablets, 60 Tabs",0.01,1,9.85,PMO - US,Hetero Unit III Hyderabad IN,Lamivudine,9.85,8/27/14,SCMS-199283,FPQ-12522,07-11-13,ARV,116-ZA-T30,27-Aug-14,Truck,Adult,60,0.16,S. BUYS WHOLESALER,DDP,Weight Captured Separately
86066,DN-3618,Generic,Nigeria,17-Apr-14,02-May-14,600/300/300mg,Tablet - FDC,Yes,29674.92,From RDC,"Efavirenz/Lamivudine/Tenofovir Disoproxil Fumarate 600/300/300mg, tablets, 30 Tabs",5230.81,401961,4228629.72,PMO - US,Hetero Unit III Hyderabad IN,Efavirenz/Lamivudine/Tenofovir Disoproxil Fumarate,10.52,N/A - From RDC,SO-46550,FPQ-12801,08-06-13,ARV,151-NG-T30,15-Apr-14,Air Charter,Adult,30,0.35,SCMS from RDC,N/A - From RDC,59322
38253,ASN-11311,Generic,Vietnam,27-Jul-11,27-Jul-11,300mg,Tablet,Yes,9141.18,Direct Drop,"Tenofovir Disoproxil Fumarate 300mg, tablets, 30 Tabs",89.96,8388,54522.0,PMO - US,Mylan (formerly Matrix) Nashik,Tenofovir Disoproxil Fumarate,6.5,2/15/11,SCMS-97852,FPQ-6818,1/17/11,ARV,108-VN-T30,27-Jul-11,Air,Adult,30,0.22,MYLAN LABORATORIES LTD (FORMERLY MATRIX LABORATORIES),EXW,544
9081,ASN-4332,Generic,South Africa,23-Apr-09,23-Apr-09,10mg/ml,Oral solution,No,See ASN-4332 (ID#:1115),Direct Drop,"Zidovudine 10mg/ml, oral solution, Bottle, 240 ml",2.37,200,1208.0,PMO - US,"Aurobindo Unit III, India",Zidovudine,6.04,04-02-09,SCMS-47500,Pre-PQ Process,Pre-PQ Process,ARV,116-ZA-T01,15-May-09,Truck,Pediatric,240,0.03,S. BUYS WHOLESALER,DDP,See ASN-4332 (ID#:1115)
85248,DN-2605,Generic,Zimbabwe,10-Apr-12,10-Apr-12,150/30mg,Tablet - FDC,No,See DN-2605 (ID#:82467),From RDC,"Lamivudine/Stavudine 150/30mg, tablets, 60 Tabs",34.8,7150,21092.5,PMO - US,"Strides, Bangalore, India.",Lamivudine/Stavudine,2.95,N/A - From RDC,SO-40850,FPQ-8464,10-04-11,ARV,113-ZW-T30,13-Apr-12,Truck,Adult,60,0.05,SCMS from RDC,N/A - From RDC,See DN-2605 (ID#:82467)
10733,DN-850,Generic,Mozambique,05-Sep-08,05-Sep-08,150mg,Tablet,Yes,3227.48,From RDC,"Lamivudine 150mg, tablets, 60 Tabs",2.46,528,1536.48,PMO - US,"Aurobindo Unit III, India",Lamivudine,2.91,N/A - From RDC,SO-2424,Pre-PQ Process,Pre-PQ Process,ARV,111-MZ-T01,05-Sep-08,Air,Adult,60,0.05,SCMS from RDC,N/A - From RDC,4211
29020,ASN-9923,Generic,Dominican Republic,08-Mar-11,08-Mar-11,250mg,Delayed-release capsules,Yes,3026.24,Direct Drop,"Didanosine 250mg, delayed-release capsules, 30 Caps",109.4,5100,66300.0,PMO - US,"Aurobindo Unit III, India",Didanosine,13.0,12-01-10,SCMS-93370,FPQ-6615,11-10-10,ARV,200-DO-T30,08-Mar-11,Air,Adult,30,0.43,Aurobindo Pharma Limited,EXW,319
83969,DN-1573,Generic,Zambia,03-Dec-09,03-Dec-09,200mg,Tablet,Yes,8104.79,From RDC,"Nevirapine 200mg, tablets, 60 Tabs",168.72,29683,86080.7,PMO - US,"Cipla, Goa, India",Nevirapine,2.9,N/A - From RDC,SO-34760,FPQ-4035,08-05-09,ARV,110-ZM-T30,15-Jan-10,Truck,Adult,60,0.05,SCMS from RDC,N/A - From RDC,3254
81581,ASN-19166,Zerit,South Africa,16-Apr-13,16-Apr-13,20mg,Capsule,No,Freight Included in Commodity Cost,Direct Drop,"Stavudine 20mg [Zerit], capsules, 60 Caps",0.45,71,367.73,South Africa Field Office,Bristol-Myers Squibb Anagni IT,Stavudine,5.18,Date Not Captured,SCMS-183950,FPQ-11828,3/18/13,ARV,116-ZA-T30,16-Apr-13,Truck,Adult,60,0.09,S. BUYS WHOLESALER,DDP,Weight Captured Separately
82568,DN-3108,Generic,Mozambique,04-Jul-13,04-Jul-13,600mg,Tablet,Yes,9758.5,From RDC,"Efavirenz 600mg, tablets, 30 Tabs",70.18,17037,56733.21,PMO - US,"Strides, Bangalore, India.",Efavirenz,3.33,N/A - From RDC,SO-44810,FPQ-11882,3/19/13,ARV,111-MZ-T30,04-Jul-13,Air,Adult,30,0.11,SCMS from RDC,N/A - From RDC,1750
10737,DN-1052,Generic,Ethiopia,03-Mar-09,03-Mar-09,600mg,Tablet,Yes,16901.37,From RDC,"Efavirenz 600mg, tablets, 30 Tabs",602.1,28926,307194.12,PMO - US,Mylan (formerly Matrix) Nashik,Efavirenz,10.62,N/A - From RDC,SO-22020,Pre-PQ Process,Pre-PQ Process,ARV,117-ET-T01,03-Mar-09,Air,Adult,30,0.35,SCMS from RDC,N/A - From RDC,4593
85128,DN-1934,Generic,Nigeria,28-Jun-10,28-Jun-10,300/300mg,Tablet - FDC,Yes,Freight Included in Commodity Cost,From RDC,"Lamivudine/Tenofovir Disoproxil Fumarate 300/300mg, tablets, 30 Tabs",970.2,45000,450000.0,PMO - US,Mylan (formerly Matrix) Nashik,Lamivudine/Tenofovir Disoproxil Fumarate,10.0,N/A - From RDC,SO-36470,FPQ-5023,02-10-10,ARV,151-NG-T30,15-Jul-10,Air,Adult,30,0.33,SCMS from RDC,N/A - From RDC,4050
84780,DN-2989,Generic,Zimbabwe,11-Feb-13,11-Feb-13,600mg,Tablet,No,See DN-2989 (ID#:84216),From RDC,"Efavirenz 600mg, tablets, 30 Tabs",3.17,636,2264.16,PMO - US,"Strides, Bangalore, India.",Efavirenz,3.56,N/A - From RDC,SO-43220,FPQ-10632,09-11-12,ARV,113-ZW-T30,11-Feb-13,Truck,Adult,30,0.12,SCMS from RDC,N/A - From RDC,See DN-2989 (ID#:84216)
12003,DN-1398,Generic,CÃte dIvoire,08-Sep-09,08-Sep-09,200mg,Capsule,No,See DN-1398 (ID#:11679),From RDC,"Efavirenz 200mg, capsule, 90 Caps",62.88,2520,32079.6,PMO - US,"Aurobindo Unit III, India",Efavirenz,12.73,N/A - From RDC,SO-32240,Pre-PQ Process,Date Not Captured,ARV,104-CI-T01,08-Sep-09,Air,Pediatric,90,0.14,SCMS from RDC,N/A - From RDC,See DN-1398 (ID#:11679)
5281,ASN-276,Generic,Vietnam,14-Mar-07,14-Mar-07,300mg,Tablet,No,See ASN-276 (ID#:2686),Direct Drop,"Abacavir 300mg, tablets, 60 Tabs",MIssing,700,30835.0,PMO - US,"Aurobindo Unit III, India",Abacavir,44.05,11/14/06,SCMS-168,Pre-PQ Process,Pre-PQ Process,ARV,108-VN-T01,14-Mar-07,Air,Adult,60,0.73,Aurobindo Pharma Limited,EXW,See ASN-276 (ID#:2686)
82343,DN-1954,Generic,Tanzania,23-Aug-10,23-Aug-10,300mg,Tablet,Yes,1647.25,From RDC,"Abacavir 300mg, tablets, 60 Tabs",827.28,23340,383709.6,PMO - US,Mylan (formerly Matrix) Nashik,Abacavir,16.44,N/A - From RDC,SO-36620,FPQ-5436,04-01-10,ARV,109-TZ-T30,31-Aug-10,Air,Adult,60,0.27,SCMS from RDC,N/A - From RDC,2344
69235,ASN-27609,Intelence,South Africa,05-Aug-14,05-Aug-14,100mg,Tablet,No,Freight Included in Commodity Cost,Direct Drop,"Etravirine 100mg [Intelence], tablets, 120 Tabs",0.87,24,850.06,PMO - US,"Janssen-Cilag, Latina, IT",Etravirine,35.42,08-05-14,SCMS-238552,FPQ-13973,4/30/14,ARV,116-ZA-T30,05-Aug-14,Truck,Adult,120,0.3,PHARMACY DIRECT,DDP,Weight Captured Separately
83959,DN-1504,Generic,Zambia,13-Nov-09,13-Nov-09,600mg,Tablet,Yes,9935.88,From RDC,"Efavirenz 600mg, tablets, 30 Tabs",691.73,61059,352921.02,PMO - US,"Emcure Plot No.P-2, I.T-B.T. Park, Phase II, MIDC, Hinjwadi, Pune, India",Efavirenz,5.78,N/A - From RDC,SO-34330,FPQ-4035,08-05-09,ARV,110-ZM-T30,15-Nov-09,Truck,Adult,30,0.19,SCMS from RDC,N/A - From RDC,4305
82256,ASN-5458,Viramune,South Africa,27-Oct-09,27-Oct-09,200mg,Tablet,No,Freight Included in Commodity Cost,Direct Drop,"Nevirapine 200mg [Viramune], tablets, 60 Tabs",95.53,2400,48739.72,PMO - US,"Boehringer Ing., Koropi, GR",Nevirapine,20.31,9/22/09,SCMS-50370,FPQ-3596,05-07-09,ARV,116-ZA-T30,29-Oct-09,Truck,Adult,60,0.34,S. BUYS WHOLESALER,DDP,Weight Captured Separately
84306,DN-3409,Generic,Guyana,30-Nov-13,23-Dec-13,200/300mg,Tablet - FDC,Yes,4523,From RDC,"Emtricitabine/Tenofovir Disoproxil Fumarate 200/300mg, tablets, 30 Tabs",24.7,3402,19969.74,PMO - US,"Aurobindo Unit III, India",Emtricitabine/Tenofovir Disoproxil Fumarate,5.87,N/A - From RDC,SO-46100,FPQ-12619,7/16/13,ARV,105-GY-T30,31-Dec-13,Air,Adult,30,0.2,SCMS from RDC,N/A - From RDC,392
10355,ASN-3758,Truvada,South Africa,11-Feb-09,11-Feb-09,300/200mg,Tablet - FDC,Yes,Freight Included in Commodity Cost,Direct Drop,"Emtricitabine/Tenofovir Disoproxil Fumarate 200/300mg [Truvada], tablets, 30 Tabs",4.98,80,2542.4,PMO - US,"Aspen-OSD, Port Elizabeth, SA",Emtricitabine/Tenofovir Disoproxil Fumarate,31.78,Date Not Captured,SCMS-41230,Pre-PQ Process,Pre-PQ Process,ARV,116-ZA-T01,01-Apr-09,Air,Adult,30,1.06,S. BUYS WHOLESALER,DDP,Weight Captured Separately
28595,ASN-27812,Generic,Vietnam,22-Sep-14,04-Nov-14,600/300/300mg,Tablet - FDC,No,See ASN-27812 (ID#:25926),Direct Drop,"Efavirenz/Lamivudine/Tenofovir Disoproxil Fumarate 600/300/300mg, tablets, 30 Tabs",93.26,8640,90720.0,PMO - US,Hetero Unit III Hyderabad IN,Efavirenz/Lamivudine/Tenofovir Disoproxil Fumarate,10.5,4/30/14,SCMS-236060,FPQ-13976,04-08-14,ARV,108-VN-T30,22-Sep-14,Air,Adult,30,0.35,HETERO LABS LIMITED,EXW,See ASN-27812 (ID#:25926)
82811,DN-4310,Generic,Uganda,23-Jul-15,23-Jul-15,150/300mg,Tablet - FDC,Yes,Invoiced Separately,From RDC,"Lamivudine/Zidovudine 150/300mg, tablets, 60 Tabs",677.82,88327,575892.04,PMO - US,Hetero Unit III Hyderabad IN,Lamivudine/Zidovudine,6.52,N/A - From RDC,SO-50660,FPQ-15639,12/22/14,ARV,114-UG-T30,31-Jul-15,Truck,Adult,60,0.11,SCMS from RDC,N/A - From RDC,Weight Captured Separately
84234,DN-3046,Generic,CÃte dIvoire,08-Mar-13,08-Mar-13,200/50mg,Tablet,No,See DN-3046 (ID#:83119),From RDC,"Lopinavir/Ritonavir 200/50mg, tablets, 120 Tabs",294.23,8476,209865.76,PMO - US,"Aurobindo Unit III, India",Lopinavir/Ritonavir,24.76,N/A - From RDC,SO-43340,FPQ-10633,09-11-12,ARV,104-CI-T30,30-Apr-13,Truck,Adult,120,0.21,SCMS from RDC,N/A - From RDC,See DN-3046 (ID#:83119)
84639,DN-2161,Generic,CÃte dIvoire,07-Jun-11,07-Jun-11,300mg,Tablet,Yes,4516.67,From RDC,"Abacavir 300mg, tablets, 60 Tabs",60.95,2383,36936.5,PMO - US,"Aurobindo Unit III, India",Abacavir,15.5,N/A - From RDC,SO-38570,FPQ-6891,12/21/10,ARV,104-CI-T30,30-Jun-11,Air,Adult,60,0.26,SCMS from RDC,N/A - From RDC,882
83625,DN-2869,Generic,CÃte dIvoire,05-Oct-12,05-Oct-12,300mg,Tablet,Yes,1984.83,From RDC,"Tenofovir Disoproxil Fumarate 300mg, tablets, 30 Tabs",19.14,2832,13650.24,PMO - US,Mylan (formerly Matrix) Nashik,Tenofovir Disoproxil Fumarate,4.82,N/A - From RDC,SO-42383,FPQ-9749,4/19/12,ARV,104-CI-T30,30-Nov-12,Truck,Adult,30,0.16,SCMS from RDC,N/A - From RDC,159
82905,DN-1942,Generic,Nigeria,28-Jun-10,28-Jun-10,150/300mg,Tablet - FDC,Yes,Freight Included in Commodity Cost,From RDC,"Lamivudine/Zidovudine 150/300mg, tablets, 60 Tabs",1.51,80,700.8,PMO - US,Mylan (formerly Matrix) Nashik,Lamivudine/Zidovudine,8.76,N/A - From RDC,SO-36546,FPQ-5023,02-10-10,ARV,151-NG-T30,15-Jul-10,Air,Adult,60,0.15,SCMS from RDC,N/A - From RDC,7
17145,ASN-13948,Determine,Pakistan,29-Jun-12,29-Jun-12,MIssing,Test kit,Yes,14959.83,Direct Drop,"HIV 1/2, Determine Complete HIV Kit, 100 Tests",263.8,2352,188160.0,PMO - US,"Alere Medical Co., Ltd.","HIV 1/2, Determine Complete HIV Kit",80.0,1/17/12,SCMS-132510,FPQ-9019,12/27/11,HRDT,110-PK-T30,29-Jun-12,Air,HIV test,100,0.8,"Orgenics, Ltd",EXW,1117
11969,DN-1231,Generic,Mozambique,28-Jun-09,28-Jun-09,30mg,Capsule,No,See DN-1231 (ID#:11044),From RDC,"Stavudine 30mg, capsules, 60 Caps",1.84,630,938.7,PMO - US,"Strides, Bangalore, India.",Stavudine,1.49,N/A - From RDC,SO-30440,Pre-PQ Process,Pre-PQ Process,ARV,111-MZ-T01,28-Jun-09,Truck,Adult,60,0.02,SCMS from RDC,N/A - From RDC,See DN-1231 (ID#:11044)
42215,ASN-32107,Determine,South Sudan,07-Jul-15,07-Jul-15,MIssing,Test kit - Ancillary,No,See ASN-32107 (ID#:16391),Direct Drop,"Chase Buffer, Determine, 100 Tests, 2.5ml x 1 Vial",0.29,50,250.0,PMO - US,"Alere Medical Co., Ltd.","Chase Buffer, Determine, 100 Tests, 2.5ml x 1 Vial",5.0,2/20/15,SCMS-272170,FPQ-15569,12/29/14,HRDT,105-SS-T30,02-Jul-15,Air,HIV test - Ancillary,1,5.0,"Orgenics, Ltd",EXW,See ASN-32107 (ID#:16391)
11354,DN-1441,Generic,Nigeria,20-Oct-09,20-Oct-09,200/300mg,Tablet - FDC,Yes,9341.49,From RDC,"Emtricitabine/Tenofovir Disoproxil Fumarate 200/300mg, tablets, 30 Tabs",575.75,25000,293750.0,PMO - US,Mylan (formerly Matrix) Nashik,Emtricitabine/Tenofovir Disoproxil Fumarate,11.75,N/A - From RDC,SO-27822,Pre-PQ Process,Date Not Captured,ARV,151-NG-T01,20-Oct-09,Air Charter,Adult,30,0.39,SCMS from RDC,N/A - From RDC,2023
79646,ASN-18603,Generic,Tanzania,23-Apr-13,23-Apr-13,300/100mg,Tablet,Yes,8344.86,Direct Drop,"Atazanavir/Ritonavir 300/100mg, tablets, 30 Tabs",357.09,12830,288675.0,PMO - US,Mylan (formerly Matrix) Nashik,Atazanavir/Ritonavir,22.5,2/20/13,SCMS-175460,FPQ-11427,1/15/13,ARV,109-TZ-T30,23-Apr-13,Air,Adult,30,0.75,MYLAN LABORATORIES LTD (FORMERLY MATRIX LABORATORIES),EXW,1710
84501,DN-1456,Generic,Nigeria,20-Oct-09,20-Oct-09,200mg,Capsule,No,See DN-1456 (ID#:83952),From RDC,"Efavirenz 200mg, capsule, 90 Caps",4.75,200,2424.0,PMO - US,"Aurobindo Unit III, India",Efavirenz,12.12,N/A - From RDC,SO-32980,FPQ-4040,7/29/09,ARV,112-NG-T30,15-Oct-09,Air Charter,Pediatric,90,0.13,SCMS from RDC,N/A - From RDC,See DN-1456 (ID#:83952)
11641,DN-1235,Generic,Ghana,12-Aug-09,12-Aug-09,20mg/ml,Oral solution,No,See DN-1235 (ID#:10769),From RDC,"Abacavir 20mg/ml, oral solution, Bottle, 240 ml",0.01,374,3.74,PMO - US,"Aurobindo Unit III, India",Abacavir,0.01,N/A - From RDC,SO-30700,Pre-PQ Process,Date Not Captured,ARV,100-GH-T01,12-Aug-09,Truck,Pediatric,240,0.0,SCMS from RDC,N/A - From RDC,See DN-1235 (ID#:10769)
83286,DN-3954,Generic,"Congo, DRC",14-Apr-15,14-Apr-15,300mg,Tablet,No,See DN-3954 (ID#:82743),From RDC,"Zidovudine 300mg, tablets, 60 Tabs",7.83,1400,7616.0,PMO - US,"Aurobindo Unit III, India",Zidovudine,5.44,N/A - From RDC,SO-49310,FPQ-14576,7/14/14,ARV,101-CD-T30,14-Apr-15,Air,Adult,60,0.09,SCMS from RDC,N/A - From RDC,See DN-3954 (ID#:82743)
83782,DN-3627,Generic,Mozambique,03-Jun-14,11-Jun-14,300mg,Tablet,Yes,4768.06,From RDC,"Abacavir 300mg, tablets, 60 Tabs",39.09,3386,38024.78,PMO - US,Mylan (formerly Matrix) Nashik,Abacavir,11.23,N/A - From RDC,SO-47084,FPQ-13123,10/21/13,ARV,111-MZ-T30,03-Jun-14,Truck,Adult,60,0.19,SCMS from RDC,N/A - From RDC,15942
3846,ASN-4371,Generic,Vietnam,21-Jul-09,21-Jul-09,150/200/30mg,Tablet - FDC,Yes,10048.1,Direct Drop,"Lamivudine/Nevirapine/Stavudine 150/200/30mg, tablets, 60 Tabs",471.2,35616,240408.0,PMO - US,"Cipla, Goa, India",Lamivudine/Nevirapine/Stavudine,6.75,4/29/09,SCMS-45000,Pre-PQ Process,Pre-PQ Process,ARV,108-VN-T01,21-Jul-09,Air,Adult,60,0.11,CIPLA LIMITED,EXW,3479
61896,ASN-19649,Generic,Mali,11-Jun-13,11-Jun-13,MIssing,Test kit - Ancillary,No,See ASN-19649 (ID#:15382),Direct Drop,"HIV, Lancet, Safety, for HIV Test kits, 100 Pcs",0.13,21,105.0,PMO - US,"Alere Medical Co., Ltd.","HIV, Lancet, Safety, for HIV Test kits, 100 Pcs",5.0,04-11-13,SCMS-182800,FPQ-11783,3/15/13,HRDT,102-ML-T30,11-Jun-13,Air,HIV test - Ancillary,100,0.05,"Orgenics, Ltd",EXW,See ASN-19649 (ID#:15382)
10823,DN-100,Generic,Rwanda,14-May-07,14-May-07,20mg/ml,Oral solution,Yes,11609.31,From RDC,"Abacavir 20mg/ml, oral solution, Bottle, 240 ml",MIssing,90,1935.0,PMO - US,"Aurobindo Unit III, India",Abacavir,21.5,N/A - From RDC,SO-481,Pre-PQ Process,Pre-PQ Process,ARV,107-RW-T01,14-May-07,Air,Pediatric,240,0.09,SCMS from RDC,N/A - From RDC,120
84112,DN-2357,Generic,Zambia,26-Sep-11,26-Sep-11,600mg,Tablet,Yes,21454.88,From RDC,"Efavirenz 600mg, tablets, 30 Tabs",963.41,135158,583882.56,PMO - US,"Aurobindo Unit III, India",Efavirenz,4.32,N/A - From RDC,SO-38733,FPQ-7085,02-03-11,ARV,110-ZM-T30,31-Oct-11,Truck,Adult,30,0.14,SCMS from RDC,N/A - From RDC,17285
2602,ASN-4820,Zerit,South Africa,21-Jul-09,21-Jul-09,20mg,Capsule,Yes,Freight Included in Commodity Cost,Direct Drop,"Stavudine 20mg [Zerit], capsules, 60 Caps",2.89,320,1475.2,PMO - US,"BMS Meymac, France",Stavudine,4.61,06-05-09,SCMS-47090,Pre-PQ Process,Pre-PQ Process,ARV,116-ZA-T01,21-Jul-09,Truck,Adult,60,0.08,S. BUYS WHOLESALER,DDP,Weight Captured Separately
85945,DN-3029,Generic,Nigeria,21-Feb-13,21-Feb-13,150/300mg,Tablet - FDC,No,See DN-3029 (ID#:82556),From RDC,"Lamivudine/Zidovudine 150/300mg, tablets, 60 Tabs",509.63,50000,363500.0,PMO - US,Hetero Unit III Hyderabad IN,Lamivudine/Zidovudine,7.27,N/A - From RDC,SO-44560,FPQ-10477,08-09-12,ARV,151-NG-T30,15-Mar-13,Air Charter,Adult,60,0.12,SCMS from RDC,N/A - From RDC,See DN-3029 (ID#:82556)
83042,DN-2691,Generic,Rwanda,15-Jun-12,15-Jun-12,300mg,Tablet,Yes,1366.67,From RDC,"Tenofovir Disoproxil Fumarate 300mg, tablets, 30 Tabs",8.14,1056,5808.0,PMO - US,Mylan (formerly Matrix) Nashik,Tenofovir Disoproxil Fumarate,5.5,N/A - From RDC,SO-42160,FPQ-9912,05-11-12,ARV,107-RW-T30,31-Jul-12,Air,Adult,30,0.18,SCMS from RDC,N/A - From RDC,69
70577,ASN-9153,Generic,Vietnam,23-Dec-10,23-Dec-10,150mg,Tablet,Yes,6475.64,Direct Drop,"Lamivudine 150mg, tablets, 60 Tabs",151.22,29847,70140.45,PMO - US,"Strides, Bangalore, India.",Lamivudine,2.35,10/15/10,SCMS-87740,FPQ-6384,9/30/10,ARV,108-VN-T30,23-Dec-10,Air,Adult,60,0.04,STRIDES ARCOLAB LIMITED,EXW,1403
12074,DN-268,Generic,CÃte dIvoire,14-Aug-07,14-Aug-07,150/300mg,Tablet - FDC,Yes,7947,From RDC,"Lamivudine/Zidovudine 150/300mg, tablets, 60 Tabs",126.9,7426,79309.68,PMO - US,"Aurobindo Unit III, India",Lamivudine/Zidovudine,10.68,N/A - From RDC,SO-524,Pre-PQ Process,Pre-PQ Process,ARV,104-CI-T01,14-Aug-07,MIssing,Adult,60,0.18,SCMS from RDC,N/A - From RDC,3073
82354,DN-2027,Generic,Mozambique,01-Dec-10,01-Dec-10,150/300/200mg,Tablet - FDC,Yes,14163.13,From RDC,"Lamivudine/Nevirapine/Zidovudine 150/200/300mg, tablets, 60 Tabs",5043.71,208501,2339381.22,PMO - US,"Aurobindo Unit III, India",Lamivudine/Nevirapine/Zidovudine,11.22,N/A - From RDC,SO-35980,FPQ-5126,2/18/10,ARV,111-MZ-T30,25-Nov-10,Truck,Adult,60,0.19,SCMS from RDC,N/A - From RDC,28237
83853,DN-3981,Generic,CÃte dIvoire,24-Oct-14,06-Nov-14,600/300mg,Tablet - FDC,Yes,1922.75,From RDC,"Abacavir/Lamivudine 600/300mg, tablets, 30 Tabs",44.99,3244,43761.56,PMO - US,Mylan (formerly Matrix) Nashik,Abacavir/Lamivudine,13.49,N/A - From RDC,SO-49101,FPQ-14370,5/23/14,ARV,104-CI-T30,31-Oct-14,Truck,Adult,30,0.45,SCMS from RDC,N/A - From RDC,288
79679,ASN-28062,Generic,Vietnam,07-Nov-14,08-Nov-14,150mg,Tablet,No,See ASN-28062 (ID#:14016),Direct Drop,"Lamivudine 150mg, tablets, 60 Tabs",15.03,8500,14620.0,PMO - US,"Micro labs, Verna, Goa, India",Lamivudine,1.72,4/30/14,SCMS-236070,FPQ-13976,04-08-14,ARV,108-VN-T30,07-Nov-14,Air,Adult,60,0.03,MICRO LABS LIMITED,EXW,See ASN-28062 (ID#:14016)
70531,ASN-20434,Generic,Haiti,14-Aug-13,14-Aug-13,200mg,Tablet,No,See ASN-20434 (ID#:13874),Direct Drop,"Nevirapine 200mg, tablets, 60 Tabs",43.07,15825,34815.0,PMO - US,"Micro labs, Verna, Goa, India",Nevirapine,2.2,3/22/13,SCMS-180960,FPQ-11443,02-07-13,ARV,106-HT-T30,14-Aug-13,Air,Adult,60,0.04,MICRO LABS LIMITED,EXW,See ASN-20434 (ID#:13874)
41953,ASN-12083,Generic,Vietnam,19-Oct-11,19-Oct-11,30mg,Capsule,Yes,12751.68,Direct Drop,"Stavudine 30mg, capsules, 60 Caps",95.7,40000,58000.0,PMO - US,Hetero Unit III Hyderabad IN,Stavudine,1.45,4/14/11,SCMS-105520,FPQ-7427,3/31/11,ARV,108-VN-T30,19-Oct-11,Air,Adult,60,0.02,HETERO LABS LIMITED,EXW,2343
11765,DN-319,Generic,Zambia,29-Aug-07,29-Aug-07,20mg,Capsule,Yes,5663,From RDC,"Stavudine 20mg, capsules, 60 Caps",3.13,1119,1958.25,PMO - US,"Aurobindo Unit III, India",Stavudine,1.75,N/A - From RDC,SO-908,Pre-PQ Process,Pre-PQ Process,ARV,110-ZM-T01,29-Aug-07,Air,Adult,60,0.03,SCMS from RDC,N/A - From RDC,1581
38619,ASN-30809,Generic,Haiti,27-Mar-15,30-Mar-15,150/300/200mg,Tablet - FDC,Yes,19839.26,Direct Drop,"Lamivudine/Nevirapine/Zidovudine 150/200/300mg, tablets, 60 Tabs",208.1,24992,202435.2,PMO - US,Mylan (formerly Matrix) Nashik,Lamivudine/Nevirapine/Zidovudine,8.1,11/14/14,SCMS-261120,FPQ-14895,9/24/14,ARV,106-HT-T30,27-Mar-15,Air,Adult,60,0.13,MYLAN LABORATORIES LTD (FORMERLY MATRIX LABORATORIES),EXW,3458
11516,DN-489,Generic,Uganda,15-Jan-08,15-Jan-08,150/300mg,Tablet - FDC,Yes,1154.5,From RDC,"Lamivudine/Zidovudine 150/300mg, tablets, 60 Tabs",31.68,2084,19798.0,PMO - US,"Aurobindo Unit III, India",Lamivudine/Zidovudine,9.5,N/A - From RDC,SO-1302,Pre-PQ Process,Pre-PQ Process,ARV,114-UG-T01,15-Jan-08,Air,Adult,60,0.16,SCMS from RDC,N/A - From RDC,237
82955,DN-2240,Generic,Mozambique,04-Aug-11,04-Aug-11,200mg,Tablet,Yes,5491.01,From RDC,"Nevirapine 200mg, tablets, 60 Tabs",11.92,2800,7224.0,PMO - US,Hetero Unit III Hyderabad IN,Nevirapine,2.58,N/A - From RDC,SO-39400,FPQ-7053,1/24/11,ARV,111-MZ-T30,10-Aug-11,Truck,Adult,60,0.04,SCMS from RDC,N/A - From RDC,161
82639,DN-3496,Generic,Zimbabwe,10-Feb-14,19-Mar-14,600/300/300mg,Tablet - FDC,Yes,15847.18,From RDC,"Efavirenz/Lamivudine/Tenofovir Disoproxil Fumarate 600/300/300mg, tablets, 30 Tabs",1171.19,90000,946800.0,PMO - US,"Aurobindo Unit VII, IN",Efavirenz/Lamivudine/Tenofovir Disoproxil Fumarate,10.52,N/A - From RDC,SO-45110,FPQ-12085,4/19/13,ARV,102-ZW-T30,31-Jan-14,Truck,Adult,30,0.35,SCMS from RDC,N/A - From RDC,24375
12151,DN-614,Generic,Haiti,21-Feb-08,21-Feb-08,1mg/ml,Oral solution,No,See DN-614 (ID#:11219),From RDC,"Stavudine 1mg/ml, powder for oral solution, 200 ml",0.67,300,420.0,PMO - US,"Aurobindo Unit III, India",Stavudine,1.4,N/A - From RDC,SO-1287,Pre-PQ Process,Pre-PQ Process,ARV,106-HT-T01,04-Mar-08,Air,Pediatric,200,0.01,SCMS from RDC,N/A - From RDC,See DN-614 (ID#:11219)
40762,ASN-15430,Generic,Uganda,23-Jul-12,23-Jul-12,200/50mg,Tablet,Yes,11409.29,Direct Drop,"Lopinavir/Ritonavir 200/50mg, tablets, 120 Tabs",381.78,10679,272314.5,PMO - US,"Aurobindo Unit III, India",Lopinavir/Ritonavir,25.5,06-12-12,SCMS-149400,FPQ-10089,06-07-12,ARV,900-UG-T30,18-Jul-12,Air,Adult,120,0.21,Aurobindo Pharma Limited,EXW,2709
11426,DN-260,Trizivir,CÃte dIvoire,03-Aug-07,03-Aug-07,300/150/300mg,Tablet - FDC,Yes,6889,From RDC,"Abacavir/Lamivudine/Zidovudine 300/150/300mg [Trizivir], tablets, 60 Tabs",44.8,400,28000.0,PMO - US,GSK Ware (UK),Abacavir/Lamivudine/Zidovudine,70.0,N/A - From RDC,SO-523,Pre-PQ Process,Pre-PQ Process,ARV,104-CI-T01,03-Aug-07,MIssing,Adult,60,1.17,SCMS from RDC,N/A - From RDC,2270
53254,ASN-28033,Generic,South Africa,29-Aug-14,29-Aug-14,20mg/ml,Oral solution,No,Freight Included in Commodity Cost,Direct Drop,"Abacavir 20mg/ml, oral solution w/syringe, Bottle, 240 ml",4.52,135,3650.16,PMO - US,"Aurobindo Unit III, India",Abacavir,27.04,8/29/14,SCMS-199289,FPQ-12522,07-11-13,ARV,116-ZA-T30,29-Aug-14,Truck,Pediatric,240,0.11,S. BUYS WHOLESALER,DDP,Weight Captured Separately
11855,DN-604,Generic,Zimbabwe,05-Mar-08,05-Mar-08,150/30mg,Tablet - FDC,No,See DN-604 (ID#:11527),From RDC,"Lamivudine/Stavudine 150/30mg, tablets, 30 Tabs",5.12,1600,3200.0,PMO - US,"Cipla, Goa, India",Lamivudine/Stavudine,2.0,N/A - From RDC,SO-711,Pre-PQ Process,Pre-PQ Process,ARV,100-ZW-T01,05-Mar-08,Air,Adult,30,0.07,SCMS from RDC,N/A - From RDC,See DN-604 (ID#:11527)
5801,ASN-2293,Viread,South Africa,08-May-08,08-May-08,300mg,Tablet,No,Freight Included in Commodity Cost,Direct Drop,"Tenofovir Disoproxil Fumarate 300mg [Viread], tablets, 30 Tabs",1.18,30,738.3,PMO - US,Gilead(Nycomed) Oranienburg DE,Tenofovir Disoproxil Fumarate,24.61,Date Not Captured,SCMS-23500,Pre-PQ Process,Pre-PQ Process,ARV,116-ZA-T01,20-Aug-08,Truck,Adult,30,0.82,S. BUYS WHOLESALER,DDP,Weight Captured Separately
2481,ASN-4332,Zerit,South Africa,23-Apr-09,23-Apr-09,20mg,Capsule,No,See ASN-4332 (ID#:1115),Direct Drop,"Stavudine 20mg [Zerit], capsules, 60 Caps",0.59,76,300.2,PMO - US,"BMS Meymac, France",Stavudine,3.95,04-02-09,SCMS-47500,Pre-PQ Process,Pre-PQ Process,ARV,116-ZA-T01,15-May-09,Truck,Adult,60,0.07,S. BUYS WHOLESALER,DDP,See ASN-4332 (ID#:1115)
9086,ASN-4439,Determine,Zambia,23-Jul-09,23-Jul-09,MIssing,Test kit,Yes,11559.65,Direct Drop,"HIV 1/2, Determine Complete HIV Kit, 100 Tests",635.04,4500,324000.0,PMO - US,Inverness Japan,"HIV 1/2, Determine Complete HIV Kit",72.0,04-02-09,SCMS-42640,Pre-PQ Process,Pre-PQ Process,HRDT,110-ZM-T01,23-Jul-09,Air,HIV test,100,0.72,"Orgenics, Ltd",EXW,1330
83173,DN-3361,Generic,Zambia,29-Nov-13,12-Dec-13,200mg,Tablet,No,See DN-3361 (ID#:83172),From RDC,"Nevirapine 200mg, tablets, 60 Tabs",223.65,80000,180800.0,PMO - US,"Aurobindo Unit III, India",Nevirapine,2.26,N/A - From RDC,SO-45091,FPQ-12066,4/19/13,ARV,110-ZM-T30,29-Nov-13,Truck,Adult,60,0.04,SCMS from RDC,N/A - From RDC,See DN-3361 (ID#:83172)
34837,ASN-13876,Colloidal Gold,Ethiopia,12-Mar-12,12-Mar-12,MIssing,Test kit,Yes,8851.4,Direct Drop,"HIV 1/2, SKB Colloidal Gold, Diagnostic Kit, Antibody, 50 Tests",46.78,1362,33369.0,PMO - US,"KHB Test Kit Facility, Shanghai China","HIV 1/2, Colloidal Gold, Diagnostic Kit, Antibody",24.5,1/23/12,SCMS-133580,FPQ-9098,01-10-12,HRDT,117-ET-T30,12-Mar-12,Air,HIV test,1,24.5,"SHANGHAI KEHUA BIOENGINEERING CO.,LTD.  (KHB)",EXW,970
3738,ASN-3609,Viramune,South Africa,04-Dec-08,04-Dec-08,200mg,Tablet,Yes,Freight Included in Commodity Cost,Direct Drop,"Nevirapine 200mg [Viramune], tablets, 60 Tabs",319.57,10560,163046.4,PMO - US,"Boehringer Ing., Koropi, GR",Nevirapine,15.44,Date Not Captured,SCMS-40820,Pre-PQ Process,Pre-PQ Process,ARV,116-ZA-T01,14-Apr-09,Air,Adult,60,0.26,S. BUYS WHOLESALER,DDP,Weight Captured Separately
12959,ASN-31164,Determine,Zambia,12-May-15,14-May-15,MIssing,Test kit,Yes,28709.52,Direct Drop,"HIV 1/2, Determine Complete HIV Kit, 100 Tests",516.47,6280,502400.0,PMO - US,"Alere Medical Co., Ltd.","HIV 1/2, Determine Complete HIV Kit",80.0,9/19/14,SCMS-256500,FPQ-14827,8/19/14,HRDT,110-ZM-T30,12-May-15,Air,HIV test,100,0.8,"Orgenics, Ltd",EXW,2548
65037,ASN-7373,Retrovir,South Africa,31-May-10,31-May-10,100mg,Capsule,No,Freight Included in Commodity Cost,Direct Drop,"Zidovudine 100mg [Retrovir], capsules, 100 Caps",1.17,40,544.11,PMO - US,GSK Crawley,Zidovudine,13.6,4/21/10,SCMS-71370,FPQ-5535,4/19/10,ARV,116-ZA-T30,31-May-10,Truck,Pediatric,100,0.14,S. BUYS WHOLESALER,DDP,Weight Captured Separately
11750,DN-254,Uni-Gold,Zambia,27-Jul-07,27-Jul-07,MIssing,Test kit,Yes,5234.8,From RDC,"HIV 1/2, Uni-Gold HIV Kit, 20 Tests",125.59,2453,78496.0,PMO - US,"Trinity Biotech, Plc","HIV 1/2, Uni-Gold HIV Kit",32.0,N/A - From RDC,SO-538,Pre-PQ Process,Pre-PQ Process,HRDT,110-ZM-T01,27-Jul-07,MIssing,HIV test,20,1.6,SCMS from RDC,N/A - From RDC,821
5675,ASN-1664,Retrovir,South Africa,29-Feb-08,29-Feb-08,300mg,Tablet,No,Freight Included in Commodity Cost,Direct Drop,"Zidovudine 300mg [Retrovir], tablets, 60 Tabs",26.24,1000,16400.0,PMO - US,GSK Aranda,Zidovudine,16.4,2/20/08,SCMS-19800,Pre-PQ Process,Pre-PQ Process,ARV,116-ZA-T01,24-Apr-08,Truck,Adult,60,0.27,S. BUYS WHOLESALER,DDP,Weight Captured Separately
85393,DN-3270,Generic,Uganda,05-Sep-13,05-Sep-13,150/300/200mg,Tablet - FDC,Yes,36226.26,From RDC,"Lamivudine/Nevirapine/Zidovudine 150/200/300mg, tablets, 60 Tabs",510.88,50000,413000.0,PMO - US,Mylan (formerly Matrix) Nashik,Lamivudine/Nevirapine/Zidovudine,8.26,N/A - From RDC,SO-45480,FPQ-12253,05-08-13,ARV,114-UG-T30,05-Sep-13,Air,Adult,60,0.14,SCMS from RDC,N/A - From RDC,6481
85795,DN-2374,Generic,Tanzania,23-Sep-11,23-Sep-11,600/200/300mg,Tablet - FDC,Yes,Freight Included in Commodity Cost,From RDC,"Efavirenz/Emtricitabine/Tenofovir Disoproxil Fumarate 600/200/300mg, tablets, 30 Tabs",224.82,6840,136252.8,PMO - US,Mylan (formerly Matrix) Nashik,Efavirenz/Emtricitabine/Tenofovir Disoproxil Fumarate,19.92,N/A - From RDC,SO-39752,FPQ-7675,5/18/11,ARV,109-TZ-T30,30-Sep-11,Air,Adult,30,0.66,SCMS from RDC,N/A - From RDC,778
86107,DN-3875,Generic,Mozambique,30-Oct-14,07-Nov-14,600/300/300mg,Tablet - FDC,No,See DN-3875 (ID#:83255),From RDC,"Efavirenz/Lamivudine/Tenofovir Disoproxil Fumarate 600/300/300mg, tablets, 30 Tabs",844.84,76236,821824.08,PMO - US,Mylan (formerly Matrix) Nashik,Efavirenz/Lamivudine/Tenofovir Disoproxil Fumarate,10.78,N/A - From RDC,SO-48883,FPQ-14226,05-02-14,ARV,111-MZ-T30,31-Dec-14,Truck,Adult,30,0.36,SCMS from RDC,N/A - From RDC,See DN-3875 (ID#:83255)
85341,DN-3059,Generic,Guyana,15-Mar-13,15-Mar-13,150mg,Tablet,No,See DN-3059 (ID#:82560),From RDC,"Lamivudine 150mg, tablets, 60 Tabs",1.3,529,1052.71,PMO - US,Hetero Unit III Hyderabad IN,Lamivudine,1.99,N/A - From RDC,SO-44530,FPQ-11546,1/28/13,ARV,105-GY-T30,18-Apr-13,Truck,Adult,60,0.03,SCMS from RDC,N/A - From RDC,See DN-3059 (ID#:82560)
72467,ASN-33458,Norvir,Burkina Faso,04-Aug-15,04-Aug-15,100mg,Tablet,Yes,Invoiced Separately,Direct Drop,"Ritonavir 100mg [Norvir], film coated tablets, 60 Tabs",0.2,25,171.25,PMO - US,ABBVIE Ludwigshafen Germany,Ritonavir,6.85,4/24/15,SCMS-285170,FPQ-15908,2/19/15,ARV,A01-BF-T50,04-Aug-15,Air,Adult,60,0.11,ABBVIE LOGISTICS (FORMERLY ABBOTT LOGISTICS BV),FCA,Weight Captured Separately
1179,ASN-4302,Norvir,Vietnam,17-Jul-09,17-Jul-09,100mg,Capsule,Yes,3366.04,Direct Drop,"Ritonavir 100mg [Norvir], capsules, cool, 4 x 84 Caps",1.2,8,613.76,PMO - US,ABBVIE (Abbott) France,Ritonavir,76.72,4/29/09,SCMS-44990,Pre-PQ Process,Pre-PQ Process,ARV,108-VN-T01,17-Jul-09,Air,Adult,336,0.23,ABBVIE LOGISTICS (FORMERLY ABBOTT LOGISTICS BV),FCA,48
31574,ASN-21851,Generic,Cameroon,09-Nov-13,19-Nov-13,300/300mg,Tablet - FDC,Yes,51243.69,Direct Drop,"Lamivudine/Tenofovir Disoproxil Fumarate 300/300mg, tablets, 30 Tabs",226.99,39892,183503.2,PMO - US,"Cipla, Kurkumbh, India",Lamivudine/Tenofovir Disoproxil Fumarate,4.6,6/28/13,SCMS-196500,FPQ-12528,6/21/13,ARV,901-CM-T30,09-Nov-13,Air,Adult,30,0.15,CIPLA LIMITED,EXW,4082
86797,DN-4215,Generic,Uganda,22-Apr-15,24-Apr-15,150/300/200mg,Tablet - FDC,No,Freight Included in Commodity Cost,From RDC,"Lamivudine/Nevirapine/Zidovudine 150/200/300mg, tablets, 60 Tabs",196.88,21667,167269.24,PMO - US,Mylan (formerly Matrix) Nashik,Lamivudine/Nevirapine/Zidovudine,7.72,N/A - From RDC,SO-50670,FPQ-15639,12/22/14,ARV,114-UG-T30,30-Apr-15,Truck,Adult,60,0.13,SCMS from RDC,N/A - From RDC,Weight Captured Separately
9151,ASN-4303,Generic,Vietnam,11-Jul-09,11-Jul-09,150/200/30mg,Tablet - FDC,Yes,5209.46,Direct Drop,"Lamivudine/Nevirapine/Stavudine 150/200/30mg, tablets, 60 Tabs",256.56,19392,130896.0,PMO - US,"Cipla, Goa, India",Lamivudine/Nevirapine/Stavudine,6.75,4/29/09,SCMS-45010,Pre-PQ Process,Pre-PQ Process,ARV,108-VN-T01,11-Jul-09,Air,Adult,60,0.11,CIPLA LIMITED,EXW,1899
84469,DN-4261,Generic,Nigeria,29-Apr-15,29-Apr-15,600/300/300mg,Tablet - FDC,Yes,69097.98,From RDC,"Efavirenz/Lamivudine/Tenofovir Disoproxil Fumarate 600/300/300mg, tablets, 30 Tabs",2861.95,290000,2784000.0,PMO - US,Hetero Unit III Hyderabad IN,Efavirenz/Lamivudine/Tenofovir Disoproxil Fumarate,9.6,N/A - From RDC,SO-49936,FPQ-14989,9/19/14,ARV,151-NG-T30,30-Jun-15,Air Charter,Adult,30,0.32,SCMS from RDC,N/A - From RDC,37449
14433,ASN-5933,Truvada,South Africa,29-Dec-09,29-Dec-09,300/200mg,Tablet - FDC,Yes,Freight Included in Commodity Cost,Direct Drop,"Emtricitabine/Tenofovir Disoproxil Fumarate 200/300mg [Truvada], tablets, 30 Tabs",10.07,100,4669.76,PMO - US,"Aspen-OSD, Port Elizabeth, SA",Emtricitabine/Tenofovir Disoproxil Fumarate,46.7,12/23/09,SCMS-60170,FPQ-4770,12/17/09,ARV,116-ZA-T30,29-Dec-09,Truck,Adult,30,1.56,S. BUYS WHOLESALER,DDP,Weight Captured Separately
12496,DN-836,Generic,Nigeria,31-Jul-08,31-Jul-08,200mg,Capsule,No,See DN-836 (ID#:11244),From RDC,"Efavirenz 200mg, capsule, 90 Caps",28.98,1132,18112.0,PMO - US,"Aurobindo Unit III, India",Efavirenz,16.0,N/A - From RDC,SO-2553,Pre-PQ Process,Pre-PQ Process,ARV,123-NG-T01,31-Jul-08,Air,Pediatric,90,0.18,SCMS from RDC,N/A - From RDC,See DN-836 (ID#:11244)
11393,DN-182,Generic,Zambia,14-Jun-07,14-Jun-07,600mg,Tablet,No,See DN-182 (ID#:10562),From RDC,"Efavirenz 600mg, tablets, 30 Tabs",MIssing,25874,420711.24,PMO - US,"Aurobindo Unit III, India",Efavirenz,16.26,N/A - From RDC,SO-498,Pre-PQ Process,Pre-PQ Process,ARV,110-ZM-T01,14-Jun-07,MIssing,Adult,30,0.54,SCMS from RDC,N/A - From RDC,See DN-182 (ID#:10562)
86117,DN-3827,Generic,Mozambique,25-Aug-14,28-Aug-14,150/300/200mg,Tablet - FDC,No,See DN-3827 (ID#:82705),From RDC,"Lamivudine/Nevirapine/Zidovudine 150/200/300mg, tablets, 60 Tabs",350.16,42000,340620.0,PMO - US,"Strides, Bangalore, India.",Lamivudine/Nevirapine/Zidovudine,8.11,N/A - From RDC,SO-47050,FPQ-13124,10/21/13,ARV,111-MZ-T30,29-Aug-14,Truck,Adult,60,0.14,SCMS from RDC,N/A - From RDC,See DN-3827 (ID#:82705)
11703,DN-16,Viread,CÃte dIvoire,22-Feb-07,22-Feb-07,300mg,Tablet,No,See DN-16 (ID#:10540),From RDC,"Tenofovir Disoproxil Fumarate 300mg [Viread], tablets, 30 Tabs",MIssing,384,6528.0,PMO - US,Gilead(Nycomed) Oranienburg DE,Tenofovir Disoproxil Fumarate,17.0,N/A - From RDC,SO-283,Pre-PQ Process,Pre-PQ Process,ARV,100-CI-T01,22-Feb-07,MIssing,Adult,30,0.57,SCMS from RDC,N/A - From RDC,See DN-16 (ID#:10540)
12734,DN-423,Generic,CÃte dIvoire,13-Nov-07,13-Nov-07,300mg,Tablet,No,See DN-423 (ID#:11194),From RDC,"Zidovudine 300mg, tablets, 60 Tabs",0.08,6,48.9,PMO - US,"Aurobindo Unit III, India",Zidovudine,8.15,N/A - From RDC,SO-1245,Pre-PQ Process,Pre-PQ Process,ARV,104-CI-T01,13-Nov-07,Air,Adult,60,0.14,SCMS from RDC,N/A - From RDC,See DN-423 (ID#:11194)
82942,DN-2126,Generic,Zimbabwe,17-Mar-11,17-Mar-11,200mg,Tablet,Yes,7765.18,From RDC,"Nevirapine 200mg, tablets, 60 Tabs",497.7,91970,230844.7,PMO - US,Hetero Unit III Hyderabad IN,Nevirapine,2.51,N/A - From RDC,SO-37810,FPQ-6470,10/13/10,ARV,113-ZW-T30,31-Mar-11,Truck,Adult,60,0.04,SCMS from RDC,N/A - From RDC,5357
82965,DN-2277,Generic,Haiti,21-Jul-11,21-Jul-11,600mg,Tablet,Yes,29352.17,From RDC,"Efavirenz 600mg, tablets, 30 Tabs",344.15,49425,208573.5,PMO - US,"Aurobindo Unit III, India",Efavirenz,4.22,N/A - From RDC,SO-40150,FPQ-6801,12/14/10,ARV,106-HT-T30,19-Jul-11,Air,Adult,30,0.14,SCMS from RDC,N/A - From RDC,4235
30248,ASN-27606,Generic,South Africa,05-Aug-14,05-Aug-14,200mg,Tablet,Yes,Freight Included in Commodity Cost,Direct Drop,"Nevirapine 200mg, tablets, 60 Tabs",0.22,12,212.96,PMO - US,"Aurobindo Unit III, India",Nevirapine,17.75,08-05-14,SCMS-238552,FPQ-13973,4/30/14,ARV,116-ZA-T30,05-Aug-14,Truck,Adult,60,0.3,PHARMACY DIRECT,DDP,Weight Captured Separately
84627,DN-2135,Generic,Uganda,15-Mar-11,15-Mar-11,300mg,Tablet,Yes,16629.49,From RDC,"Zidovudine 300mg, tablets, 60 Tabs",548.58,46113,332474.73,PMO - US,"Aurobindo Unit III, India",Zidovudine,7.21,N/A - From RDC,SO-38890,FPQ-7166,02-11-11,ARV,114-UG-T30,18-Apr-11,Air,Adult,60,0.12,SCMS from RDC,N/A - From RDC,2534
45267,ASN-18080,Uni-Gold,Mozambique,17-Mar-13,17-Mar-13,MIssing,Test kit,Yes,1032.57,Direct Drop,"HIV 1/2, Uni-Gold HIV Kit, 20 Tests",5.98,151,4832.0,PMO - US,"Trinity Biotech, Plc","HIV 1/2, Uni-Gold HIV Kit",32.0,1/17/13,SCMS-174050,FPQ-11440,01-09-13,HRDT,111-MZ-T30,17-Mar-13,Air,HIV test,20,1.6,"Trinity Biotech, Plc",EXW,54
85693,DN-1949,Generic,Uganda,02-Aug-10,02-Aug-10,150/300mg,Tablet - FDC,No,See DN-1949 (ID#:83444),From RDC,"Lamivudine/Zidovudine 150/300mg, tablets, 60 Tabs",56.66,3000,26280.0,PMO - US,"Aurobindo Unit III, India",Lamivudine/Zidovudine,8.76,N/A - From RDC,SO-36070,FPQ-5238,03-02-10,ARV,114-UG-T30,04-Aug-10,Air,Adult,60,0.15,SCMS from RDC,N/A - From RDC,See DN-1949 (ID#:83444)
11804,DN-419,Aluvia,Zambia,13-Nov-07,13-Nov-07,200/50mg,Tablet,Yes,9008.48,From RDC,"Lopinavir/Ritonavir 200/50mg [Aluvia], tablets, 120 Tabs",804.9,12240,503064.0,PMO - US,ABBVIE (Abbott) Logis. UK,Lopinavir/Ritonavir,41.1,N/A - From RDC,SO-1030,Pre-PQ Process,Pre-PQ Process,ARV,110-ZM-T01,13-Nov-07,Air,Adult,120,0.34,SCMS from RDC,N/A - From RDC,2678
10570,DN-190,Generic,Nigeria,26-Jun-07,26-Jun-07,40mg,Capsule,Yes,1283.24,From RDC,"Stavudine 40mg, capsules, 60 Caps",0.86,300,537.0,PMO - US,"Aurobindo Unit III, India",Stavudine,1.79,N/A - From RDC,SO-663,Pre-PQ Process,Pre-PQ Process,ARV,112-NG-T01,26-Jun-07,MIssing,Adult,60,0.03,SCMS from RDC,N/A - From RDC,54
55712,ASN-33266,Generic,Vietnam,03-Sep-15,03-Sep-15,600/300/300mg,Tablet - FDC,No,See ASN-33266 (ID#:44615),Direct Drop,"Efavirenz/Lamivudine/Tenofovir Disoproxil Fumarate 600/300/300mg, tablets, 30 Tabs",173.89,15552,147744.0,PMO - US,Hetero Unit III Hyderabad IN,Efavirenz/Lamivudine/Tenofovir Disoproxil Fumarate,9.5,5/13/15,SCMS-285500,FPQ-16194,4/14/15,ARV,108-VN-T30,03-Sep-15,Air,Adult,30,0.32,HETERO LABS LIMITED,EXW,See ASN-33266 (ID#:44615)
44105,ASN-32676,Norvir,Haiti,07-Jul-15,07-Jul-15,100mg,Tablet,Yes,4126.9,Direct Drop,"Ritonavir 100mg [Norvir], film coated tablets, 60 Tabs",2.46,350,2397.5,PMO - US,ABBVIE Ludwigshafen Germany,Ritonavir,6.85,1/30/15,SCMS-262890,FPQ-15038,10/22/14,ARV,106-HT-T30,07-Jul-15,Air,Adult,60,0.11,ABBVIE LOGISTICS (FORMERLY ABBOTT LOGISTICS BV),FCA,51
71245,ASN-11067,Generic,Vietnam,05-Jul-11,05-Jul-11,150mg,Tablet,Yes,10122.75,Direct Drop,"Lamivudine 150mg, tablets, 60 Tabs",193.88,50000,117500.0,PMO - US,"Strides, Bangalore, India.",Lamivudine,2.35,4/14/11,SCMS-105450,FPQ-7427,3/31/11,ARV,108-VN-T30,05-Jul-11,Air,Adult,60,0.04,STRIDES ARCOLAB LIMITED,EXW,2351
84681,DN-2419,Generic,CÃte dIvoire,19-Nov-11,19-Nov-11,200mg,Chewable/dispersible tablet,Yes,3296.34,From RDC,"Didanosine 200mg, chewable/dispersible tablets, 60 Tabs",128.3,5184,77760.0,PMO - US,"Aurobindo Unit III, India",Didanosine,15.0,N/A - From RDC,SO-40090,FPQ-7659,05-03-11,ARV,104-CI-T30,20-Dec-11,Air,Pediatric,60,0.25,SCMS from RDC,N/A - From RDC,1103
11188,DN-388,Generic,Zambia,09-Nov-07,09-Nov-07,200mg,Tablet,Yes,19590.04,From RDC,"Nevirapine 200mg, tablets, 60 Tabs",301.96,52864,188724.48,PMO - US,"Aurobindo Unit III, India",Nevirapine,3.57,N/A - From RDC,SO-572,Pre-PQ Process,Pre-PQ Process,ARV,110-ZM-T01,09-Nov-07,MIssing,Adult,60,0.06,SCMS from RDC,N/A - From RDC,5989
84127,DN-2458,Generic,Mozambique,25-Jan-12,25-Jan-12,10mg/ml,Oral suspension,Yes,2779.53,From RDC,"Nevirapine 10mg/ml, oral suspension w/syringe, Bottle, 240 ml",25.74,8000,15600.0,PMO - US,"Aurobindo Unit III, India",Nevirapine,1.95,N/A - From RDC,SO-38638,FPQ-7053,1/24/11,ARV,111-MZ-T30,31-Jan-12,Truck,Pediatric,240,0.01,SCMS from RDC,N/A - From RDC,2987
21230,ASN-21926,Generic,Tanzania,21-Nov-13,21-Nov-13,600/300/300mg,Tablet - FDC,Yes,127285.48,Direct Drop,"Efavirenz/Lamivudine/Tenofovir Disoproxil Fumarate 600/300/300mg, tablets, 30 Tabs",2597.7,200000,2100000.0,PMO - US,Hetero Unit III Hyderabad IN,Efavirenz/Lamivudine/Tenofovir Disoproxil Fumarate,10.5,06-11-13,SCMS-193860,FPQ-12286,5/16/13,ARV,109-TZ-T30,21-Nov-13,Air,Adult,30,0.35,HETERO LABS LIMITED,EXW,28168
20883,ASN-9973,Bioline,Tanzania,16-May-11,16-May-11,MIssing,Test kit,Yes,4329.08,Direct Drop,"HIV 1/2, Bioline 3.0 Kit, Lancets, Capillary pipets, Alcohol swabs included, 25 Tests",50.16,1520,30400.0,PMO - US,"Standard Diagnostics, Korea","HIV 1/2, Bioline 3.0 Kit, Lancets, Capillary pipets, Alcohol swabs included",20.0,02-02-11,SCMS-97120,FPQ-6925,12/27/10,HRDT,109-TZ-T30,16-May-11,Air,HIV test,25,0.8,"Standard Diagnostics, Inc.",EXW,507
2478,ASN-4291,Determine,Guyana,01-Jul-09,01-Jul-09,MIssing,Test kit,Yes,1205.7,Direct Drop,"HIV 1/2, Determine Complete HIV Kit, 100 Tests",48.69,276,24840.0,PMO - US,Inverness Japan,"HIV 1/2, Determine Complete HIV Kit",90.0,3/30/09,SCMS-42320,Pre-PQ Process,Pre-PQ Process,HRDT,102-GY-T01,01-Jul-09,Air,HIV test,100,0.9,"Orgenics, Ltd",EXW,87
19293,ASN-5525,Trizivir,Mozambique,04-Dec-09,04-Dec-09,300/150/300mg,Tablet - FDC,Yes,Freight Included in Commodity Cost,Direct Drop,"Abacavir/Lamivudine/Zidovudine 300/150/300mg [Trizivir], tablets, 60 Tabs",0.42,4,214.84,PMO - US,GSK Ware (UK),Abacavir/Lamivudine/Zidovudine,53.71,5/13/09,SCMS-45670,FPQ-3588,3/25/09,ARV,111-MZ-T30,04-Dec-09,Air,Adult,60,0.9,GLAXOSMITHKLINE EXPORT LIMITED,CIP,155
85861,DN-2678,Generic,"Congo, DRC",03-Sep-12,03-Sep-12,600mg,Tablet,No,See DN-2678 (ID#:83040),From RDC,"Efavirenz 600mg, tablets, 30 Tabs",1.16,200,824.0,PMO - US,"Strides, Bangalore, India.",Efavirenz,4.12,N/A - From RDC,SO-41860,FPQ-9640,04-02-12,ARV,102-CD-T30,03-Sep-12,Air,Adult,30,0.14,SCMS from RDC,N/A - From RDC,See DN-2678 (ID#:83040)
8893,ASN-3522,Generic,Vietnam,27-Mar-09,27-Mar-09,150/200/30mg,Tablet - FDC,Yes,4443.97,Direct Drop,"Lamivudine/Nevirapine/Stavudine 150/200/30mg, tablets, 60 Tabs",331.07,24480,168912.0,PMO - US,"Cipla, Goa, India",Lamivudine/Nevirapine/Stavudine,6.9,1/16/09,SCMS-37190,Pre-PQ Process,Pre-PQ Process,ARV,108-VN-T01,27-Mar-09,Air,Adult,60,0.12,CIPLA LIMITED,EXW,2165
35904,ASN-29257,Generic,South Africa,05-Nov-14,05-Nov-14,50mg,Capsule,No,Freight Included in Commodity Cost,Direct Drop,"Efavirenz 50mg, capsule, 30 Caps",0.07,24,72.14,PMO - US,"Aurobindo Unit III, India",Efavirenz,3.01,11-04-14,SCMS-238555,FPQ-13973,4/30/14,ARV,116-ZA-T30,05-Nov-14,Truck,Pediatric,30,0.1,PHARMACY DIRECT,DDP,Weight Captured Separately
29155,ASN-31590,Prezista,Haiti,13-May-15,15-May-15,600mg,Tablet,Yes,1140.71,Direct Drop,"Darunavir 600mg [Prezista], tablets, 60 Tabs",33.31,600,32400.0,PMO - US,"Janssen-Cilag, Latina, IT",Darunavir,54.0,1/28/15,SCMS-263100,FPQ-15038,10/22/14,ARV,106-HT-T30,13-May-15,Air,Adult,60,0.9,JANSSEN SCIENCES IRELAND UC (FORMERLY JANSSEN R&D IRELAND),EXW,120
11202,DN-442,Stocrin/Sustiva,CÃte dIvoire,22-Nov-07,22-Nov-07,30mg/ml,Oral solution,Yes,4963,From RDC,"Efavirenz 30mg/ml [Stocrin/Sustiva], oral solution, Bottle, 180 ml",110.7,4077,69186.69,PMO - US,"MSD, Haarlem, NL",Efavirenz,16.97,N/A - From RDC,SO-1103,Pre-PQ Process,Pre-PQ Process,ARV,104-CI-T01,22-Nov-07,Air,Pediatric,180,0.09,SCMS from RDC,N/A - From RDC,1554
12159,DN-583,Generic,Namibia,13-Feb-08,13-Feb-08,600mg,Tablet,Yes,3016.95,From RDC,"Efavirenz 600mg, tablets, 30 Tabs",365.1,19000,228190.0,PMO - US,"Aurobindo Unit III, India",Efavirenz,12.01,N/A - From RDC,SO-1676,Pre-PQ Process,Pre-PQ Process,ARV,119-NA-T01,13-Feb-08,Air,Adult,30,0.4,SCMS from RDC,N/A - From RDC,1485
11619,DN-1110,Generic,Ethiopia,04-Mar-09,04-Mar-09,150/300/200mg,Tablet - FDC,Yes,14538.36,From RDC,"Lamivudine/Nevirapine/Zidovudine 150/200/300mg, tablets, 60 Tabs",638.06,27588,325538.4,PMO - US,"Aurobindo Unit III, India",Lamivudine/Nevirapine/Zidovudine,11.8,N/A - From RDC,SO-22040,Pre-PQ Process,Pre-PQ Process,ARV,117-ET-T01,04-Mar-09,Air,Adult,60,0.2,SCMS from RDC,N/A - From RDC,3146
84899,DN-3561,Generic,"Congo, DRC",19-May-14,26-Jun-14,150/300mg,Tablet - FDC,No,See DN-3561 (ID#:82654),From RDC,"Lamivudine/Zidovudine 150/300mg, tablets, 60 Tabs",18.84,2723,18325.79,PMO - US,Mylan (formerly Matrix) Nashik,Lamivudine/Zidovudine,6.73,N/A - From RDC,SO-47630,FPQ-13554,1/15/14,ARV,101-CD-T30,30-May-14,Air,Adult,60,0.11,SCMS from RDC,N/A - From RDC,See DN-3561 (ID#:82654)
83926,DN-4331,Generic,Zambia,25-Aug-15,03-Sep-15,200mg,Tablet,Yes,Freight Included in Commodity Cost,From RDC,"Nevirapine 200mg, tablets, 60 Tabs",137.05,61154,133315.72,PMO - US,"Cipla, Goa, India",Nevirapine,2.18,N/A - From RDC,SO-49283,FPQ-14575,07-11-14,ARV,110-ZM-T30,14-Aug-15,Truck,Adult,60,0.04,SCMS from RDC,N/A - From RDC,7957
12322,DN-1439,Generic,Nigeria,20-Oct-09,20-Oct-09,150/300/200mg,Tablet - FDC,Yes,9341.49,From RDC,"Lamivudine/Nevirapine/Zidovudine 150/200/300mg, tablets, 60 Tabs",39.24,1756,20018.4,PMO - US,"Aurobindo Unit III, India",Lamivudine/Nevirapine/Zidovudine,11.4,N/A - From RDC,SO-33337,Pre-PQ Process,Date Not Captured,ARV,151-NG-T01,20-Oct-09,Air Charter,Adult,60,0.19,SCMS from RDC,N/A - From RDC,198
11192,DN-427,Generic,Mozambique,22-Nov-07,22-Nov-07,150/30mg,Tablet - FDC,Yes,3682.34,From RDC,"Lamivudine/Stavudine 150/30mg, tablets, 30 Tabs",77.25,24140,48280.0,PMO - US,"Cipla, Goa, India",Lamivudine/Stavudine,2.0,N/A - From RDC,SO-992,Pre-PQ Process,Pre-PQ Process,ARV,111-MZ-T01,22-Nov-07,Air,Adult,30,0.07,SCMS from RDC,N/A - From RDC,1434
85638,DN-1548,Generic,Uganda,02-Dec-09,02-Dec-09,150/300mg,Tablet - FDC,No,See DN-1548 (ID#:85076),From RDC,"Lamivudine/Zidovudine 150/300mg, tablets, 60 Tabs",57.69,3360,29433.6,PMO - US,"Aurobindo Unit III, India",Lamivudine/Zidovudine,8.76,N/A - From RDC,SO-34010,FPQ-4470,8/17/09,ARV,114-UG-T30,30-Nov-09,Air,Adult,60,0.15,SCMS from RDC,N/A - From RDC,See DN-1548 (ID#:85076)
85335,DN-3015,Generic,Haiti,14-Mar-13,14-Mar-13,200mg,Tablet,No,See DN-3015 (ID#:82554),From RDC,"Efavirenz 200mg, scored tablets, 90 Tabs",18.06,2000,14600.0,PMO - US,"Strides, Bangalore, India.",Efavirenz,7.3,N/A - From RDC,SO-44400,FPQ-11281,1/16/13,ARV,106-HT-T30,09-Apr-13,Air,Pediatric,90,0.08,SCMS from RDC,N/A - From RDC,See DN-3015 (ID#:82554)
83002,DN-2498,Generic,"Congo, DRC",14-Feb-12,14-Feb-12,300mg,Tablet,Yes,Invoiced Separately,From RDC,"Abacavir 300mg, tablets, 60 Tabs",0.18,9,131.67,PMO - US,Mylan (formerly Matrix) Nashik,Abacavir,14.63,N/A - From RDC,SO-41136,FPQ-8840,11/21/11,ARV,101-CD-T30,16-Mar-12,Air,Adult,60,0.24,SCMS from RDC,N/A - From RDC,Weight Captured Separately
11665,DN-1339,Generic,Nigeria,04-Aug-09,04-Aug-09,150/300/200mg,Tablet - FDC,Yes,7445.8,From RDC,"Lamivudine/Nevirapine/Zidovudine 150/200/300mg, tablets, 60 Tabs",100.57,4501,51311.4,PMO - US,"Aurobindo Unit III, India",Lamivudine/Nevirapine/Zidovudine,11.4,N/A - From RDC,SO-32645,Pre-PQ Process,Date Not Captured,ARV,151-NG-T01,04-Aug-09,Air Charter,Adult,60,0.19,SCMS from RDC,N/A - From RDC,507
84531,DN-1662,Generic,CÃte dIvoire,01-Mar-10,01-Mar-10,150/300mg,Tablet - FDC,No,See DN-1662 (ID#:83981),From RDC,"Lamivudine/Zidovudine 150/300mg, tablets, 60 Tabs",113.04,6584,57675.84,PMO - US,Mylan (formerly Matrix) Nashik,Lamivudine/Zidovudine,8.76,N/A - From RDC,SO-34410,FPQ-4378,10/15/09,ARV,104-CI-T30,09-Mar-10,Air,Adult,60,0.15,SCMS from RDC,N/A - From RDC,See DN-1662 (ID#:83981)
12601,DN-1362,Generic,Zambia,15-Sep-09,15-Sep-09,300mg,Tablet,Yes,8281.69,From RDC,"Zidovudine 300mg, tablets, 60 Tabs",185.78,12294,94786.74,PMO - US,Hetero Unit III Hyderabad IN,Zidovudine,7.71,N/A - From RDC,SO-31951,Pre-PQ Process,Date Not Captured,ARV,110-ZM-T01,15-Sep-09,Truck,Adult,60,0.13,SCMS from RDC,N/A - From RDC,629
43250,ASN-21751,Uni-Gold,South Sudan,18-Oct-13,18-Oct-13,MIssing,Test kit,No,See ASN-21751 (ID#:13968),Direct Drop,"HIV 1/2, Uni-Gold HIV Kit, 20 Tests",0.99,25,800.0,PMO - US,"Trinity Biotech, Plc","HIV 1/2, Uni-Gold HIV Kit",32.0,08-06-13,SCMS-200920,FPQ-12623,7/18/13,HRDT,105-SS-T30,18-Oct-13,Air,HIV test,20,1.6,"Trinity Biotech, Plc",EXW,See ASN-21751 (ID#:13968)
14941,ASN-8080,Generic,Tanzania,22-Oct-10,22-Oct-10,600/200/300mg,Tablet - FDC,Yes,5834.1,Direct Drop,"Efavirenz/Emtricitabine/Tenofovir Disoproxil Fumarate 600/200/300mg, tablets, 30 Tabs",386.14,9000,179100.0,PMO - US,Mylan (formerly Matrix) Nashik,Efavirenz/Emtricitabine/Tenofovir Disoproxil Fumarate,19.9,8/25/10,SCMS-82750,FPQ-6203,8/18/10,ARV,109-TZ-T30,22-Oct-10,Air,Adult,30,0.66,MYLAN LABORATORIES LTD (FORMERLY MATRIX LABORATORIES),EXW,1081
84526,DN-1638,Generic,Uganda,18-Feb-10,18-Feb-10,150/300/200mg,Tablet - FDC,Yes,9348,From RDC,"Lamivudine/Nevirapine/Zidovudine 150/200/300mg, tablets, 60 Tabs",0.64,29,325.38,PMO - US,"Aurobindo Unit III, India",Lamivudine/Nevirapine/Zidovudine,11.22,N/A - From RDC,SO-35610,FPQ-4275,9/17/09,ARV,114-UG-T30,25-Feb-10,Truck,Adult,60,0.19,SCMS from RDC,N/A - From RDC,5134
86818,DN-4307,Generic,Zimbabwe,15-Jul-15,20-Jul-15,30/50/60mg,Chewable/dispersible tablet - FDC,No,See DN-4307 (ID#:83920),From RDC,"Lamivudine/Nevirapine/Zidovudine 30/50/60mg, dispersible tablets, 60 Tabs",705.79,166571,599655.6,PMO - US,"Mylan,  H-12 & H-13, India",Lamivudine/Nevirapine/Zidovudine,3.6,N/A - From RDC,SO-50020,FPQ-15197,10/16/14,ARV,103-ZW-T30,31-Jul-15,Truck,Pediatric,60,0.06,SCMS from RDC,N/A - From RDC,See DN-4307 (ID#:83920)
11113,DN-61,Generic,CÃte dIvoire,04-May-07,04-May-07,150/300mg,Tablet - FDC,Yes,3179,From RDC,"Lamivudine/Zidovudine 150/300mg, tablets, 60 Tabs",MIssing,10000,102500.0,PMO - US,"Aurobindo Unit III, India",Lamivudine/Zidovudine,10.25,N/A - From RDC,SO-394,Pre-PQ Process,Pre-PQ Process,ARV,100-CI-T01,04-May-07,MIssing,Adult,60,0.17,SCMS from RDC,N/A - From RDC,980
38299,ASN-18662,Generic,Vietnam,03-Apr-13,03-Apr-13,300mg,Tablet,Yes,2006.63,Direct Drop,"Zidovudine 300mg, tablets, 60 Tabs",2.97,418,2403.5,PMO - US,Hetero Unit III Hyderabad IN,Zidovudine,5.75,11-07-12,SCMS-164580,FPQ-10811,10/15/12,ARV,108-VN-T30,03-Apr-13,Air,Adult,60,0.1,HETERO LABS LIMITED,EXW,1089
47136,ASN-19166,Viramune,South Africa,16-Apr-13,16-Apr-13,200mg,Tablet,No,Freight Included in Commodity Cost,Direct Drop,"Nevirapine 200mg [Viramune], tablets, 60 Tabs",5.14,225,4157.82,South Africa Field Office,"Boehringer Ing., Koropi, GR",Nevirapine,18.48,Date Not Captured,SCMS-183950,FPQ-11828,3/18/13,ARV,116-ZA-T30,16-Apr-13,Truck,Adult,60,0.31,S. BUYS WHOLESALER,DDP,Weight Captured Separately
86525,DN-2890,Generic,Uganda,29-Oct-12,29-Oct-12,600mg,Tablet,Yes,2154.1,From RDC,"Efavirenz 600mg, tablets, 30 Tabs",14.42,2700,10287.0,PMO - US,"Aurobindo Unit III, India",Efavirenz,3.81,N/A - From RDC,SO-43180,FPQ-10556,8/30/12,ARV,114-UG-T30,08-Nov-12,Air,Adult,30,0.13,SCMS from RDC,N/A - From RDC,234
41780,ASN-9845,Generic,South Africa,07-Apr-11,07-Apr-11,300mg,Tablet,Yes,13084.26,Direct Drop,"Tenofovir Disoproxil Fumarate 300mg, tablets, 30 Tabs",1316.7,120000,798000.0,PMO - US,"Aurobindo Unit III, India",Tenofovir Disoproxil Fumarate,6.65,12/14/10,SCMS-93530,FPQ-6708,11/26/10,ARV,161-ZA-T30,07-Apr-11,Ocean,Adult,30,0.22,Aurobindo Pharma Limited,DDP,11201
10900,DN-383,Retrovir,Zambia,17-Oct-07,17-Oct-07,100mg,Capsule,Yes,1007.34,From RDC,"Zidovudine 100mg [Retrovir], capsules, 100 Caps",43.65,2623,27279.2,PMO - US,GSK Crawley,Zidovudine,10.4,N/A - From RDC,SO-207,Pre-PQ Process,Pre-PQ Process,ARV,110-ZM-T01,17-Oct-07,MIssing,Pediatric,100,0.1,SCMS from RDC,N/A - From RDC,159
84901,DN-3561,Generic,"Congo, DRC",19-May-14,26-Jun-14,10mg/ml,Oral suspension,No,See DN-3561 (ID#:82654),From RDC,"Nevirapine 10mg/ml, oral suspension w/syringe, Bottle, 240 ml",1.2,630,1171.8,PMO - US,"Aurobindo Unit III, India",Nevirapine,1.86,N/A - From RDC,SO-47630,FPQ-13554,1/15/14,ARV,101-CD-T30,30-May-14,Air,Pediatric,240,0.01,SCMS from RDC,N/A - From RDC,See DN-3561 (ID#:82654)
82723,DN-3865,Generic,Mozambique,30-Oct-14,13-Nov-14,200mg,Tablet,Yes,3290.58,From RDC,"Nevirapine 200mg, tablets, 60 Tabs",4.55,2030,4425.4,PMO - US,Hetero Unit III Hyderabad IN,Nevirapine,2.18,N/A - From RDC,SO-47703,FPQ-13575,1/17/14,ARV,111-MZ-T30,31-Aug-14,Truck,Adult,60,0.04,SCMS from RDC,N/A - From RDC,6342
85152,DN-2019,Generic,Zimbabwe,04-Oct-10,04-Oct-10,150/200/30mg,Tablet - FDC,No,See DN-2019 (ID#:82919),From RDC,"Lamivudine/Nevirapine/Stavudine 150/200/30mg, tablets, 60 Tabs",617.69,50000,286500.0,PMO - US,"Cipla, Goa, India",Lamivudine/Nevirapine/Stavudine,5.73,N/A - From RDC,SO-35380,FPQ-4694,12-08-09,ARV,113-ZW-T30,30-Sep-10,Truck,Adult,60,0.1,SCMS from RDC,N/A - From RDC,See DN-2019 (ID#:82919)
82590,DN-3235,Generic,Burundi,23-Aug-13,23-Aug-13,600mg,Tablet,Yes,4385.44,From RDC,"Efavirenz 600mg, tablets, 30 Tabs",16.61,4032,13426.56,PMO - US,"Aurobindo Unit III, India",Efavirenz,3.33,N/A - From RDC,SO-45160,FPQ-12065,4/22/13,ARV,102-BI-T30,06-Aug-13,Air,Adult,30,0.11,SCMS from RDC,N/A - From RDC,336
5815,ASN-2257,Capillus,Haiti,22-Aug-08,22-Aug-08,MIssing,Test kit,Yes,1372.85,Direct Drop,"HIV 1/2, Capillus HIV Kit, 100 Tests",26.91,121,16819.0,PMO - US,"Trinity Biotech, Plc","HIV 1/2, Capillus HIV Kit",139.0,5/20/08,SCMS-23800,Pre-PQ Process,Pre-PQ Process,HRDT,106-HT-T01,22-Aug-08,Air,HIV test,100,1.39,"Trinity Biotech, Plc",EXW,100
82479,DN-2684,Generic,Nigeria,03-Jun-12,03-Jun-12,150/300/200mg,Tablet - FDC,Yes,17090,From RDC,"Lamivudine/Nevirapine/Zidovudine 150/200/300mg, tablets, 60 Tabs",3392.84,220000,2420000.0,PMO - US,"Aurobindo Unit III, India",Lamivudine/Nevirapine/Zidovudine,11.0,N/A - From RDC,SO-41255,FPQ-8952,12-08-11,ARV,151-NG-T30,04-Jul-12,Air Charter,Adult,60,0.18,SCMS from RDC,N/A - From RDC,28776
83977,DN-1643,Generic,Zambia,05-Mar-10,05-Mar-10,150/200/30mg,Tablet - FDC,No,See DN-1643 (ID#:82293),From RDC,"Lamivudine/Nevirapine/Stavudine 150/200/30mg, tablets, 60 Tabs",261.26,20602,133294.94,PMO - US,"Cipla, Goa, India",Lamivudine/Nevirapine/Stavudine,6.47,N/A - From RDC,SO-33690,FPQ-4273,9/17/09,ARV,110-ZM-T30,15-Mar-10,Truck,Adult,60,0.11,SCMS from RDC,N/A - From RDC,See DN-1643 (ID#:82293)
25103,ASN-13529,Determine,Tanzania,09-Feb-12,09-Feb-12,MIssing,Test kit,Yes,30754.1,Direct Drop,"HIV 1/2, Determine Complete HIV Kit, 100 Tests",462,3500,280000.0,PMO - US,Inverness Japan,"HIV 1/2, Determine Complete HIV Kit",80.0,08-01-11,SCMS-116860,FPQ-8071,7/22/11,HRDT,109-TZ-T30,09-Feb-12,Air,HIV test,100,0.8,"Orgenics, Ltd",EXW,1669
48773,ASN-26759,Determine,Nigeria,09-Jul-14,17-Jul-14,MIssing,Test kit,Yes,59711.34,Direct Drop,"HIV 1/2, Determine Complete HIV Kit, 100 Tests",908.97,9935,884215.0,PMO - US,"Alere Medical Co., Ltd.","HIV 1/2, Determine Complete HIV Kit",89.0,5/19/14,SCMS-239690,FPQ-13741,2/13/14,HRDT,133-NG-T30,09-Jul-14,Air,HIV test,100,0.89,"Orgenics, Ltd",EXW,4038
83476,DN-2075,Generic,Ethiopia,09-Dec-10,09-Dec-10,300mg,Tablet,Yes,1842.95,From RDC,"Tenofovir Disoproxil Fumarate 300mg, tablets, 30 Tabs",22.66,1440,10512.0,PMO - US,Mylan (formerly Matrix) Nashik,Tenofovir Disoproxil Fumarate,7.3,N/A - From RDC,SO-38100,FPQ-6428,9/24/10,ARV,117-ET-T30,15-Dec-10,Air,Adult,30,0.24,SCMS from RDC,N/A - From RDC,88
38827,ASN-6866,Stat-Pak,Guyana,28-May-10,28-May-10,MIssing,Test kit,Yes,283.21,Direct Drop,"HIV 1/2, Stat-Pak HIV, Kit, 20 Tests",0.29,5,135.0,PMO - US,Chembio Diagnostics Sys. Inc.,"HIV 1/2, Stat-Pak HIV, Kit",27.0,4/26/10,SCMS-71640,FPQ-5497,4/15/10,HRDT,102-GY-T30,28-May-10,Air,HIV test,20,1.35,"CHEMBIO DIAGNOSTIC SYSTEMS, INC.",EXW,1
22698,ASN-4606,Truvada,Guyana,17-Aug-09,17-Aug-09,300/200mg,Tablet - FDC,Yes,2748.16,Direct Drop,"Emtricitabine/Tenofovir Disoproxil Fumarate 200/300mg [Truvada], tablets, 30 Tabs",289.94,4900,147931.0,PMO - US,Gilead(Nycomed) Oranienburg DE,Emtricitabine/Tenofovir Disoproxil Fumarate,30.19,6/29/09,SCMS-47960,FPQ-3837,06-08-09,ARV,105-GY-T30,17-Aug-09,Air,Adult,30,1.01,"PUETRO RICO PHARMACEUTICAL, INC.",EXW,390
53371,ASN-15743,Uni-Gold,Zambia,16-Aug-12,16-Aug-12,MIssing,Test kit,Yes,25818.23,Direct Drop,"HIV 1/2, Uni-Gold HIV Kit, 20 Tests",384.38,7280,232960.0,PMO - US,"Trinity Biotech, Plc","HIV 1/2, Uni-Gold HIV Kit",32.0,9/19/11,SCMS-120582,FPQ-8315,8/31/11,HRDT,110-ZM-T30,16-Aug-12,Air,HIV test,20,1.6,"Trinity Biotech, Plc",EXW,2391
66585,ASN-21220,Determine,Nigeria,24-Sep-13,24-Sep-13,MIssing,Test kit,Yes,13325.5,Direct Drop,"HIV 1/2, Determine Complete HIV Kit, 100 Tests",336.44,3056,271984.0,PMO - US,"Alere Medical Co., Ltd.","HIV 1/2, Determine Complete HIV Kit",89.0,07-10-13,SCMS-196560,FPQ-12456,06-10-13,HRDT,133-NG-T30,18-Sep-13,Air,HIV test,100,0.89,"Orgenics, Ltd",EXW,1248
12486,DN-791,Generic,Tanzania,16-Sep-08,16-Sep-08,150/200/30mg,Tablet - FDC,Yes,80239.66,From RDC,"Lamivudine/Nevirapine/Stavudine 150/200/30mg, tablets, 60 Tabs",1838.98,155319,1149360.6,PMO - US,"Cipla, Goa, India",Lamivudine/Nevirapine/Stavudine,7.4,N/A - From RDC,SO-2559,Pre-PQ Process,Pre-PQ Process,ARV,109-TZ-T01,16-Sep-08,Air,Adult,60,0.12,SCMS from RDC,N/A - From RDC,28334
83561,DN-2505,Generic,"Congo, DRC",14-Mar-12,14-Mar-12,300/300mg,Tablet - FDC,Yes,2110.2,From RDC,"Lamivudine/Tenofovir Disoproxil Fumarate 300/300mg, tablets, 30 Tabs",0.45,53,322.24,PMO - US,Mylan (formerly Matrix) Nashik,Lamivudine/Tenofovir Disoproxil Fumarate,6.08,N/A - From RDC,SO-41141,FPQ-8840,11/21/11,ARV,101-CD-T30,16-Mar-12,Air,Adult,30,0.2,SCMS from RDC,N/A - From RDC,220
83190,DN-3438,Generic,Nigeria,26-Nov-13,05-Dec-13,600/300/300mg,Tablet - FDC,Yes,26340,From RDC,"Efavirenz/Lamivudine/Tenofovir Disoproxil Fumarate 600/300/300mg, tablets, 30 Tabs",2758.51,200000,2230000.0,PMO - US,Hetero Unit III Hyderabad IN,Efavirenz/Lamivudine/Tenofovir Disoproxil Fumarate,11.15,N/A - From RDC,SO-47223,FPQ-12248,05-06-13,ARV,151-NG-T30,18-Nov-13,Air Charter,Adult,30,0.37,SCMS from RDC,N/A - From RDC,28992
11992,DN-1320,Generic,Uganda,14-Aug-09,14-Aug-09,150/200/30mg,Tablet - FDC,Yes,1670.63,From RDC,"Lamivudine/Nevirapine/Stavudine 150/200/30mg, tablets, 60 Tabs",22.38,1604,11420.48,PMO - US,"Strides, Bangalore, India.",Lamivudine/Nevirapine/Stavudine,7.12,N/A - From RDC,SO-30081,Pre-PQ Process,Date Not Captured,ARV,114-UG-T01,14-Aug-09,Air,Adult,60,0.12,SCMS from RDC,N/A - From RDC,120
38431,ASN-25470,Determine,Dominican Republic,24-Apr-14,24-Apr-14,MIssing,Test kit,Yes,10159.15,Direct Drop,"HIV 1/2, Determine Complete HIV Kit, 100 Tests",236.85,2400,230400.0,PMO - US,"Alere Medical Co., Ltd.","HIV 1/2, Determine Complete HIV Kit",96.0,3/20/14,SCMS-231360,FPQ-13790,2/26/14,HRDT,105-DO-T30,24-Apr-14,Air,HIV test,100,0.96,"Orgenics, Ltd",EXW,978
86558,DN-3083,Generic,Zimbabwe,08-Apr-13,08-Apr-13,300/300mg,Tablet - FDC,Yes,14451.68,From RDC,"Lamivudine/Tenofovir Disoproxil Fumarate 300/300mg, tablets, 30 Tabs",915.76,138974,653177.8,PMO - US,Hetero Unit III Hyderabad IN,Lamivudine/Tenofovir Disoproxil Fumarate,4.7,N/A - From RDC,SO-43213,FPQ-10632,09-11-12,ARV,113-ZW-T30,15-Apr-13,Truck,Adult,30,0.16,SCMS from RDC,N/A - From RDC,14845
50524,ASN-5349,Kaletra,South Africa,19-Oct-09,19-Oct-09,80/20mg/ml,Oral solution,Yes,Freight Included in Commodity Cost,Direct Drop,"Lopinavir/Ritonavir 80/20mg/ml [Kaletra], oral solution, cool, Bottle 5 x 60 ml",9.48,100,4835.18,PMO - US,ABBVIE (Abbott) Logis. UK,Lopinavir/Ritonavir,48.35,10/15/09,SCMS-55000,FPQ-4359,10-08-09,ARV,116-ZA-T30,19-Oct-09,Truck,Pediatric,300,0.16,S. BUYS WHOLESALER,DDP,Weight Captured Separately
35813,ASN-6934,Kaletra,Guyana,12-Jun-10,12-Jun-10,80/20mg/ml,Oral solution,Yes,1831.83,Direct Drop,"Lopinavir/Ritonavir 80/20mg/ml [Kaletra], oral solution, cool, Bottle 5 x 60 ml",24.99,141,11590.2,PMO - US,ABBVIE (Abbott) Logis. UK,Lopinavir/Ritonavir,82.2,4/23/10,SCMS-71680,FPQ-5472,4/15/10,ARV,105-GY-T30,12-Jun-10,Air,Pediatric,300,0.27,ABBVIE LOGISTICS (FORMERLY ABBOTT LOGISTICS BV),FCA,225
19244,ASN-28279,Uni-Gold,"Congo, DRC",04-Nov-14,20-Nov-14,MIssing,Test kit,No,See ASN-28279 (ID#:13547),Direct Drop,"HIV 1/2, Uni-Gold HIV Kit, 20 Tests",0.3,9,288.0,PMO - US,"Trinity Biotech, Plc","HIV 1/2, Uni-Gold HIV Kit",32.0,8/27/14,SCMS-253260,FPQ-14654,08-11-14,HRDT,101-CD-T30,04-Nov-14,Air,HIV test,20,1.6,"Trinity Biotech, Plc",EXW,See ASN-28279 (ID#:13547)
38590,ASN-7476,Generic,Rwanda,13-Jul-10,13-Jul-10,250mg,Delayed-release capsules,Yes,717,Direct Drop,"Didanosine 250mg, delayed-release capsules, 30 Caps",17.18,599,7966.7,PMO - US,"Aurobindo Unit III, India",Didanosine,13.3,02-09-10,SCMS-64480,FPQ-4954,1/29/10,ARV,107-RW-T30,13-Jul-10,Air,Adult,30,0.44,Aurobindo Pharma Limited,CIP,41
10960,DN-663,Generic,Tanzania,23-Apr-08,23-Apr-08,150/300mg,Tablet - FDC,Yes,16430.72,From RDC,"Lamivudine/Zidovudine 150/300mg, tablets, 60 Tabs",780.73,51364,487958.0,PMO - US,"Aurobindo Unit III, India",Lamivudine/Zidovudine,9.5,N/A - From RDC,SO-1695,Pre-PQ Process,Pre-PQ Process,ARV,109-TZ-T01,22-Apr-08,MIssing,Adult,60,0.16,SCMS from RDC,N/A - From RDC,5372
83046,DN-2697,Generic,"Congo, DRC",11-Sep-12,11-Sep-12,10mg/ml,Oral suspension,No,See DN-2697 (ID#:83045),From RDC,"Nevirapine 10mg/ml, oral suspension w/syringe, Bottle, 240 ml",4.1,1500,2925.0,PMO - US,"Aurobindo Unit III, India",Nevirapine,1.95,N/A - From RDC,SO-41850,FPQ-9640,04-02-12,ARV,102-CD-T30,11-Sep-12,Air,Pediatric,240,0.01,SCMS from RDC,N/A - From RDC,See DN-2697 (ID#:83045)
17228,ASN-6250,Generic,Vietnam,20-Mar-10,20-Mar-10,300mg,Tablet,Yes,9013.85,Direct Drop,"Zidovudine 300mg, tablets, 60 Tabs",4.94,336,2520.0,PMO - US,Mylan (formerly Matrix) Nashik,Zidovudine,7.5,11-03-09,SCMS-56300,FPQ-4265,10/20/09,ARV,108-VN-T30,20-Mar-10,Air,Adult,60,0.12,MYLAN LABORATORIES LTD (FORMERLY MATRIX LABORATORIES),EXW,120
84560,DN-1799,Generic,CÃte dIvoire,07-May-10,07-May-10,600mg,Tablet,Yes,19150.15,From RDC,"Efavirenz 600mg, tablets, 30 Tabs",461.95,45108,214263.0,PMO - US,"Aurobindo Unit III, India",Efavirenz,4.75,N/A - From RDC,SO-35560,FPQ-4659,12-08-09,ARV,104-CI-T30,10-May-10,Air,Adult,30,0.16,SCMS from RDC,N/A - From RDC,9863
86631,DN-3425,Generic,Guyana,02-Dec-13,20-Dec-13,300mg,Tablet,No,See DN-3425 (ID#:82618),From RDC,"Abacavir 300mg, tablets, 60 Tabs",0.95,67,767.82,PMO - US,"Aurobindo Unit III, India",Abacavir,11.46,N/A - From RDC,SO-46090,FPQ-12619,7/16/13,ARV,105-GY-T30,31-Dec-13,Air,Adult,60,0.19,SCMS from RDC,N/A - From RDC,See DN-3425 (ID#:82618)
5365,ASN-664,Generic,Haiti,13-Aug-07,13-Aug-07,MIssing,Test kit - Ancillary,Yes,Invoiced Separately,Direct Drop,"HIV, Lancet, Safety, for HIV Test kits, 100 Pcs",0.01,450,4.5,PMO - US,Inverness Japan,"HIV, Lancet, Safety, for HIV Test kits, 100 Pcs",0.01,7/26/07,SCMS-10080,Pre-PQ Process,Pre-PQ Process,HRDT,100-HT-T01,13-Aug-07,Air,HIV test - Ancillary,100,0.0,"Orgenics, Ltd",EXW,Weight Captured Separately
50309,ASN-18910,Generic,Uganda,10-Apr-13,10-Apr-13,50mg,Capsule,Yes,1021.34,Direct Drop,"Efavirenz 50mg, capsule, 30 Caps",0.42,168,336.0,PMO - US,"Micro labs, Verna, Goa, India",Efavirenz,2.0,02-07-13,SCMS-177120,FPQ-11153,12/13/12,ARV,114-UG-T30,10-Apr-13,Air,Pediatric,30,0.07,MICRO LABS LIMITED,EXW,8
12811,DN-774,Determine,Zimbabwe,17-Jun-08,17-Jun-08,MIssing,Test kit,No,See DN-774 (ID#:11268),From RDC,"HIV 1/2, Determine HIV Kit, without Lancets, 100 Tests",207.33,1800,129582.0,PMO - US,Inverness Japan,"HIV 1/2, Determine HIV Kit, without Lancets",71.99,N/A - From RDC,SO-1053,Pre-PQ Process,Pre-PQ Process,HRDT,113-ZW-T01,17-Jun-08,Truck,HIV test,100,0.72,SCMS from RDC,N/A - From RDC,See DN-774 (ID#:11268)
82496,DN-2774,Generic,Nigeria,24-Jul-12,24-Jul-12,150mg,Tablet,Yes,16532.5,From RDC,"Lamivudine 150mg, tablets, 60 Tabs",32.6,9980,23253.4,PMO - US,Hetero Unit III Hyderabad IN,Lamivudine,2.33,N/A - From RDC,SO-41260,FPQ-8952,12-08-11,ARV,151-NG-T30,31-Jul-12,Air Charter,Adult,60,0.04,SCMS from RDC,N/A - From RDC,642
85707,DN-2013,Generic,CÃte dIvoire,25-Sep-10,25-Sep-10,150/30mg,Tablet - FDC,Yes,8953.21,From RDC,"Lamivudine/Stavudine 150/30mg, tablets, 60 Tabs",16.8,2376,7793.28,PMO - US,Mylan (formerly Matrix) Nashik,Lamivudine/Stavudine,3.28,N/A - From RDC,SO-37142,FPQ-5925,6/23/10,ARV,104-CI-T30,30-Sep-10,Truck,Adult,60,0.05,SCMS from RDC,N/A - From RDC,189
83420,DN-1792,Generic,Nigeria,18-May-10,18-May-10,150/300/200mg,Tablet - FDC,Yes,9736.1,From RDC,"Lamivudine/Nevirapine/Zidovudine 150/200/300mg, tablets, 60 Tabs",967.61,40000,448800.0,PMO - US,"Aurobindo Unit III, India",Lamivudine/Nevirapine/Zidovudine,11.22,N/A - From RDC,SO-36006,FPQ-4537,11-06-09,ARV,151-NG-T30,31-May-10,Air Charter,Adult,60,0.19,SCMS from RDC,N/A - From RDC,4692
3848,ASN-4403,Generic,Vietnam,03-Aug-09,03-Aug-09,600mg,Tablet,Yes,4453.71,Direct Drop,"Efavirenz 600mg, tablets, 30 Tabs",83.47,6552,42588.0,PMO - US,Mylan (formerly Matrix) Nashik,Efavirenz,6.5,4/29/09,SCMS-45020,Pre-PQ Process,Pre-PQ Process,ARV,108-VN-T01,03-Aug-09,Air,Adult,30,0.22,MYLAN LABORATORIES LTD (FORMERLY MATRIX LABORATORIES),EXW,524
31368,ASN-29183,Generic,Namibia,25-Nov-14,26-Nov-14,600/200/300mg,Tablet - FDC,Yes,17969.34,Direct Drop,"Efavirenz/Emtricitabine/Tenofovir Disoproxil Fumarate 600/200/300mg, tablets, 30 Tabs",140.32,13000,136500.0,PMO - US,"Mylan,  H-12 & H-13, India",Efavirenz/Emtricitabine/Tenofovir Disoproxil Fumarate,10.5,8/19/14,SCMS-252630,FPQ-14728,7/30/14,ARV,901-NA-T30,25-Nov-14,Air,Adult,30,0.35,MYLAN LABORATORIES LTD (FORMERLY MATRIX LABORATORIES),EXW,3575
2684,ASN-93,Generic,Nigeria,07-Dec-06,07-Dec-06,40mg,Capsule,No,See ASN-93 (ID#:1281),Direct Drop,"Stavudine 40mg, capsules, 60 Caps",MIssing,166,356.9,PMO - US,"Aurobindo Unit III, India",Stavudine,2.15,Date Not Captured,SCMS-156,Pre-PQ Process,Pre-PQ Process,ARV,112-NG-T01,07-Dec-06,Air,Adult,60,0.04,Aurobindo Pharma Limited,EXW,See ASN-93 (ID#:1281)
11260,DN-730,Generic,Nigeria,26-May-08,26-May-08,150/300mg,Tablet - FDC,Yes,2446.58,From RDC,"Lamivudine/Zidovudine 150/300mg, tablets, 60 Tabs",28.53,1887,17832.15,PMO - US,"Aurobindo Unit III, India",Lamivudine/Zidovudine,9.45,N/A - From RDC,SO-2501,Pre-PQ Process,Pre-PQ Process,ARV,130-NG-T01,26-May-08,Air,Adult,60,0.16,SCMS from RDC,N/A - From RDC,273
85125,DN-1894,Generic,Nigeria,28-Jun-10,28-Jun-10,200mg,Tablet,Yes,Freight Included in Commodity Cost,From RDC,"Nevirapine 200mg, tablets, 60 Tabs",117.72,20000,54600.0,PMO - US,"Strides, Bangalore, India.",Nevirapine,2.73,N/A - From RDC,SO-36461,FPQ-5023,02-10-10,ARV,151-NG-T30,15-Jul-10,Air,Adult,60,0.05,SCMS from RDC,N/A - From RDC,1370
3080,ASN-1664,Stocrin/Sustiva,South Africa,29-Feb-08,29-Feb-08,200mg,Capsule,Yes,Freight Included in Commodity Cost,Direct Drop,"Efavirenz 200mg [Stocrin/Sustiva], capsule, 90 Caps",0.9,20,563.0,PMO - US,"MSD Midrand, Jburg, SA",Efavirenz,28.15,2/20/08,SCMS-19800,Pre-PQ Process,Pre-PQ Process,ARV,116-ZA-T01,24-Apr-08,Truck,Pediatric,90,0.31,S. BUYS WHOLESALER,DDP,Weight Captured Separately
466,ASN-1741,Uni-Gold,Ethiopia,09-May-08,09-May-08,MIssing,Test kit,Yes,Freight Included in Commodity Cost,Direct Drop,"HIV 1/2, Uni-Gold HIV Kit, 20 Tests",1.11,15,691.42,PMO - US,"Trinity Biotech, Plc","HIV 1/2, Uni-Gold HIV Kit",46.09,Date Not Captured,SCMS-21550,Pre-PQ Process,Pre-PQ Process,HRDT,117-ET-T01,09-May-08,Air,HIV test,20,2.3,TURE PHARMACEUTICALS & MEDICAL SUPPLIES P.L.C.,DDP,Weight Captured Separately
85073,DN-1530,Generic,Haiti,30-Nov-09,30-Nov-09,10mg/ml,Oral suspension,No,See DN-1530 (ID#:83964),From RDC,"Nevirapine 10mg/ml, oral suspension, Bottle, 240 ml",19.47,4704,9031.68,PMO - US,"Aurobindo Unit III, India",Nevirapine,1.92,N/A - From RDC,SO-34240,FPQ-4469,9/23/09,ARV,106-HT-T30,30-Nov-09,Air,Pediatric,240,0.01,SCMS from RDC,N/A - From RDC,See DN-1530 (ID#:83964)
12046,DN-74,Generic,CÃte dIvoire,30-Apr-07,30-Apr-07,150/300mg,Tablet - FDC,No,See DN-74 (ID#:12045),From RDC,"Lamivudine/Zidovudine 150/300mg, tablets, 60 Tabs",MIssing,6944,71176.0,PMO - US,"Aurobindo Unit III, India",Lamivudine/Zidovudine,10.25,N/A - From RDC,SO-285,Pre-PQ Process,Pre-PQ Process,ARV,100-CI-T01,30-Apr-07,MIssing,Adult,60,0.17,SCMS from RDC,N/A - From RDC,See DN-74 (ID#:12045)
19406,ASN-18664,Generic,Vietnam,02-Apr-13,02-Apr-13,300mg,Tablet,Yes,3565.08,Direct Drop,"Zidovudine 300mg, tablets, 60 Tabs",7.7,1082,6221.5,PMO - US,Hetero Unit III Hyderabad IN,Zidovudine,5.75,11-07-12,SCMS-164680,FPQ-10811,10/15/12,ARV,108-VN-T30,02-Apr-13,Air,Adult,60,0.1,HETERO LABS LIMITED,EXW,2228
67541,ASN-6680,Invirase,Nigeria,21-May-10,21-May-10,500mg,Tablet,Yes,Invoiced Separately,Direct Drop,"Saquinavir 500mg [Invirase], tablets, 120 Tabs",446.83,2106,207249.44,PMO - US,Roche Basel,Saquinavir,98.41,12/22/09,SCMS-59990,FPQ-4574,11/19/09,ARV,151-NG-T30,21-May-10,Air,Adult,120,0.82,Hoffmann-La Roche ltd Basel,FCA,Weight Captured Separately
36209,ASN-27978,Generic,South Africa,27-Aug-14,27-Aug-14,400mg,Delayed-release capsules,No,Freight Included in Commodity Cost,Direct Drop,"Didanosine 400mg, delayed-release capsules, 30 Caps",0.43,16,349.87,PMO - US,"Aurobindo Unit III, India",Didanosine,21.87,8/27/14,SCMS-199283,FPQ-12522,07-11-13,ARV,116-ZA-T30,27-Aug-14,Truck,Adult,30,0.73,S. BUYS WHOLESALER,DDP,Weight Captured Separately
86598,DN-3293,Generic,Zimbabwe,20-Sep-13,20-Sep-13,30/50/60mg,Chewable/dispersible tablet - FDC,Yes,4529.65,From RDC,"Lamivudine/Nevirapine/Zidovudine 30/50/60mg, dispersible tablets, 60 Tabs",316.18,61591,255602.65,PMO - US,"Strides, Bangalore, India.",Lamivudine/Nevirapine/Zidovudine,4.15,N/A - From RDC,SO-44291,FPQ-11478,1/16/13,ARV,103-ZW-T30,12-Sep-13,Truck,Pediatric,60,0.07,SCMS from RDC,N/A - From RDC,2641
82309,DN-1740,Generic,Nigeria,31-Mar-10,31-Mar-10,200mg,Tablet,Yes,Freight Included in Commodity Cost,From RDC,"Nevirapine 200mg, tablets, 60 Tabs",110.65,18799,51321.27,PMO - US,Hetero Unit III Hyderabad IN,Nevirapine,2.73,N/A - From RDC,SO-34892,FPQ-4537,11-06-09,ARV,151-NG-T30,19-Apr-10,Air Charter,Adult,60,0.05,SCMS from RDC,N/A - From RDC,1098
53997,ASN-17272,Generic,Nigeria,12-Dec-12,12-Dec-12,300/100mg,Tablet,Yes,25732.17,Direct Drop,"Atazanavir/Ritonavir 300/100mg, tablets, 30 Tabs",1196.41,37927,853357.5,PMO - US,Mylan (formerly Matrix) Nashik,Atazanavir/Ritonavir,22.5,6/26/12,SCMS-150370,FPQ-9984,06-11-12,ARV,151-NG-T30,12-Dec-12,Air,Adult,30,0.75,MYLAN LABORATORIES LTD (FORMERLY MATRIX LABORATORIES),EXW,5059
11529,DN-692,Generic,Haiti,03-Apr-08,03-Apr-08,600mg,Tablet,No,See DN-692 (ID#:11233),From RDC,"Efavirenz 600mg, tablets, 30 Tabs",360.49,18760,225307.6,PMO - US,Mylan (formerly Matrix) Nashik,Efavirenz,12.01,N/A - From RDC,SO-2058,Pre-PQ Process,Pre-PQ Process,ARV,106-HT-T01,03-Apr-08,Air,Adult,30,0.4,SCMS from RDC,N/A - From RDC,See DN-692 (ID#:11233)
10588,DN-323,Crixivan,CÃte dIvoire,14-Sep-07,14-Sep-07,400mg,Capsule,Yes,7629.94,From RDC,"Indinavir 400mg [Crixivan], capsules, 180 Caps",86.08,1076,53800.0,PMO - US,MSD Elkton USA,Indinavir,50.0,N/A - From RDC,SO-963,Pre-PQ Process,Pre-PQ Process,ARV,104-CI-T01,14-Sep-07,MIssing,Adult,180,0.28,SCMS from RDC,N/A - From RDC,1286
85863,DN-2685,Generic,Nigeria,03-Jun-12,03-Jun-12,600/300/300mg,Tablet - FDC,Yes,17090,From RDC,"Efavirenz/Lamivudine/Tenofovir Disoproxil Fumarate 600/300/300mg, tablets, 30 Tabs",395.36,20000,282000.0,PMO - US,Mylan (formerly Matrix) Nashik,Efavirenz/Lamivudine/Tenofovir Disoproxil Fumarate,14.1,N/A - From RDC,SO-42330,FPQ-8952,12-08-11,ARV,151-NG-T30,20-Jun-12,Air Charter,Adult,30,0.47,SCMS from RDC,N/A - From RDC,2334
3441,ASN-3508,Determine,Zambia,18-Mar-09,18-Mar-09,MIssing,Test kit,Yes,12646.15,Direct Drop,"HIV 1/2, Determine HIV Kit, without Lancets, 100 Tests",776.05,5500,395945.0,PMO - US,Inverness Japan,"HIV 1/2, Determine HIV Kit, without Lancets",71.99,10-02-08,SCMS-31390,Pre-PQ Process,Pre-PQ Process,HRDT,110-ZM-T01,18-Mar-09,Air,HIV test,100,0.72,"Orgenics, Ltd",EXW,1624
11764,DN-317,Generic,Zimbabwe,28-Aug-07,28-Aug-07,200mg,Tablet,Yes,912.45,From RDC,"Nevirapine 200mg, tablets, 60 Tabs",9.57,1629,5978.43,PMO - US,"Aurobindo Unit III, India",Nevirapine,3.67,N/A - From RDC,SO-292,Pre-PQ Process,Pre-PQ Process,ARV,113-ZW-T01,28-Aug-07,MIssing,Adult,60,0.06,SCMS from RDC,N/A - From RDC,152
5794,ASN-2489,Aluvia,Vietnam,16-Nov-08,16-Nov-08,200/50mg,Tablet,Yes,2519.89,Direct Drop,"Lopinavir/Ritonavir 200/50mg [Aluvia], tablets, 120 Tabs",136.78,1040,85488.0,PMO - US,ABBVIE Ludwigshafen Germany,Lopinavir/Ritonavir,82.2,5/13/08,SCMS-23350,Pre-PQ Process,Pre-PQ Process,ARV,108-VN-T01,16-Nov-08,Air,Adult,120,0.68,ABBVIE LOGISTICS (FORMERLY ABBOTT LOGISTICS BV),FCA,251
47864,ASN-7170,Aluvia,Vietnam,21-Jun-10,21-Jun-10,200/50mg,Tablet,Yes,6937.66,Direct Drop,"Lopinavir/Ritonavir 200/50mg [Aluvia], tablets, 120 Tabs",316.34,1785,146727.0,PMO - US,ABBVIE Ludwigshafen Germany,Lopinavir/Ritonavir,82.2,3/31/10,SCMS-68820,FPQ-5094,3/15/10,ARV,108-VN-T30,21-Jun-10,Air,Adult,120,0.68,ABBVIE LOGISTICS (FORMERLY ABBOTT LOGISTICS BV),FCA,266
84742,DN-2806,Generic,CÃte dIvoire,27-Aug-12,27-Aug-12,300/150/300mg,Tablet - FDC,Yes,2128.15,From RDC,"Abacavir/Lamivudine/Zidovudine 300/150/300mg, tablets, 60 Tabs",80.47,2050,57400.0,PMO - US,Mylan (formerly Matrix) Nashik,Abacavir/Lamivudine/Zidovudine,28.0,N/A - From RDC,SO-42350,FPQ-9749,4/19/12,ARV,104-CI-T30,01-Oct-12,Truck,Adult,60,0.47,SCMS from RDC,N/A - From RDC,312
82493,DN-2763,Generic,Zambia,01-Aug-12,01-Aug-12,300mg,Tablet,Yes,11188.53,From RDC,"Abacavir 300mg, tablets, 60 Tabs",46.3,2548,33022.08,PMO - US,"Aurobindo Unit III, India",Abacavir,12.96,N/A - From RDC,SO-41720,FPQ-9472,03-08-12,ARV,110-ZM-T30,31-Jul-12,Truck,Adult,60,0.22,SCMS from RDC,N/A - From RDC,3090
54984,ASN-22082,Generic,Tanzania,21-Nov-13,21-Nov-13,100/25mg,Tablet,Yes,3940.54,Direct Drop,"Lopinavir/Ritonavir 100/25mg [Aluvia], tablets, 60 Tabs",20.1,2736,16251.84,PMO - US,ABBVIE Ludwigshafen Germany,Lopinavir/Ritonavir,5.94,08-09-13,SCMS-202300,FPQ-12588,7/15/13,ARV,109-TZ-T30,21-Nov-13,Air,Pediatric,60,0.1,ABBVIE LOGISTICS (FORMERLY ABBOTT LOGISTICS BV),FCA,328
12396,DN-304,Generic,Mozambique,21-Sep-07,21-Sep-07,10mg/ml,Oral solution,No,See DN-304 (ID#:10589),From RDC,"Zidovudine 10mg/ml, oral solution, Bottle, 240 ml",13.81,2185,8630.75,PMO - US,"Aurobindo Unit III, India",Zidovudine,3.95,N/A - From RDC,SO-298,Pre-PQ Process,Pre-PQ Process,ARV,111-MZ-T01,21-Sep-07,Air,Pediatric,240,0.02,SCMS from RDC,N/A - From RDC,See DN-304 (ID#:10589)
86067,DN-3607,Generic,Uganda,18-Apr-14,28-Apr-14,150/300/200mg,Tablet - FDC,Yes,4947.38,From RDC,"Lamivudine/Nevirapine/Zidovudine 150/200/300mg, tablets, 60 Tabs",289.88,34138,281979.88,PMO - US,"Aurobindo Unit III, India",Lamivudine/Nevirapine/Zidovudine,8.26,N/A - From RDC,SO-46872,FPQ-13108,10/16/13,ARV,114-UG-T30,21-Mar-14,Truck,Adult,60,0.14,SCMS from RDC,N/A - From RDC,4009
83727,DN-3365,Generic,Nigeria,14-Oct-13,24-Oct-13,60/30mg,Tablet - FDC,Yes,20225.07,From RDC,"Abacavir/Lamivudine 60/30mg, tablets, 30 Tabs",29.69,6000,24000.0,PMO - US,Mylan (formerly Matrix) Nashik,Abacavir/Lamivudine,4.0,N/A - From RDC,SO-44926,FPQ-11864,3/14/13,ARV,151-NG-T30,31-Oct-13,Air Charter,Pediatric,30,0.13,SCMS from RDC,N/A - From RDC,290
85186,DN-2201,Generic,Uganda,01-Jun-11,01-Jun-11,600mg,Tablet,No,See DN-2201 (ID#:84644),From RDC,"Efavirenz 600mg, tablets, 30 Tabs",20.54,2950,12449.0,PMO - US,Mylan (formerly Matrix) Nashik,Efavirenz,4.22,N/A - From RDC,SO-39140,FPQ-7395,03-11-11,ARV,114-UG-T30,06-Jun-11,Truck,Adult,30,0.14,SCMS from RDC,N/A - From RDC,See DN-2201 (ID#:84644)
71009,ASN-12572,Uni-Gold,Liberia,31-Oct-11,31-Oct-11,MIssing,Test kit,Yes,498.72,Direct Drop,"HIV 1/2, Uni-Gold HIV Kit, 20 Tests",1.06,20,640.0,PMO - US,"Trinity Biotech, Plc","HIV 1/2, Uni-Gold HIV Kit",32.0,8/18/11,SCMS-118690,FPQ-8135,08-04-11,HRDT,901-LR-T30,31-Oct-11,Air,HIV test,20,1.6,"Trinity Biotech, Plc",EXW,7
26558,ASN-11793,Generic,Nigeria,13-Sep-11,13-Sep-11,500/25mg,Tablet - FDC + blister,Yes,365.48,Direct Drop,"Sulfadoxine/Pyrimethamine 500/25mg, tablets, Blister 10 x 3 Tabs",0.54,300,330.0,PMO - US,"Remedica, Limassol, Cyprus",Sulfadoxine/Pyrimethamine,1.1,6/21/11,SCMS-111230,FPQ-7742,5/31/11,ANTM,123-NG-T30,13-Sep-11,Air,Malaria,30,0.04,IDA FOUNDATION,EXW,13
49832,ASN-20331,Determine,South Sudan,20-Sep-13,20-Sep-13,MIssing,Test kit,No,See ASN-20331 (ID#:34113),Direct Drop,"HIV 1/2, Determine Complete HIV Kit, 100 Tests",27.52,250,22250.0,PMO - US,"Alere Medical Co., Ltd.","HIV 1/2, Determine Complete HIV Kit",89.0,2/26/13,SCMS-176931,FPQ-11539,1/24/13,HRDT,105-SS-T30,20-Sep-13,Air,HIV test,100,0.89,"Orgenics, Ltd",EXW,See ASN-20331 (ID#:34113)
86172,DN-4157,Generic,Zimbabwe,17-Mar-15,18-Mar-15,30/50/60mg,Chewable/dispersible tablet - FDC,No,See DN-4157 (ID#:82779),From RDC,"Lamivudine/Nevirapine/Zidovudine 30/50/60mg, dispersible tablets, 60 Tabs",16.84,4550,16380.0,PMO - US,Mylan (formerly Matrix) Nashik,Lamivudine/Nevirapine/Zidovudine,3.6,N/A - From RDC,SO-48440,FPQ-13967,04-02-14,ARV,103-ZW-T30,07-Mar-15,Truck,Pediatric,60,0.06,SCMS from RDC,N/A - From RDC,See DN-4157 (ID#:82779)
79361,ASN-28036,Generic,South Africa,29-Aug-14,29-Aug-14,200mg,Capsule,No,Freight Included in Commodity Cost,Direct Drop,"Efavirenz 200mg, capsule, 90 Caps",2.41,75,1952.27,PMO - US,"Aurobindo Unit III, India",Efavirenz,26.03,8/29/14,SCMS-199289,FPQ-12522,07-11-13,ARV,116-ZA-T30,29-Aug-14,Truck,Pediatric,90,0.29,S. BUYS WHOLESALER,DDP,Weight Captured Separately
11114,DN-104,Generic,Zambia,03-May-07,03-May-07,150/300mg,Tablet - FDC,Yes,19288.91,From RDC,"Lamivudine/Zidovudine 150/300mg, tablets, 60 Tabs",MIssing,50549,518127.25,PMO - US,"Aurobindo Unit III, India",Lamivudine/Zidovudine,10.25,N/A - From RDC,SO-211,Pre-PQ Process,Pre-PQ Process,ARV,110-ZM-T01,03-May-07,MIssing,Adult,60,0.17,SCMS from RDC,N/A - From RDC,4680
11496,DN-482,Generic,Zambia,22-Feb-08,22-Feb-08,20mg/ml,Oral solution,Yes,33363.16,From RDC,"Abacavir 20mg/ml, oral solution, Bottle, 240 ml",55.2,2091,34501.5,PMO - US,"Aurobindo Unit III, India",Abacavir,16.5,N/A - From RDC,SO-755,Pre-PQ Process,Pre-PQ Process,ARV,110-ZM-T01,22-Feb-08,MIssing,Pediatric,240,0.07,SCMS from RDC,N/A - From RDC,9386
1196,ASN-4324,OraQuick,Botswana,10-Jul-09,10-Jul-09,MIssing,Test kit,Yes,684.42,Direct Drop,"HIV 1/2, OraQuick Advance HIV Rapid Antibody Kit, 100 Tests",3.43,5,1750.0,PMO - US,"Pacific Biotech, Thailand","HIV 1/2, OraQuick Advance HIV Rapid Antibody Kit",350.0,5/27/09,SCMS-46071,Pre-PQ Process,Pre-PQ Process,HRDT,102-BW-T01,12-Jun-09,Air,HIV test,100,3.5,Orasure Technologies Inc.,EXW,12
82815,DN-4325,Generic,Uganda,08-Aug-15,10-Aug-15,600/300mg,Tablet - FDC,Yes,Invoiced Separately,From RDC,"Abacavir/Lamivudine 600/300mg, tablets, 30 Tabs",97.58,6324,82907.64,PMO - US,Mylan (formerly Matrix) Nashik,Abacavir/Lamivudine,13.11,N/A - From RDC,SO-50055,FPQ-15294,11-03-14,ARV,114-UG-T30,14-Aug-15,Truck,Adult,30,0.44,SCMS from RDC,N/A - From RDC,Weight Captured Separately
60109,ASN-28293,Kaletra,Zimbabwe,09-Oct-14,13-Oct-14,80/20mg/ml,Oral solution,Yes,26515.21,Direct Drop,"Lopinavir/Ritonavir 80/20mg/ml [Kaletra], oral solution, cool, Bottle 5 x 60 ml",120.21,3794,116931.08,PMO - US,ABBVIE (Abbott) Logis. UK,Lopinavir/Ritonavir,30.82,5/15/14,SCMS-239160,FPQ-13969,04-08-14,ARV,103-ZW-T30,09-Oct-14,Air,Pediatric,300,0.1,ABBVIE LOGISTICS (FORMERLY ABBOTT LOGISTICS BV),EXW,3287
84001,DN-1828,Generic,Zambia,11-May-10,11-May-10,150/300mg,Tablet - FDC,Yes,4964.27,From RDC,"Lamivudine/Zidovudine 150/300mg, tablets, 60 Tabs",471.13,27440,240374.4,PMO - US,"Aurobindo Unit III, India",Lamivudine/Zidovudine,8.76,N/A - From RDC,SO-33700,FPQ-4273,9/17/09,ARV,110-ZM-T30,17-May-10,Truck,Adult,60,0.15,SCMS from RDC,N/A - From RDC,2475
71219,ASN-14107,Determine,Swaziland,02-Apr-12,02-Apr-12,MIssing,Test kit,Yes,1360.14,Direct Drop,"HIV 1/2, Determine Complete HIV Kit, 100 Tests",14.58,130,10400.0,PMO - US,"Alere Medical Co., Ltd.","HIV 1/2, Determine Complete HIV Kit",80.0,02-06-12,SCMS-135100,FPQ-9212,1/19/12,HRDT,102-SZ-T30,02-Apr-12,Air,HIV test,100,0.8,"Orgenics, Ltd",EXW,60
11724,DN-187,Generic,Zimbabwe,12-Jun-07,12-Jun-07,300mg,Tablet,No,See DN-187 (ID#:10825),From RDC,"Zidovudine 300mg, tablets, 60 Tabs",8.35,534,5217.18,PMO - US,"Ranbaxy, Paonta Shahib, India",Zidovudine,9.77,N/A - From RDC,SO-279,Pre-PQ Process,Pre-PQ Process,ARV,113-ZW-T01,12-Jun-07,MIssing,Adult,60,0.16,SCMS from RDC,N/A - From RDC,See DN-187 (ID#:10825)
43486,ASN-29589,Norvir,Vietnam,15-Jan-15,24-Feb-15,100mg,Tablet,Yes,1475.95,Direct Drop,"Ritonavir 100mg [Norvir], film coated tablets, 30 Tabs",4.78,200,4652.0,PMO - US,ABBVIE Ludwigshafen Germany,Ritonavir,23.26,08-11-14,SCMS-249031,FPQ-14516,07-09-14,ARV,108-VN-T30,15-Jan-15,Air,Adult,30,0.78,ABBVIE LOGISTICS (FORMERLY ABBOTT LOGISTICS BV),FCA,22
65487,ASN-12821,Ziagen,South Africa,09-Jan-12,09-Jan-12,20mg/ml,Oral solution,Yes,4228.61,Direct Drop,"Abacavir 20mg/ml [Ziagen], oral solution, Bottle, 240 ml",153.12,10000,92800.0,PMO - US,GSK Mississauga (Canada),Abacavir,9.28,3/30/11,SCMS-104190,FPQ-7400,03-11-11,ARV,161-ZA-T30,09-Jan-12,Ocean,Pediatric,240,0.04,GLAXOSMITHKLINE EXPORT LIMITED,DDP,3853
47473,ASN-33622,Kaletra,Zimbabwe,20-Aug-15,21-Aug-15,80/20mg/ml,Oral solution,Yes,Freight Included in Commodity Cost,Direct Drop,"Lopinavir/Ritonavir 80/20mg/ml [Kaletra], oral solution, cool, Bottle 5 x 60 ml",163.13,4497,138597.54,PMO - US,ABBVIE (Abbott) Logis. UK,Lopinavir/Ritonavir,30.82,07-10-15,SCMS-294730,FPQ-16527,07-01-15,ARV,103-ZW-T30,20-Aug-15,Air,Pediatric,300,0.1,ABBVIE LOGISTICS (FORMERLY ABBOTT LOGISTICS BV),FCA,3968
48821,ASN-27422,Generic,Haiti,12-Sep-14,17-Sep-14,10mg/ml,Oral solution,Yes,Invoiced Separately,Direct Drop,"Zidovudine 10mg/ml, oral solution, Bottle, 240 ml",1.88,936,1825.2,PMO - US,"Cipla, Goa, India",Zidovudine,1.95,05-01-14,SCMS-233960,FPQ-13797,3/20/14,ARV,106-HT-T30,12-Sep-14,Air,Pediatric,240,0.01,CIPLA LIMITED,EXW,Weight Captured Separately
82522,DN-2893,Generic,CÃte dIvoire,26-Oct-12,26-Oct-12,200/50mg,Tablet,Yes,1783.64,From RDC,"Lopinavir/Ritonavir 200/50mg, tablets, 120 Tabs",18.83,503,13430.1,PMO - US,"Aurobindo Unit III, India",Lopinavir/Ritonavir,26.7,N/A - From RDC,SO-41371,FPQ-9136,01-02-12,ARV,104-CI-T30,31-Oct-12,Truck,Adult,120,0.22,SCMS from RDC,N/A - From RDC,123
62,ASN-144,InstantCHEK,Nigeria,10-Jan-07,10-Jan-07,MIssing,Test kit,Yes,Invoiced Separately,Direct Drop,"HIV 1/2, InstantChek HIV 1+2 Kit, 100 Tests",MIssing,10,850.0,PMO - US,"EY Laboratories, USA","HIV 1/2, InstantChek HIV 1+2 Kit",85.0,Date Not Captured,SCMS-230,Pre-PQ Process,Pre-PQ Process,HRDT,102-NG-T01,10-Jan-07,Air,HIV test,100,0.85,EY Laboratories,EXW,Weight Captured Separately
10647,DN-479,Generic,Zimbabwe,05-Feb-08,05-Feb-08,600mg,Tablet,Yes,13356.65,From RDC,"Efavirenz 600mg, tablets, 30 Tabs",36.96,1860,23101.2,PMO - US,"Cipla, Goa, India",Efavirenz,12.42,N/A - From RDC,SO-708,Pre-PQ Process,Pre-PQ Process,ARV,100-ZW-T01,05-Feb-08,Air,Adult,30,0.41,SCMS from RDC,N/A - From RDC,2425
37489,ASN-5441,Generic,South Africa,30-Sep-09,30-Sep-09,600mg,Tablet,Yes,Freight Included in Commodity Cost,Direct Drop,"Efavirenz 600mg, tablets, 30 Tabs",79.14,2285,40375.94,PMO - US,"Cipla, Goa, India",Efavirenz,17.67,7/21/09,SCMS-49640,FPQ-3560,05-07-09,ARV,116-ZA-T30,30-Sep-09,Truck,Adult,30,0.59,S. BUYS WHOLESALER,DDP,Weight Captured Separately
29938,ASN-26464,Generic,Ghana,24-Jul-14,31-Jul-14,600mg,Tablet,Yes,31401.36,Direct Drop,"Efavirenz 600mg, tablets, 30 Tabs",196.76,60000,191400.0,PMO - US,"Strides, Bangalore, India.",Efavirenz,3.19,4/23/14,SCMS-235800,FPQ-13872,3/24/14,ARV,105-GH-T30,17-Jul-14,Air,Adult,30,0.11,STRIDES ARCOLAB LIMITED,EXW,3862
10395,ASN-4322,OraQuick,Haiti,06-Jul-09,06-Jul-09,MIssing,Test kit,Yes,4185.29,Direct Drop,"HIV 1/2, OraQuick Advance HIV Rapid Antibody Kit, 100 Tests",41.16,60,21000.0,PMO - US,"Pacific Biotech, Thailand","HIV 1/2, OraQuick Advance HIV Rapid Antibody Kit",350.0,04-02-09,SCMS-42710,Pre-PQ Process,Pre-PQ Process,HRDT,106-HT-T01,06-Jul-09,Air,HIV test,100,3.5,Orasure Technologies Inc.,EXW,144
85159,DN-2032,Generic,Zambia,08-Nov-10,08-Nov-10,600mg,Tablet,No,See DN-2032 (ID#:82921),From RDC,"Efavirenz 600mg, tablets, 30 Tabs",1247.38,128000,578560.0,PMO - US,"Emcure Plot No.P-2, I.T-B.T. Park, Phase II, MIDC, Hinjwadi, Pune, India",Efavirenz,4.52,N/A - From RDC,SO-36842,FPQ-5702,5/20/10,ARV,110-ZM-T30,04-Nov-10,Truck,Adult,30,0.15,SCMS from RDC,N/A - From RDC,See DN-2032 (ID#:82921)
59017,ASN-9373,First Response,Botswana,04-Feb-11,04-Feb-11,MIssing,Test kit,Yes,766.62,Direct Drop,"HIV 1/2/O, First Response HIV 1-2.0, v.3.0 Cards Kit, 30 Tests",1.26,34,765.0,PMO - US,Premier Med. Corp Ltd. India,"HIV 1/2/O, First Response HIV 1-2.0, v.3.0 Cards Kit",22.5,12-02-10,SCMS-92620,FPQ-6645,11-11-10,HRDT,102-BW-T30,04-Feb-11,Air,HIV test,30,0.75,Premier Medical Corporation Ltd.,EXW,13
50294,ASN-26184,Generic,Zimbabwe,14-Jun-14,16-Jun-14,200mg,Tablet,Yes,41158.49,Direct Drop,"Nevirapine 200mg, tablets, 60 Tabs",174.8,78000,170040.0,PMO - US,Hetero Unit III Hyderabad IN,Nevirapine,2.18,04-11-14,SCMS-234770,FPQ-13939,04-01-14,ARV,113-ZW-T30,14-Jun-14,Air Charter,Adult,60,0.04,HETERO LABS LIMITED,EXW,5163
18881,ASN-9635,Uni-Gold,Botswana,16-Mar-11,16-Mar-11,MIssing,Test kit,Yes,617.79,Direct Drop,"HIV 1/2, Uni-Gold HIV Kit, 20 Tests",2.64,50,1600.0,PMO - US,"Trinity Biotech, Plc","HIV 1/2, Uni-Gold HIV Kit",32.0,12-02-10,SCMS-92610,FPQ-6645,11-11-10,HRDT,102-BW-T30,16-Mar-11,Air,HIV test,20,1.6,"Trinity Biotech, Plc",EXW,17
82316,DN-1796,Generic,Uganda,03-May-10,03-May-10,150/300/200mg,Tablet - FDC,Yes,5194.22,From RDC,"Lamivudine/Nevirapine/Zidovudine 150/200/300mg, tablets, 60 Tabs",126.23,5218,58545.96,PMO - US,"Aurobindo Unit III, India",Lamivudine/Nevirapine/Zidovudine,11.22,N/A - From RDC,SO-36150,FPQ-5239,03-02-10,ARV,114-UG-T30,09-Jun-10,Air,Adult,60,0.19,SCMS from RDC,N/A - From RDC,617
12056,DN-209,Generic,Nigeria,03-Jul-07,03-Jul-07,10mg/ml,Oral suspension,No,See DN-209 (ID#:11136),From RDC,"Nevirapine 10mg/ml, oral suspension, Bottle, 240 ml",3.1,313,1940.6,PMO - US,"Aurobindo Unit III, India",Nevirapine,6.2,N/A - From RDC,SO-563,Pre-PQ Process,Pre-PQ Process,ARV,112-NG-T01,03-Jul-07,MIssing,Pediatric,240,0.03,SCMS from RDC,N/A - From RDC,See DN-209 (ID#:11136)
35487,ASN-15667,Determine,Kenya,28-Jul-12,28-Jul-12,MIssing,Test kit,Yes,15120.61,Direct Drop,"HIV 1/2, Determine Complete HIV Kit, 100 Tests",740.93,5938,528482.0,PMO - US,"Alere Medical Co., Ltd.","HIV 1/2, Determine Complete HIV Kit",89.0,6/14/12,SCMS-149610,FPQ-10018,06-05-12,HRDT,103-KE-T30,09-Jul-12,Air,HIV test,100,0.89,"Orgenics, Ltd",EXW,1022
86041,DN-3530,Generic,CÃte dIvoire,13-Feb-14,04-Mar-14,10mg/ml,Oral solution,Yes,10943.15,From RDC,"Zidovudine 10mg/ml, oral solution w/syringe, Bottle, 240 ml",14.81,5700,11970.0,PMO - US,"Aurobindo Unit III, India",Zidovudine,2.1,N/A - From RDC,SO-46421,FPQ-12800,08-09-13,ARV,104-CI-T30,31-Jan-14,Air,Pediatric,240,0.01,SCMS from RDC,N/A - From RDC,2845
84101,DN-2282,Generic,Zimbabwe,11-Aug-11,11-Aug-11,150/200/30mg,Tablet - FDC,No,See DN-2282 (ID#:82389),From RDC,"Lamivudine/Nevirapine/Stavudine 150/200/30mg, tablets, 60 Tabs",429.14,36997,199043.86,PMO - US,"Cipla, Goa, India",Lamivudine/Nevirapine/Stavudine,5.38,N/A - From RDC,SO-37841,FPQ-6470,10/13/10,ARV,113-ZW-T30,15-Aug-11,Truck,Adult,60,0.09,SCMS from RDC,N/A - From RDC,See DN-2282 (ID#:82389)
82025,ASN-33865,Generic,South Africa,24-Aug-15,24-Aug-15,150mg,Tablet,No,Freight Included in Commodity Cost,Direct Drop,"Lamivudine 150mg, tablets, 60 Tabs",0.71,98,691.06,PMO - US,"Aurobindo Unit III, India",Lamivudine,7.05,8/24/15,SCMS-295800,FPQ-14942,09-11-14,ARV,116-ZA-T30,24-Aug-15,Truck,Adult,60,0.12,PHARMACY DIRECT,DDP,Weight Captured Separately
23149,ASN-32106,Determine,South Sudan,07-Jul-15,07-Jul-15,MIssing,Test kit - Ancillary,No,See ASN-32106 (ID#:19172),Direct Drop,"Capillary Tubes, for Determine, EDTA, 50uL,100 Pcs",0.19,20,160.0,PMO - US,"Alere Medical Co., Ltd.","HIV, Capillary Tubes, for Determine, EDTA, 50uL,100 Pcs",8.0,2/20/15,SCMS-272170,FPQ-15569,12/29/14,HRDT,105-SS-T30,02-Jul-15,Air,HIV test - Ancillary,100,0.08,"Orgenics, Ltd",EXW,See ASN-32106 (ID#:19172)
55085,ASN-15268,Generic,Rwanda,27-Aug-12,27-Aug-12,10mg/ml,Oral solution,Yes,20193.21,Direct Drop,"Lamivudine 10mg/ml, oral solution, Bottle, 240 ml",19.24,7840,13720.0,PMO - US,"Cipla, Goa, India",Lamivudine,1.75,03-09-12,SCMS-129520,FPQ-8741,11/30/11,ARV,107-RW-T30,27-Aug-12,Ocean,Pediatric,240,0.01,CIPLA LIMITED,EXW,2995
55401,ASN-22266,Kaletra,Tanzania,21-Nov-13,21-Nov-13,80/20mg/ml,Oral solution,Yes,2160.36,Direct Drop,"Lopinavir/Ritonavir 80/20mg/ml [Kaletra], oral solution, cool, Bottle 5 x 60 ml",10.06,264,8136.48,PMO - US,ABBVIE (Abbott) Logis. UK,Lopinavir/Ritonavir,30.82,08-09-13,SCMS-202310,FPQ-12588,7/15/13,ARV,109-TZ-T30,21-Nov-13,Air,Pediatric,300,0.1,ABBVIE LOGISTICS (FORMERLY ABBOTT LOGISTICS BV),FCA,257
12671,DN-262,Generic,CÃte dIvoire,03-Aug-07,03-Aug-07,150mg,Tablet,Yes,3348,From RDC,"Lamivudine 150mg, tablets, 60 Tabs",107.24,22047,67022.88,PMO - US,"Ranbaxy, Paonta Shahib, India",Lamivudine,3.04,N/A - From RDC,SO-815,Pre-PQ Process,Pre-PQ Process,ARV,104-CI-T01,03-Aug-07,MIssing,Adult,60,0.05,SCMS from RDC,N/A - From RDC,1057
70029,ASN-7300,Generic,Vietnam,29-Jul-10,29-Jul-10,150/300mg,Tablet - FDC,Yes,7421.81,Direct Drop,"Lamivudine/Zidovudine 150/300mg, tablets, 60 Tabs",167.23,9072,77565.6,PMO - US,"Aurobindo Unit III, India",Lamivudine/Zidovudine,8.55,3/24/10,SCMS-68530,FPQ-5094,3/15/10,ARV,108-VN-T30,29-Jul-10,Air,Adult,60,0.14,Aurobindo Pharma Limited,EXW,902
85909,DN-2897,Generic,Uganda,29-Oct-12,29-Oct-12,200mg,Tablet,No,See DN-2897 (ID#:84198),From RDC,"Nevirapine 200mg, tablets, 60 Tabs",1.73,510,1234.2,PMO - US,Hetero Unit III Hyderabad IN,Nevirapine,2.42,N/A - From RDC,SO-43170,FPQ-10556,8/30/12,ARV,114-UG-T30,06-Dec-12,Air,Adult,60,0.04,SCMS from RDC,N/A - From RDC,See DN-2897 (ID#:84198)
85004,DN-4054,Generic,Nigeria,29-Dec-14,06-Jan-15,150/300mg,Tablet - FDC,Yes,5798.14,From RDC,"Lamivudine/Zidovudine 150/300mg, tablets, 60 Tabs",224.9,33147,218770.2,PMO - US,Hetero Unit III Hyderabad IN,Lamivudine/Zidovudine,6.6,N/A - From RDC,SO-48907,FPQ-14156,4/25/14,ARV,151-NG-T30,30-Jan-15,Air Charter,Adult,60,0.11,SCMS from RDC,N/A - From RDC,32
12350,DN-152,Aluvia,Mozambique,08-Jun-07,08-Jun-07,200/50mg,Tablet,No,Freight Included in Commodity Cost,From RDC,"Lopinavir/Ritonavir 200/50mg [Aluvia], tablets, 120 Tabs",MIssing,900,36990.0,PMO - US,ABBVIE Ludwigshafen Germany,Lopinavir/Ritonavir,41.1,N/A - From RDC,SO-500,Pre-PQ Process,Pre-PQ Process,ARV,111-MZ-T01,08-Jun-07,Air,Adult,120,0.34,SCMS from RDC,N/A - From RDC,Weight Captured Separately
84693,DN-2494,Generic,"Congo, DRC",14-Feb-12,14-Feb-12,200/50mg,Tablet,No,See DN-2494 (ID#:82433),From RDC,"Lopinavir/Ritonavir 200/50mg, tablets, 120 Tabs",0.95,20,674.8,PMO - US,"Aurobindo Unit III, India",Lopinavir/Ritonavir,33.74,N/A - From RDC,SO-41132,FPQ-8840,11/21/11,ARV,101-CD-T30,16-Mar-12,Air,Adult,120,0.28,SCMS from RDC,N/A - From RDC,See DN-2494 (ID#:82433)
83149,DN-3256,Generic,Uganda,20-Aug-13,20-Aug-13,150/300mg,Tablet - FDC,Yes,100654.61,From RDC,"Lamivudine/Zidovudine 150/300mg, tablets, 60 Tabs",473.89,54728,383096.0,PMO - US,"Aurobindo Unit III, India",Lamivudine/Zidovudine,7.0,N/A - From RDC,SO-45470,FPQ-12253,05-08-13,ARV,114-UG-T30,06-Aug-13,Air,Adult,60,0.12,SCMS from RDC,N/A - From RDC,14143
44501,ASN-17020,Generic,Vietnam,11-Dec-12,11-Dec-12,100/25mg,Tablet,Yes,439.17,Direct Drop,"Lopinavir/Ritonavir 100/25mg [Aluvia], tablets, 60 Tabs",8.44,396,6023.16,PMO - US,ABBVIE Ludwigshafen Germany,Lopinavir/Ritonavir,15.21,8/14/12,SCMS-155710,FPQ-10287,7/25/12,ARV,108-VN-T30,11-Dec-12,Air,Pediatric,60,0.25,ABBVIE LOGISTICS (FORMERLY ABBOTT LOGISTICS BV),FCA,53
27185,ASN-11044,Generic,South Africa,02-Sep-11,02-Sep-11,200mg,Capsule,Yes,422.84,Direct Drop,"Efavirenz 200mg, capsule, 90 Caps",4.04,300,2451.0,PMO - US,"Aurobindo Unit III, India",Efavirenz,8.17,04-01-11,SCMS-104360,FPQ-7176,03-10-11,ARV,116-ZA-T30,02-Sep-11,Ocean,Pediatric,90,0.09,Aurobindo Pharma Limited,DDP,40
35975,ASN-15941,Generic,Rwanda,22-Aug-12,22-Aug-12,400mg,Delayed-release capsules,No,See ASN-15941 (ID#:30211),Direct Drop,"Didanosine 400mg, delayed-release capsules, 30 Caps",48.45,1728,34560.0,PMO - US,"Aurobindo Unit III, India",Didanosine,20.0,07-04-12,SCMS-152020,FPQ-9217,2/13/12,ARV,107-RW-T30,22-Aug-12,Air,Adult,30,0.67,Aurobindo Pharma Limited,EXW,See ASN-15941 (ID#:30211)
83337,DN-4275,Generic,Nigeria,15-May-15,22-May-15,150/300/200mg,Tablet - FDC,Yes,79132,From RDC,"Lamivudine/Nevirapine/Zidovudine 150/200/300mg, tablets, 60 Tabs",1111.06,140000,1080800.0,PMO - US,"Cipla, Goa, India",Lamivudine/Nevirapine/Zidovudine,7.72,N/A - From RDC,SO-51423,FPQ-14989,9/19/14,ARV,151-NG-T30,30-Jun-15,Air Charter,Adult,60,0.13,SCMS from RDC,N/A - From RDC,42830
82347,DN-1983,Generic,CÃte dIvoire,23-Aug-10,23-Aug-10,30mg,Capsule,Yes,12648.36,From RDC,"Stavudine 30mg, capsules, 60 Caps",17.24,5670,7994.7,PMO - US,"Strides, Bangalore, India.",Stavudine,1.41,N/A - From RDC,SO-37141,FPQ-5925,6/23/10,ARV,104-CI-T30,31-Aug-10,Air,Adult,60,0.02,SCMS from RDC,N/A - From RDC,317
31829,ASN-10408,Retrovir,Guatemala,17-Apr-11,17-Apr-11,10mg/ml,Injection,Yes,209.37,Direct Drop,"Zidovudine 10mg/ml [Retrovir], solution for IV infusion injection, Vial 5 x 20 ml",8.69,75,5265.0,PMO - US,GSK Barnard Castle UK,Zidovudine,70.2,01-07-11,SCMS-96440,FPQ-6977,01-03-11,ARV,202-GT-T30,17-Apr-11,Air,Pediatric,5,14.04,GLAXOSMITHKLINE EXPORT LIMITED,EXW,29
83576,DN-2590,Generic,Mozambique,24-May-12,24-May-12,150/300/200mg,Tablet - FDC,No,See DN-2590 (ID#:83019),From RDC,"Lamivudine/Nevirapine/Zidovudine 150/200/300mg, tablets, 60 Tabs",370.26,20000,224400.0,PMO - US,Mylan (formerly Matrix) Nashik,Lamivudine/Nevirapine/Zidovudine,11.22,N/A - From RDC,SO-40381,FPQ-8157,08-04-11,ARV,111-MZ-T30,07-May-12,Truck,Adult,60,0.19,SCMS from RDC,N/A - From RDC,See DN-2590 (ID#:83019)
61282,ASN-28715,Generic,Ghana,21-Nov-14,26-Nov-14,600/300/300mg,Tablet - FDC,Yes,31521.65,Direct Drop,"Efavirenz/Lamivudine/Tenofovir Disoproxil Fumarate 600/300/300mg, tablets, 30 Tabs",424.33,38433,412770.42,PMO - US,Mylan (formerly Matrix) Nashik,Efavirenz/Lamivudine/Tenofovir Disoproxil Fumarate,10.74,07-08-14,SCMS-245420,FPQ-14101,4/30/14,ARV,901-GH-T30,21-Nov-14,Air,Adult,30,0.36,MYLAN LABORATORIES LTD (FORMERLY MATRIX LABORATORIES),EXW,4656
84510,DN-1535,Generic,CÃte dIvoire,02-Dec-09,02-Dec-09,150mg,Tablet,Yes,1211.48,From RDC,"Lamivudine 150mg, tablets, 60 Tabs",8.77,1833,4472.52,PMO - US,"Aurobindo Unit III, India",Lamivudine,2.44,N/A - From RDC,SO-33491,FPQ-4187,09-09-09,ARV,104-CI-T30,04-Dec-09,Air,Adult,60,0.04,SCMS from RDC,N/A - From RDC,88
68496,ASN-30463,Generic,Haiti,09-Apr-15,13-Apr-15,300mg,Tablet,No,See ASN-30463 (ID#:15460),Direct Drop,"Tenofovir Disoproxil Fumarate 300mg, tablets, 30 Tabs",1.23,336,1192.8,PMO - US,Hetero Unit III Hyderabad IN,Tenofovir Disoproxil Fumarate,3.55,01-07-15,SCMS-262980,FPQ-15038,10/22/14,ARV,106-HT-T30,09-Apr-15,Ocean,Adult,30,0.12,HETERO LABS LIMITED,EXW,See ASN-30463 (ID#:15460)
4534,ASN-2797,Uni-Gold,Zambia,18-Nov-08,18-Nov-08,MIssing,Test kit,Yes,19569.48,Direct Drop,"HIV 1/2, Uni-Gold HIV Kit, 20 Tests",370.05,5900,188800.0,PMO - US,"Trinity Biotech, Plc","HIV 1/2, Uni-Gold HIV Kit",32.0,6/20/08,SCMS-25700,Pre-PQ Process,Pre-PQ Process,HRDT,110-ZM-T01,18-Nov-08,Air,HIV test,20,1.6,"Trinity Biotech, Plc",EXW,1989
85876,DN-2740,Generic,Uganda,30-Jul-12,30-Jul-12,150/300/200mg,Tablet - FDC,Yes,5081.05,From RDC,"Lamivudine/Nevirapine/Zidovudine 150/200/300mg, tablets, 60 Tabs",67.1,4879,47862.99,PMO - US,Mylan (formerly Matrix) Nashik,Lamivudine/Nevirapine/Zidovudine,9.81,N/A - From RDC,SO-41591,FPQ-9355,2/20/12,ARV,114-UG-T30,05-Sep-12,Truck,Adult,60,0.16,SCMS from RDC,N/A - From RDC,637
71180,ASN-27035,Generic,Zimbabwe,23-Jul-14,29-Jul-14,300/300mg,Tablet - FDC,Yes,19430.86,Direct Drop,"Lamivudine/Tenofovir Disoproxil Fumarate 300/300mg, tablets, 30 Tabs",139.32,29146,135528.9,PMO - US,"Aurobindo Unit VII, IN",Lamivudine/Tenofovir Disoproxil Fumarate,4.65,5/26/14,SCMS-240580,FPQ-13939,04-01-14,ARV,113-ZW-T30,23-Jul-14,Air Charter,Adult,30,0.16,Aurobindo Pharma Limited,EXW,2870
12863,DN-1026,Generic,Nigeria,17-Dec-08,17-Dec-08,30mg,Capsule,Yes,4608.92,From RDC,"Stavudine 30mg, capsules, 60 Caps",23.93,7876,12207.8,PMO - US,"Aurobindo Unit III, India",Stavudine,1.55,N/A - From RDC,SO-13000,Pre-PQ Process,Pre-PQ Process,ARV,123-NG-T01,17-Dec-08,Air,Adult,60,0.03,SCMS from RDC,N/A - From RDC,521
31304,ASN-20649,Determine,South Sudan,13-Sep-13,13-Sep-13,MIssing,Test kit - Ancillary,No,See ASN-20649 (ID#:28306),Direct Drop,"Chase Buffer, Determine, 100 Tests, 2.5ml x 1 Vial",0.28,45,225.0,PMO - US,"Alere Medical Co., Ltd.","Chase Buffer, Determine, 100 Tests, 2.5ml x 1 Vial",5.0,04-01-13,SCMS-181401,FPQ-11754,2/22/13,HRDT,105-SS-T30,13-Sep-13,Air,HIV test - Ancillary,1,5.0,"Orgenics, Ltd",EXW,See ASN-20649 (ID#:28306)
84154,DN-2594,Generic,Burundi,04-May-12,04-May-12,200mg,Tablet,No,See DN-2594 (ID#:83021),From RDC,"Nevirapine 200mg, tablets, 60 Tabs",6.33,1800,4518.0,PMO - US,"Strides, Bangalore, India.",Nevirapine,2.51,N/A - From RDC,SO-41530,FPQ-9229,1/25/12,ARV,102-BI-T30,26-Apr-12,Air,Adult,60,0.04,SCMS from RDC,N/A - From RDC,See DN-2594 (ID#:83021)
7259,ASN-2639,Generic,Guyana,13-Oct-08,13-Oct-08,MIssing,Test kit - Ancillary,Yes,180,Direct Drop,"HIV, Lancet, Safety, for HIV Test kits, 100 Pcs",0,213,2.13,PMO - US,Inverness Japan,"HIV, Lancet, Safety, for HIV Test kits, 100 Pcs",0.01,8/21/08,SCMS-27030,Pre-PQ Process,Pre-PQ Process,HRDT,102-GY-T01,29-Oct-08,Air,HIV test - Ancillary,100,0.0,"Orgenics, Ltd",EXW,14
82903,DN-1920,Generic,Nigeria,28-Jun-10,28-Jun-10,150/200/30mg,Tablet - FDC,Yes,Freight Included in Commodity Cost,From RDC,"Lamivudine/Nevirapine/Stavudine 150/200/30mg, tablets, 60 Tabs",37.84,3000,17550.0,PMO - US,"Cipla, Goa, India",Lamivudine/Nevirapine/Stavudine,5.85,N/A - From RDC,SO-36511,FPQ-5023,02-10-10,ARV,151-NG-T30,15-Jul-10,Air,Adult,60,0.1,SCMS from RDC,N/A - From RDC,419
9389,ASN-766,Stat-Pak,Guyana,05-Oct-07,05-Oct-07,MIssing,Test kit,Yes,379.62,Direct Drop,"HIV 1/2, Stat-Pak HIV, Kit, 20 Tests",5.18,120,3240.0,PMO - US,Chembio Diagnostics Sys. Inc.,"HIV 1/2, Stat-Pak HIV, Kit",27.0,8/28/07,SCMS-11660,Pre-PQ Process,Pre-PQ Process,HRDT,102-GY-T01,05-Oct-07,Air,HIV test,20,1.35,"CHEMBIO DIAGNOSTIC SYSTEMS, INC.",EXW,35
11238,DN-688,Generic,Mozambique,30-Jun-08,30-Jun-08,150/200/30mg,Tablet - FDC,Yes,8654.7,From RDC,"Lamivudine/Nevirapine/Stavudine 150/200/30mg, tablets, 60 Tabs",1076.91,90955,673067.0,PMO - US,"Cipla, Goa, India",Lamivudine/Nevirapine/Stavudine,7.4,N/A - From RDC,SO-1310,Pre-PQ Process,Pre-PQ Process,ARV,111-MZ-T01,30-Jun-08,Air,Adult,60,0.12,SCMS from RDC,N/A - From RDC,16579
5802,ASN-2293,Videx,South Africa,08-May-08,08-May-08,2g,Powder for oral solution,No,Freight Included in Commodity Cost,Direct Drop,"Didanosine 2g [Videx], powder for oral solution 10mg/ml, reconstitute to 200 ml",0.13,6,78.48,PMO - US,"BMS Meymac, France",Didanosine,13.08,Date Not Captured,SCMS-23500,Pre-PQ Process,Pre-PQ Process,ARV,116-ZA-T01,20-Aug-08,Truck,Pediatric,200,0.07,S. BUYS WHOLESALER,DDP,Weight Captured Separately
22600,ASN-19142,Determine,South Sudan,20-Jul-13,20-Jul-13,MIssing,Test kit,Yes,2561.61,Direct Drop,"HIV 1/2, Determine Complete HIV Kit, 100 Tests",27.52,250,22250.0,PMO - US,"Alere Medical Co., Ltd.","HIV 1/2, Determine Complete HIV Kit",89.0,2/26/13,SCMS-176930,FPQ-11539,1/24/13,HRDT,105-SS-T30,20-Jul-13,Air,HIV test,100,0.89,"Orgenics, Ltd",EXW,115
11585,DN-953,Generic,Namibia,30-Oct-08,30-Oct-08,30/50/6mg,Chewable/dispersible tablet - FDC,Yes,2989.45,From RDC,"Lamivudine/Nevirapine/Stavudine 30/50/6mg, dispersible tablets, 60 Tabs",4.92,1008,2509.92,PMO - US,"Cipla, Goa, India",Lamivudine/Nevirapine/Stavudine,2.49,N/A - From RDC,SO-15510,Pre-PQ Process,Pre-PQ Process,ARV,119-NA-T01,30-Oct-08,Truck,Pediatric,60,0.04,SCMS from RDC,N/A - From RDC,303
47200,ASN-27349,Generic,Haiti,29-Oct-14,12-Nov-14,150/300mg,Tablet - FDC,Yes,21886.49,Direct Drop,"Lamivudine/Zidovudine 150/300mg, tablets, 60 Tabs",201.37,29635,195887.35,PMO - US,Hetero Unit III Hyderabad IN,Lamivudine/Zidovudine,6.61,05-05-14,SCMS-234020,FPQ-13797,3/20/14,ARV,106-HT-T30,29-Oct-14,Air,Adult,60,0.11,HETERO LABS LIMITED,EXW,2608
57905,ASN-32524,Generic,South Africa,02-Jun-15,02-Jun-15,400mg,Delayed-release capsules,No,Freight Included in Commodity Cost,Direct Drop,"Didanosine 400mg, delayed-release capsules, 30 Caps",0.09,6,85.31,PMO - US,"Aurobindo Unit III, India",Didanosine,14.22,06-02-15,SCMS-259076,FPQ-14942,09-11-14,ARV,116-ZA-T30,02-Jun-15,Truck,Adult,30,0.47,PHARMACY DIRECT,DDP,Weight Captured Separately
11096,DN-91,Determine,Botswana,27-Apr-07,27-Apr-07,MIssing,Test kit,Yes,695.23,From RDC,"HIV 1/2, Determine Complete HIV Kit, 100 Tests",MIssing,100,8000.0,PMO - US,ABBVIE GmbH & Co.KG Wiesbaden,"HIV 1/2, Determine Complete HIV Kit",80.0,N/A - From RDC,SO-425,Pre-PQ Process,Pre-PQ Process,HRDT,100-BW-T01,27-Apr-07,MIssing,HIV test,100,0.8,SCMS from RDC,N/A - From RDC,32
27664,ASN-28552,Generic,Ghana,03-Nov-14,12-Nov-14,300/300mg,Tablet - FDC,Yes,22271.36,Direct Drop,"Lamivudine/Tenofovir Disoproxil Fumarate 300/300mg, tablets, 30 Tabs",216.72,45632,210819.84,PMO - US,Hetero Unit III Hyderabad IN,Lamivudine/Tenofovir Disoproxil Fumarate,4.62,07-08-14,SCMS-245430,FPQ-14101,4/30/14,ARV,901-GH-T30,03-Nov-14,Air,Adult,30,0.15,HETERO LABS LIMITED,EXW,4539
85800,DN-2408,Generic,Haiti,08-Nov-11,08-Nov-11,10mg/ml,Oral suspension,Yes,10794.84,From RDC,"Nevirapine 10mg/ml, oral suspension w/syringe, Bottle, 240 ml",9.16,2848,5553.6,PMO - US,"Aurobindo Unit III, India",Nevirapine,1.95,N/A - From RDC,SO-38210,FPQ-6801,12/14/10,ARV,106-HT-T30,31-Oct-11,Air,Pediatric,240,0.01,SCMS from RDC,N/A - From RDC,1066
10728,DN-909,Generic,Nigeria,22-Sep-08,22-Sep-08,150/300mg,Tablet - FDC,No,See DN-909 (ID#:10727),From RDC,"Lamivudine/Zidovudine 150/300mg, tablets, 60 Tabs",28.33,1894,17708.9,PMO - US,Mylan (formerly Matrix) Nashik,Lamivudine/Zidovudine,9.35,N/A - From RDC,SO-10580,Pre-PQ Process,Pre-PQ Process,ARV,130-NG-T01,22-Sep-08,Air,Adult,60,0.16,SCMS from RDC,N/A - From RDC,See DN-909 (ID#:10727)
1888,ASN-2079,Generic,Rwanda,22-Jul-08,22-Jul-08,150/300/200mg,Tablet - FDC,Yes,30408.04,Direct Drop,"Lamivudine/Nevirapine/Zidovudine 150/200/300mg, tablets, 60 Tabs",910.85,47879,569281.31,PMO - US,"Aurobindo Unit III, India",Lamivudine/Nevirapine/Zidovudine,11.89,6/13/08,SCMS-25520,Pre-PQ Process,Pre-PQ Process,ARV,107-RW-T01,23-Jul-08,Air,Adult,60,0.2,Aurobindo Pharma Limited,CIP,5311
12112,DN-352,First Response,Rwanda,14-Sep-07,14-Sep-07,MIssing,Test kit,Yes,4436.76,From RDC,"HIV 1/2/O, First Response HIV 1-2.0, v.3.0 Cards Kit, 30 Tests",49.71,1883,31069.5,PMO - US,Premier Med. Corp Ltd. India,"HIV 1/2/O, First Response HIV 1-2.0, v.3.0 Cards Kit",16.5,N/A - From RDC,SO-834,Pre-PQ Process,Pre-PQ Process,HRDT,107-RW-T01,14-Sep-07,Air,HIV test,30,0.55,SCMS from RDC,N/A - From RDC,752
83331,DN-4251,Generic,Zambia,15-May-15,15-May-15,150mg,Tablet,No,See DN-4251 (ID#:82800),From RDC,"Lamivudine 150mg, tablets, 60 Tabs",100.15,55990,97422.6,PMO - US,"Strides, Bangalore, India.",Lamivudine,1.74,N/A - From RDC,SO-49570,FPQ-14784,08-12-14,ARV,110-ZM-T30,15-Jun-15,Truck,Adult,60,0.03,SCMS from RDC,N/A - From RDC,See DN-4251 (ID#:82800)
10499,ASN-4837,Generic,South Africa,03-Aug-09,03-Aug-09,30mg,Capsule,No,Freight Included in Commodity Cost,Direct Drop,"Stavudine 30mg, capsules, 60 Caps",4.82,700,2457.0,PMO - US,"Aurobindo Unit III, India",Stavudine,3.51,06-05-09,SCMS-47051,Pre-PQ Process,Pre-PQ Process,ARV,116-ZA-T01,12-Oct-09,Truck,Adult,60,0.06,S. BUYS WHOLESALER,DDP,Weight Captured Separately
68341,ASN-9514,Generic,South Africa,23-Feb-11,23-Feb-11,300mg,Tablet,Yes,6038.21,Direct Drop,"Tenofovir Disoproxil Fumarate 300mg, tablets, 30 Tabs",1595.66,105278,740104.34,PMO - US,"Cipla, Goa, India",Tenofovir Disoproxil Fumarate,7.03,9/21/10,SCMS-84200,FPQ-6262,8/31/10,ARV,161-ZA-T30,23-Feb-11,Ocean,Adult,30,0.23,CIPLA LIMITED,DDP,7225
71655,ASN-18314,Uni-Gold,Dominican Republic,26-Feb-13,26-Feb-13,MIssing,Test kit,Yes,1083.85,Direct Drop,"HIV 1/2, Uni-Gold HIV Kit, 20 Tests",16.35,413,13216.0,PMO - US,"Trinity Biotech, Plc","HIV 1/2, Uni-Gold HIV Kit",32.0,01-11-13,SCMS-172490,FPQ-11295,12/17/12,HRDT,105-DO-T30,26-Feb-13,Air,HIV test,20,1.6,"Trinity Biotech, Plc",EXW,134
69051,ASN-29936,Determine,Nigeria,20-Jan-15,22-Jan-15,MIssing,Test kit,Yes,15890.52,Direct Drop,"HIV 1/2, Determine Complete HIV Kit, 100 Tests",290.94,3180,283020.0,PMO - US,"Alere Medical Co., Ltd.","HIV 1/2, Determine Complete HIV Kit",89.0,10/29/14,SCMS-260700,FPQ-14995,9/22/14,HRDT,133-NG-T30,19-Jan-15,Air,HIV test,100,0.89,"Orgenics, Ltd",EXW,1290
11273,DN-903,Aluvia,Tanzania,26-Sep-08,26-Sep-08,200/50mg,Tablet,Yes,1146.27,From RDC,"Lopinavir/Ritonavir 200/50mg [Aluvia], tablets, 120 Tabs",169.66,2580,106038.0,PMO - US,ABBVIE Ludwigshafen Germany,Lopinavir/Ritonavir,41.1,N/A - From RDC,SO-13300,Pre-PQ Process,Pre-PQ Process,ARV,109-TZ-T01,26-Sep-08,Truck,Adult,120,0.34,SCMS from RDC,N/A - From RDC,587
11091,DN-30,Viread,CÃte dIvoire,15-Mar-07,15-Mar-07,300mg,Tablet,Yes,1619,From RDC,"Tenofovir Disoproxil Fumarate 300mg [Viread], tablets, 30 Tabs",MIssing,528,8976.0,PMO - US,Gilead(Nycomed) Oranienburg DE,Tenofovir Disoproxil Fumarate,17.0,N/A - From RDC,SO-373,Pre-PQ Process,Pre-PQ Process,ARV,100-CI-T01,15-Mar-07,MIssing,Adult,30,0.57,SCMS from RDC,N/A - From RDC,368
9025,ASN-3582,Generic,South Africa,30-Jan-09,30-Jan-09,150mg,Tablet,Yes,Freight Included in Commodity Cost,Direct Drop,"Lamivudine 150mg, tablets, 60 Tabs",12.87,1200,6564.0,PMO - US,"Aurobindo Unit III, India",Lamivudine,5.47,Date Not Captured,SCMS-40870,Pre-PQ Process,Pre-PQ Process,ARV,116-ZA-T01,30-Jun-09,Air,Adult,60,0.09,S. BUYS WHOLESALER,DDP,Weight Captured Separately
11845,DN-576,Generic,Ethiopia,01-Feb-08,01-Feb-08,150mg,Tablet,Yes,9187.8,From RDC,"Lamivudine 150mg, tablets, 60 Tabs",236.74,48671,147959.84,PMO - US,"Ranbaxy, Paonta Shahib, India",Lamivudine,3.04,N/A - From RDC,SO-1536,Pre-PQ Process,Pre-PQ Process,ARV,117-ET-T01,01-Feb-08,Air,Adult,60,0.05,SCMS from RDC,N/A - From RDC,2533
16901,ASN-13410,Generic,Vietnam,18-Feb-12,18-Feb-12,300mg,Tablet,Yes,4288.83,Direct Drop,"Abacavir 300mg, tablets, 60 Tabs",2.67,112,1618.4,PMO - US,"Aurobindo Unit III, India",Abacavir,14.45,10-04-11,SCMS-123600,FPQ-8428,9/21/11,ARV,108-VN-T30,18-Feb-12,Air,Adult,60,0.24,Aurobindo Pharma Limited,EXW,1701
84182,DN-2749,Generic,Zambia,30-Jul-12,30-Jul-12,600/200/300mg,Tablet - FDC,Yes,16040.39,From RDC,"Efavirenz/Emtricitabine/Tenofovir Disoproxil Fumarate 600/200/300mg, tablets, 30 Tabs",4217.22,200000,3008000.0,PMO - US,Mylan (formerly Matrix) Nashik,Efavirenz/Emtricitabine/Tenofovir Disoproxil Fumarate,15.04,N/A - From RDC,SO-41702,FPQ-9472,03-08-12,ARV,110-ZM-T30,23-Aug-12,Truck,Adult,30,0.5,SCMS from RDC,N/A - From RDC,33909
12908,DN-1397,Generic,Uganda,24-Aug-09,24-Aug-09,150mg,Tablet,No,See DN-1397 (ID#:11678),From RDC,"Lamivudine 150mg, tablets, 60 Tabs",10.7,2237,5458.28,PMO - US,"Aurobindo Unit III, India",Lamivudine,2.44,N/A - From RDC,SO-32920,Pre-PQ Process,Date Not Captured,ARV,114-UG-T01,24-Aug-09,Air,Adult,60,0.04,SCMS from RDC,N/A - From RDC,See DN-1397 (ID#:11678)
9603,ASN-1532,Zerit,South Africa,21-Jan-08,21-Jan-08,30mg,Capsule,No,Freight Included in Commodity Cost,Direct Drop,"Stavudine 30mg [Zerit], capsules, 60 Caps",5.48,600,3426.0,PMO - US,"BMS Meymac, France",Stavudine,5.71,1/21/08,SCMS-17630,Pre-PQ Process,Pre-PQ Process,ARV,116-ZA-T01,05-Feb-08,Truck,Adult,60,0.1,"JSI R&T INSTITUTE, INC.",DDP,Weight Captured Separately
85250,DN-2613,Generic,Zambia,16-Apr-12,16-Apr-12,300mg,Tablet,Yes,8510.81,From RDC,"Abacavir 300mg, tablets, 60 Tabs",307.67,15000,219450.0,PMO - US,Mylan (formerly Matrix) Nashik,Abacavir,14.63,N/A - From RDC,SO-41122,FPQ-8759,11-06-11,ARV,110-ZM-T30,27-Apr-12,Truck,Adult,60,0.24,SCMS from RDC,N/A - From RDC,1677
82272,DN-1452,Generic,Nigeria,20-Oct-09,20-Oct-09,200mg,Tablet,Yes,9341.59,From RDC,"Nevirapine 200mg, tablets, 60 Tabs",1.81,318,922.2,PMO - US,"Aurobindo Unit III, India",Nevirapine,2.9,N/A - From RDC,SO-32260,FPQ-3815,5/26/09,ARV,154-NG-T30,30-Oct-09,Air Charter,Adult,60,0.05,SCMS from RDC,N/A - From RDC,105
61417,ASN-30377,Generic,South Africa,26-Jan-15,26-Jan-15,250mg,Delayed-release capsules,No,Freight Included in Commodity Cost,Direct Drop,"Didanosine 250mg, delayed-release capsules, 30 Caps",0.07,6,66.1,PMO - US,"Aurobindo Unit III, India",Didanosine,11.02,1/26/15,SCMS-259072,FPQ-14942,09-11-14,ARV,116-ZA-T30,26-Jan-15,Truck,Adult,30,0.37,PHARMACY DIRECT,DDP,Weight Captured Separately
12534,DN-994,Uni-Gold,Kenya,31-Oct-08,31-Oct-08,MIssing,Test kit,Yes,157.5,From RDC,"HIV 1/2, Uni-Gold HIV Kit, 20 Tests",78.4,1250,40000.0,PMO - US,"Trinity Biotech, Plc","HIV 1/2, Uni-Gold HIV Kit",32.0,N/A - From RDC,SO-11480,Pre-PQ Process,Pre-PQ Process,HRDT,102-KE-T01,31-Oct-08,Truck,HIV test,20,1.6,SCMS from RDC,N/A - From RDC,393
82599,DN-3281,Generic,Mozambique,27-Sep-13,27-Sep-13,600mg,Tablet,Yes,4044.33,From RDC,"Efavirenz 600mg, tablets, 30 Tabs",165.8,40250,134032.5,PMO - US,"Hetero, Jadcherla, unit 5, IN",Efavirenz,3.33,N/A - From RDC,SO-43780,FPQ-11033,11-12-12,ARV,111-MZ-T30,27-Sep-13,Truck,Adult,30,0.11,SCMS from RDC,N/A - From RDC,4223
47035,ASN-17969,Generic,Angola,12-Mar-13,12-Mar-13,50mg,Capsule,Yes,840.17,Direct Drop,"Efavirenz 50mg, capsule, 30 Caps",1,360,806.4,PMO - US,"Aurobindo Unit III, India",Efavirenz,2.24,01-11-13,SCMS-171790,FPQ-11252,12-12-12,ARV,103-AO-T30,12-Mar-13,Air,Pediatric,30,0.07,Aurobindo Pharma Limited,EXW,21
82779,DN-4157,Generic,Zimbabwe,17-Mar-15,18-Mar-15,30/50/60mg,Chewable/dispersible tablet - FDC,Yes,18513.23,From RDC,"Lamivudine/Nevirapine/Zidovudine 30/50/60mg, dispersible tablets, 60 Tabs",213.92,57804,208094.4,PMO - US,"Cipla, Goa, India",Lamivudine/Nevirapine/Zidovudine,3.6,N/A - From RDC,SO-48440,FPQ-13967,04-02-14,ARV,103-ZW-T30,07-Mar-15,Truck,Pediatric,60,0.06,SCMS from RDC,N/A - From RDC,15222
49765,ASN-31750,Uni-Gold,"Congo, DRC",02-Jul-15,30-Jul-15,MIssing,Test kit,No,See ASN-31750 (ID#:19272),Direct Drop,"HIV 1/2, Uni-Gold HIV Kit, 20 Tests",0.34,9,288.0,PMO - US,"Trinity Biotech, Plc","HIV 1/2, Uni-Gold HIV Kit",32.0,3/16/15,SCMS-280210,FPQ-16001,03-10-15,HRDT,101-CD-T30,02-Jul-15,Air,HIV test,20,1.6,"Trinity Biotech, Plc",EXW,See ASN-31750 (ID#:19272)
85131,DN-1945,Generic,Nigeria,28-Jun-10,28-Jun-10,150/300mg,Tablet - FDC,Yes,Freight Included in Commodity Cost,From RDC,"Lamivudine/Zidovudine 150/300mg, tablets, 60 Tabs",283.3,15000,131400.0,PMO - US,"Aurobindo Unit III, India",Lamivudine/Zidovudine,8.76,N/A - From RDC,SO-36542,FPQ-5023,02-10-10,ARV,151-NG-T30,15-Jul-10,Air Charter,Adult,60,0.15,SCMS from RDC,N/A - From RDC,1040
85709,DN-2019,Generic,Zimbabwe,04-Oct-10,04-Oct-10,600mg,Tablet,No,See DN-2019 (ID#:82919),From RDC,"Efavirenz 600mg, tablets, 30 Tabs",55.21,5900,25606.0,PMO - US,"Aurobindo Unit III, India",Efavirenz,4.34,N/A - From RDC,SO-35380,FPQ-4694,12-08-09,ARV,113-ZW-T30,30-Sep-10,Truck,Adult,30,0.14,SCMS from RDC,N/A - From RDC,See DN-2019 (ID#:82919)
41062,ASN-21267,Generic,"Congo, DRC",15-Jan-14,04-Feb-14,100/25mg,Tablet,Yes,453.31,Direct Drop,"Lopinavir/Ritonavir 100/25mg [Aluvia], tablets, 60 Tabs",2.23,304,1805.76,PMO - US,ABBVIE Ludwigshafen Germany,Lopinavir/Ritonavir,5.94,5/23/13,SCMS-189050,FPQ-12093,4/23/13,ARV,101-CD-T30,15-Jan-14,Air,Pediatric,60,0.1,ABBVIE LOGISTICS (FORMERLY ABBOTT LOGISTICS BV),FCA,43
82805,DN-4284,Generic,"Congo, DRC",07-Aug-15,11-Aug-15,150/300mg,Tablet - FDC,Yes,Invoiced Separately,From RDC,"Lamivudine/Zidovudine 150/300mg, tablets, 60 Tabs",89.79,11700,76284.0,PMO - US,Hetero Unit III Hyderabad IN,Lamivudine/Zidovudine,6.52,N/A - From RDC,SO-51280,FPQ-16158,3/31/15,ARV,101-CD-T30,17-Aug-15,Air,Adult,60,0.11,SCMS from RDC,N/A - From RDC,Weight Captured Separately
8645,ASN-2503,Generic,South Africa,14-Aug-08,14-Aug-08,600mg,Tablet,No,Freight Included in Commodity Cost,Direct Drop,"Efavirenz 600mg, tablets, 30 Tabs",38.88,1500,24300.0,PMO - US,"Cipla, Goa, India",Efavirenz,16.2,Date Not Captured,SCMS-28830,Pre-PQ Process,Pre-PQ Process,ARV,116-ZA-T01,25-Aug-08,Truck,Adult,30,0.54,S. BUYS WHOLESALER,DDP,Weight Captured Separately
27327,ASN-21222,Determine,Nigeria,24-Sep-13,24-Sep-13,MIssing,Test kit,Yes,12793.7,Direct Drop,"HIV 1/2, Determine Complete HIV Kit, 100 Tests",332.81,3023,269047.0,PMO - US,"Alere Medical Co., Ltd.","HIV 1/2, Determine Complete HIV Kit",89.0,07-10-13,SCMS-196560,FPQ-12456,06-10-13,HRDT,133-NG-T30,18-Sep-13,Air,HIV test,100,0.89,"Orgenics, Ltd",EXW,1221
38368,ASN-7080,Generic,South Africa,07-Jul-10,07-Jul-10,200mg,Tablet,Yes,6369.79,Direct Drop,"Nevirapine 200mg, tablets, 60 Tabs",241.75,38400,112128.0,PMO - US,"Aurobindo Unit III, India",Nevirapine,2.92,3/19/10,SCMS-68950,FPQ-5303,3/18/10,ARV,161-ZA-T30,09-Jun-10,Air,Adult,60,0.05,Aurobindo Pharma Limited,DDP,4528
84090,DN-2214,Generic,Nigeria,06-Jul-11,06-Jul-11,150mg,Tablet,Yes,13398.06,From RDC,"Lamivudine 150mg, tablets, 60 Tabs",12.2,3173,7393.09,PMO - US,"Aurobindo Unit III, India",Lamivudine,2.33,N/A - From RDC,SO-39590,FPQ-7217,2/21/11,ARV,151-NG-T30,15-Jun-11,Air Charter,Adult,60,0.04,SCMS from RDC,N/A - From RDC,170
11530,DN-783,Generic,Haiti,13-Jun-08,13-Jun-08,200mg,Tablet,Yes,19069.17,From RDC,"Nevirapine 200mg, tablets, 60 Tabs",97.07,17843,60666.2,PMO - US,"Aurobindo Unit III, India",Nevirapine,3.4,N/A - From RDC,SO-2598,Pre-PQ Process,Pre-PQ Process,ARV,106-HT-T01,13-Jun-08,Air,Adult,60,0.06,SCMS from RDC,N/A - From RDC,1667
71111,ASN-18798,Determine,Rwanda,01-Nov-13,06-Nov-13,MIssing,Test kit,Yes,11855.59,Direct Drop,"HIV 1/2, Determine HIV Kit, without Lancets, 100 Tests",336.4,3500,271950.0,PMO - US,"Alere Medical Co., Ltd.","HIV 1/2, Determine HIV Kit, without Lancets",77.7,03-01-13,SCMS-179950,FPQ-11773,03-01-13,HRDT,107-RW-T30,01-Nov-13,Air,HIV test,100,0.78,"Orgenics, Ltd",EXW,795
10830,DN-168,Generic,Tanzania,06-Jul-07,06-Jul-07,300mg,Tablet,Yes,2440,From RDC,"Abacavir 300mg, tablets, 60 Tabs",MIssing,6781,242759.8,PMO - US,"Aurobindo Unit III, India",Abacavir,35.8,N/A - From RDC,SO-606,Pre-PQ Process,Pre-PQ Process,ARV,109-TZ-T01,06-Jul-07,Air,Adult,60,0.6,SCMS from RDC,N/A - From RDC,675
11694,DN-1488,Generic,Lebanon,24-Nov-09,24-Nov-09,150mg,Tablet,No,See DN-1488 (ID#:11074),From RDC,"Lamivudine 150mg, tablets, 60 Tabs",0,200,2.0,PMO - US,Hetero Unit III Hyderabad IN,Lamivudine,0.01,N/A - From RDC,SO-33910,Pre-PQ Process,Date Not Captured,ARV,100-LB-T01,24-Nov-09,Air,Adult,60,0.0,SCMS from RDC,N/A - From RDC,See DN-1488 (ID#:11074)
12659,DN-149,Genie,CÃte dIvoire,18-May-07,18-May-07,MIssing,Test kit,Yes,1754,From RDC,"#108853** HIV, Genie II HIV-1/HIV-2 Kit, 40 Tests",MIssing,160,12160.0,PMO - US,Bio-Rad Laboratories,"HIV, Genie II HIV-1/HIV-2 Kit",76.0,N/A - From RDC,SO-518,Pre-PQ Process,Pre-PQ Process,HRDT,104-CI-T01,18-May-07,MIssing,HIV test,40,1.9,SCMS from RDC,N/A - From RDC,173
11762,DN-303,Generic,Zimbabwe,28-Aug-07,28-Aug-07,150/200/30mg,Tablet - FDC,Yes,41772.09,From RDC,"Lamivudine/Nevirapine/Stavudine 150/200/30mg, tablets, 60 Tabs",1480,125000,925000.0,PMO - US,"Cipla, Goa, India",Lamivudine/Nevirapine/Stavudine,7.4,N/A - From RDC,SO-718,Pre-PQ Process,Pre-PQ Process,ARV,100-ZW-T01,28-Aug-07,Truck,Adult,60,0.12,SCMS from RDC,N/A - From RDC,12779
11698,DN-15,Generic,Mozambique,01-Feb-07,01-Feb-07,15mg,Capsule,No,See DN-15 (ID#:10804),From RDC,"Stavudine 15mg, capsules, 60 Caps",MIssing,3287,7724.45,PMO - US,"Aurobindo Unit III, India",Stavudine,2.35,N/A - From RDC,SO-323,Pre-PQ Process,Pre-PQ Process,ARV,111-MZ-T01,01-Feb-07,Air,Adult,60,0.04,SCMS from RDC,N/A - From RDC,See DN-15 (ID#:10804)
12507,DN-632,Determine,CÃte dIvoire,13-Mar-08,13-Mar-08,MIssing,Test kit,No,See DN-632 (ID#:11547),From RDC,"HIV 1/2, Determine HIV Kit, without Lancets, 100 Tests",28.8,250,17997.5,PMO - US,Inverness Japan,"HIV 1/2, Determine HIV Kit, without Lancets",71.99,N/A - From RDC,SO-1838,Pre-PQ Process,Pre-PQ Process,HRDT,104-CI-T01,13-Mar-08,Air,HIV test,100,0.72,SCMS from RDC,N/A - From RDC,See DN-632 (ID#:11547)
82819,DN-4344,Generic,Nigeria,28-Aug-15,02-Sep-15,300mg,Tablet,Yes,Invoiced Separately,From RDC,"Zidovudine 300mg, tablets, 60 Tabs",35.89,5721,30492.93,PMO - US,"Aurobindo Unit III, India",Zidovudine,5.33,N/A - From RDC,SO-51800,FPQ-16541,07-07-15,ARV,151-NG-T30,31-Dec-15,Air,Adult,60,0.09,SCMS from RDC,N/A - From RDC,Weight Captured Separately
86479,DN-2683,Generic,Zimbabwe,27-Jun-12,27-Jun-12,150/200/30mg,Tablet - FDC,Yes,5530.11,From RDC,"Lamivudine/Nevirapine/Stavudine 150/200/30mg, tablets, 60 Tabs",519.43,66980,314806.0,PMO - US,"Strides, Bangalore, India.",Lamivudine/Nevirapine/Stavudine,4.7,N/A - From RDC,SO-40881,FPQ-8464,10-04-11,ARV,113-ZW-T30,14-Aug-12,Truck,Adult,60,0.08,SCMS from RDC,N/A - From RDC,1838
11370,DN-40,Bioline,Zambia,02-Apr-07,02-Apr-07,MIssing,Test kit,Yes,1200.12,From RDC,"HIV 1/2, Bioline 3.0 Kit, Lancets, Capillary pipets, Alcohol swabs included, 25 Tests",MIssing,561,11220.0,PMO - US,"Standard Diagnostics, Korea","HIV 1/2, Bioline 3.0 Kit, Lancets, Capillary pipets, Alcohol swabs included",20.0,N/A - From RDC,SO-233,Pre-PQ Process,Pre-PQ Process,HRDT,110-ZM-T01,02-Apr-07,MIssing,HIV test,25,0.8,SCMS from RDC,N/A - From RDC,191
11479,DN-607,Generic,Zambia,26-Feb-08,26-Feb-08,150/300mg,Tablet - FDC,Yes,19832.46,From RDC,"Lamivudine/Zidovudine 150/300mg, tablets, 60 Tabs",420.75,27681,262969.5,PMO - US,"Aurobindo Unit III, India",Lamivudine/Zidovudine,9.5,N/A - From RDC,SO-1363,Pre-PQ Process,Pre-PQ Process,ARV,110-ZM-T01,26-Feb-08,Air,Adult,60,0.16,SCMS from RDC,N/A - From RDC,2581
62516,ASN-15388,Aluvia,Vietnam,26-Jul-12,26-Jul-12,200/50mg,Tablet,Yes,5248.47,Direct Drop,"Lopinavir/Ritonavir 200/50mg [Aluvia], tablets, 120 Tabs",603.54,7078,430483.96,PMO - US,ABBVIE Ludwigshafen Germany,Lopinavir/Ritonavir,60.82,1/25/12,SCMS-131580,FPQ-9001,12/15/11,ARV,108-VN-T30,26-Jul-12,Air,Adult,120,0.51,ABBVIE LOGISTICS (FORMERLY ABBOTT LOGISTICS BV),FCA,1724
81639,ASN-27976,Generic,South Africa,27-Aug-14,27-Aug-14,20mg/ml,Oral solution,No,Freight Included in Commodity Cost,Direct Drop,"Abacavir 20mg/ml, oral solution w/syringe, Bottle, 240 ml",1.19,35,959.72,PMO - US,"Aurobindo Unit III, India",Abacavir,27.42,8/27/14,SCMS-199283,FPQ-12522,07-11-13,ARV,116-ZA-T30,27-Aug-14,Truck,Pediatric,240,0.11,S. BUYS WHOLESALER,DDP,Weight Captured Separately
59917,ASN-32138,Generic,South Africa,12-May-15,12-May-15,20mg/ml,Oral solution,No,Freight Included in Commodity Cost,Direct Drop,"Abacavir 20mg/ml, oral solution, Bottle, 240 ml",0.05,3,53.13,PMO - US,"Aurobindo Unit III, India",Abacavir,17.71,05-11-15,SCMS-259075,FPQ-14942,09-11-14,ARV,116-ZA-T30,12-May-15,Truck,Pediatric,240,0.07,PHARMACY DIRECT,DDP,Weight Captured Separately
36641,ASN-31132,Determine,Zimbabwe,14-May-15,14-May-15,MIssing,Test kit,Yes,9914.59,Direct Drop,"HIV 1/2, Determine Complete HIV Kit, 100 Tests",141.24,1500,120000.0,PMO - US,"Alere Medical Co., Ltd.","HIV 1/2, Determine Complete HIV Kit",80.0,1/26/15,SCMS-266490,FPQ-15380,11/17/14,HRDT,113-ZW-T30,14-May-15,Air,HIV test,100,0.8,"Orgenics, Ltd",EXW,781
12825,DN-889,Generic,Nigeria,16-Sep-08,16-Sep-08,150/30mg,Tablet - FDC,Yes,1102.98,From RDC,"Lamivudine/Stavudine 150/30mg, tablets, 60 Tabs",4.89,784,3057.6,PMO - US,Mylan (formerly Matrix) Nashik,Lamivudine/Stavudine,3.9,N/A - From RDC,SO-10550,Pre-PQ Process,Pre-PQ Process,ARV,130-NG-T01,16-Sep-08,Air,Adult,60,0.06,SCMS from RDC,N/A - From RDC,58
39661,ASN-27917,Generic,Rwanda,12-Nov-14,24-Nov-14,300/300mg,Tablet - FDC,Yes,7898.15,Direct Drop,"Lamivudine/Tenofovir Disoproxil Fumarate 300/300mg, tablets, 30 Tabs",497.14,104000,483600.0,PMO - US,"Aurobindo Unit VII, IN",Lamivudine/Tenofovir Disoproxil Fumarate,4.65,8/19/14,SCMS-253160,FPQ-14705,08-04-14,ARV,107-RW-T30,12-Nov-14,Ocean,Adult,30,0.16,Aurobindo Pharma Limited,EXW,9684
24440,ASN-27748,Kaletra,South Africa,13-Aug-14,13-Aug-14,80/20mg/ml,Oral solution,Yes,Freight Included in Commodity Cost,Direct Drop,"Lopinavir/Ritonavir 80/20mg/ml [Kaletra], oral solution, cool, Bottle 5 x 60 ml",0.06,2,46.9,PMO - US,ABBVIE (Abbott) Logis. UK,Lopinavir/Ritonavir,23.45,8/13/14,SCMS-199287,FPQ-12522,07-11-13,ARV,116-ZA-T30,13-Aug-14,Truck,Pediatric,300,0.08,S. BUYS WHOLESALER,DDP,Weight Captured Separately
40364,ASN-8693,Generic,South Africa,15-Dec-10,15-Dec-10,600mg,Tablet,Yes,Freight Included in Commodity Cost,Direct Drop,"Efavirenz 600mg, tablets, 30 Tabs",510.64,52516,236847.16,PMO - US,"Aurobindo Unit III, India",Efavirenz,4.51,6/17/10,SCMS-75660,FPQ-5648,06-02-10,ARV,161-ZA-T30,12-Oct-10,Ocean,Adult,30,0.15,Aurobindo Pharma Limited,DDP,Weight Captured Separately
37379,ASN-24413,Generic,Haiti,25-Mar-14,26-Mar-14,60mg,Chewable/dispersible tablet,Yes,1572.92,Direct Drop,"Abacavir 60mg, dispersible tablets, 60 Tabs",4.58,741,3705.0,PMO - US,"Cipla, Patalganga, India",Abacavir,5.0,10-08-13,SCMS-209700,FPQ-12682,8/23/13,ARV,106-HT-T30,25-Mar-14,Air,Pediatric,60,0.08,CIPLA LIMITED,EXW,66
19712,ASN-24394,Generic,Vietnam,23-Apr-14,23-Apr-14,600mg,Tablet,No,See ASN-24394 (ID#:16053),Direct Drop,"Efavirenz 600mg, tablets, 30 Tabs",10.08,2516,8151.84,PMO - US,Hetero Unit III Hyderabad IN,Efavirenz,3.24,10-10-13,SCMS-210120,FPQ-13034,10-04-13,ARV,108-VN-T30,23-Apr-14,Air,Adult,30,0.11,HETERO LABS LIMITED,EXW,See ASN-24394 (ID#:16053)
10817,DN-124,Aluvia,Mozambique,18-May-07,18-May-07,200/50mg,Tablet,Yes,348.09,From RDC,"Lopinavir/Ritonavir 200/50mg [Aluvia], tablets, 120 Tabs",MIssing,250,10275.0,PMO - US,ABBVIE Ludwigshafen Germany,Lopinavir/Ritonavir,41.1,N/A - From RDC,SO-383,Pre-PQ Process,Pre-PQ Process,ARV,111-MZ-T01,18-May-07,Air,Adult,120,0.34,SCMS from RDC,N/A - From RDC,105
84477,DN-4299,Generic,Rwanda,17-Jun-15,29-Jun-15,150/300mg,Tablet - FDC,Yes,Freight Included in Commodity Cost,From RDC,"Lamivudine/Zidovudine 150/300mg, tablets, 60 Tabs",267.5,34858,227274.16,PMO - US,Hetero Unit III Hyderabad IN,Lamivudine/Zidovudine,6.52,N/A - From RDC,SO-50700,FPQ-15622,12/22/14,ARV,107-RW-T30,30-Jun-15,Truck,Adult,60,0.11,SCMS from RDC,N/A - From RDC,3094
71649,ASN-19166,Generic,South Africa,16-Apr-13,16-Apr-13,400mg,Delayed-release capsules,No,Freight Included in Commodity Cost,Direct Drop,"Didanosine 400mg, delayed-release capsules, 30 Caps",0.34,14,278.66,South Africa Field Office,"Aurobindo Unit III, India",Didanosine,19.9,Date Not Captured,SCMS-183950,FPQ-11828,3/18/13,ARV,116-ZA-T30,16-Apr-13,Truck,Adult,30,0.66,S. BUYS WHOLESALER,DDP,Weight Captured Separately
76226,ASN-20026,Generic,Haiti,02-Sep-13,02-Sep-13,600/300/300mg,Tablet - FDC,No,See ASN-20026 (ID#:64635),Direct Drop,"Efavirenz/Lamivudine/Tenofovir Disoproxil Fumarate 600/300/300mg, tablets, 30 Tabs",625.4,48150,505575.0,PMO - US,Hetero Unit III Hyderabad IN,Efavirenz/Lamivudine/Tenofovir Disoproxil Fumarate,10.5,3/26/13,SCMS-180970,FPQ-11443,02-07-13,ARV,106-HT-T30,02-Sep-13,Ocean,Adult,30,0.35,HETERO LABS LIMITED,EXW,See ASN-20026 (ID#:64635)
84988,DN-3973,Generic,Zimbabwe,30-Oct-14,07-Nov-14,30/60mg,Chewable/dispersible tablet - FDC,Yes,891.65,From RDC,"Lamivudine/Zidovudine 30/60mg, dispersible tablets, 60 Tabs",30.69,15000,29850.0,PMO - US,"Cipla, Goa, India",Lamivudine/Zidovudine,1.99,N/A - From RDC,SO-49181,FPQ-14459,6/13/14,ARV,103-ZW-T30,24-Nov-14,Truck,Pediatric,60,0.03,SCMS from RDC,N/A - From RDC,1037
62795,ASN-19166,Generic,South Africa,16-Apr-13,16-Apr-13,200mg,Capsule,No,Freight Included in Commodity Cost,Direct Drop,"Efavirenz 200mg, capsule, 90 Caps",9.24,257,7465.87,South Africa Field Office,"Aurobindo Unit III, India",Efavirenz,29.05,Date Not Captured,SCMS-183950,FPQ-11828,3/18/13,ARV,116-ZA-T30,16-Apr-13,Truck,Pediatric,90,0.32,S. BUYS WHOLESALER,DDP,Weight Captured Separately
20349,ASN-16124,Generic,Vietnam,02-Oct-12,02-Oct-12,300mg,Tablet,No,See ASN-16124 (ID#:20321),Direct Drop,"Tenofovir Disoproxil Fumarate 300mg, tablets, 30 Tabs",193.28,30704,137860.96,PMO - US,Mylan (formerly Matrix) Nashik,Tenofovir Disoproxil Fumarate,4.49,06-11-12,SCMS-145310,FPQ-9576,04-11-12,ARV,108-VN-T30,02-Oct-12,Air,Adult,30,0.15,MYLAN LABORATORIES LTD (FORMERLY MATRIX LABORATORIES),EXW,See ASN-16124 (ID#:20321)
85906,DN-2886,Generic,Cameroon,17-Oct-12,17-Oct-12,200mg,Tablet,No,See DN-2886 (ID#:82519),From RDC,"Nevirapine 200mg, tablets, 60 Tabs",299.28,88208,213463.36,PMO - US,"Strides, Bangalore, India.",Nevirapine,2.42,N/A - From RDC,SO-43390,FPQ-10641,9/19/12,ARV,900-CM-T30,24-Oct-12,Air Charter,Adult,60,0.04,SCMS from RDC,N/A - From RDC,See DN-2886 (ID#:82519)
59466,ASN-33470,Generic,South Africa,24-Jul-15,24-Jul-15,300mg,Tablet,No,Freight Included in Commodity Cost,Direct Drop,"Abacavir 300mg, tablets, 60 Tabs",1.93,35,1874.71,PMO - US,"Aurobindo Unit III, India",Abacavir,53.56,10-09-14,SCMS-259078,FPQ-14942,09-11-14,ARV,116-ZA-T30,24-Jul-15,Truck,Adult,60,0.89,PHARMACY DIRECT,DDP,Weight Captured Separately
82367,DN-2104,Generic,Ethiopia,28-Jan-11,28-Jan-11,300mg,Tablet,Yes,1401.76,From RDC,"Tenofovir Disoproxil Fumarate 300mg, tablets, 30 Tabs",15.9,1467,9638.19,PMO - US,Mylan (formerly Matrix) Nashik,Tenofovir Disoproxil Fumarate,6.57,N/A - From RDC,SO-38450,FPQ-7001,01-06-11,ARV,117-ET-T30,14-Feb-11,Air,Adult,30,0.22,SCMS from RDC,N/A - From RDC,9
86813,DN-4274,Generic,Nigeria,15-May-15,22-May-15,30/50/60mg,Chewable/dispersible tablet - FDC,No,See DN-4274 (ID#:84472),From RDC,"Lamivudine/Nevirapine/Zidovudine 30/50/60mg, dispersible tablets, 60 Tabs",38.27,10340,37224.0,PMO - US,Mylan (formerly Matrix) Nashik,Lamivudine/Nevirapine/Zidovudine,3.6,N/A - From RDC,SO-51422,FPQ-14989,9/19/14,ARV,151-NG-T30,30-Jun-15,Air Charter,Pediatric,60,0.06,SCMS from RDC,N/A - From RDC,See DN-4274 (ID#:84472)
6404,ASN-3732,Stocrin/Sustiva,South Africa,21-Jan-09,21-Jan-09,600mg,Tablet,No,Freight Included in Commodity Cost,Direct Drop,"Efavirenz 600mg [Stocrin/Sustiva], tablets, 30 Tabs",52.18,1600,26624.0,PMO - US,"MSD Midrand, Jburg, SA",Efavirenz,16.64,Date Not Captured,SCMS-41190,Pre-PQ Process,Pre-PQ Process,ARV,116-ZA-T01,30-Mar-09,Air,Adult,30,0.55,S. BUYS WHOLESALER,DDP,Weight Captured Separately
32938,ASN-33854,Invirase,South Africa,24-Aug-15,24-Aug-15,200mg,Capsule,Yes,Freight Included in Commodity Cost,Direct Drop,"Saquinavir 200mg [Invirase], capsules, 270 Caps",0.06,1,59.67,PMO - US,Roche Madrid,Saquinavir,59.67,10-09-14,SCMS-259079,FPQ-14942,09-11-14,ARV,116-ZA-T30,24-Aug-15,Truck,Adult,270,0.22,PHARMACY DIRECT,DDP,Weight Captured Separately
78362,ASN-18066,Generic,"Congo, DRC",15-Mar-13,15-Mar-13,100/25mg,Tablet,Yes,707.19,Direct Drop,"Lopinavir/Ritonavir 100/25mg [Aluvia], tablets, 60 Tabs",0.44,60,356.4,PMO - US,ABBVIE Ludwigshafen Germany,Lopinavir/Ritonavir,5.94,01-03-13,SCMS-170610,FPQ-11103,12-07-12,ARV,101-CD-T30,15-Mar-13,Air,Pediatric,60,0.1,ABBVIE LOGISTICS (FORMERLY ABBOTT LOGISTICS BV),FCA,13
12600,DN-1351,Truvada,Nigeria,04-Aug-09,04-Aug-09,300/200mg,Tablet - FDC,Yes,7445.8,From RDC,"Emtricitabine/Tenofovir Disoproxil Fumarate 200/300mg [Truvada], tablets, 30 Tabs",34.52,671,17613.75,PMO - US,"Aspen-OSD, Port Elizabeth, SA",Emtricitabine/Tenofovir Disoproxil Fumarate,26.25,N/A - From RDC,SO-27815,Pre-PQ Process,Date Not Captured,ARV,151-NG-T01,04-Aug-09,Air Charter,Adult,30,0.88,SCMS from RDC,N/A - From RDC,59
1798,ASN-2244,Generic,Vietnam,19-Aug-08,19-Aug-08,30mg,Capsule,Yes,7575.6,Direct Drop,"Stavudine 30mg, capsules, 60 Caps",25.01,10780,15631.0,PMO - US,"Strides, Bangalore, India.",Stavudine,1.45,5/13/08,SCMS-23470,Pre-PQ Process,Pre-PQ Process,ARV,108-VN-T01,19-Aug-08,Air,Adult,60,0.02,STRIDES ARCOLAB LIMITED,EXW,502
12569,DN-1197,Aluvia,Uganda,24-Apr-09,24-Apr-09,200/50mg,Tablet,Yes,1381.64,From RDC,"Lopinavir/Ritonavir 200/50mg [Aluvia], tablets, 120 Tabs",6.44,80,3288.0,PMO - US,ABBVIE Ludwigshafen Germany,Lopinavir/Ritonavir,41.1,N/A - From RDC,SO-26180,Pre-PQ Process,Pre-PQ Process,ARV,114-UG-T01,24-Apr-09,Air,Adult,120,0.34,SCMS from RDC,N/A - From RDC,19
64617,ASN-33470,Generic,South Africa,24-Jul-15,24-Jul-15,20mg/ml,Oral solution,No,Freight Included in Commodity Cost,Direct Drop,"Abacavir 20mg/ml, oral solution, Bottle, 240 ml",0.49,25,474.97,PMO - US,"Aurobindo Unit III, India",Abacavir,19.0,10-09-14,SCMS-259078,FPQ-14942,09-11-14,ARV,116-ZA-T30,24-Jul-15,Truck,Pediatric,240,0.08,PHARMACY DIRECT,DDP,Weight Captured Separately
19359,ASN-27913,Kaletra,Zimbabwe,18-Sep-14,19-Sep-14,80/20mg/ml,Oral solution,Yes,16777.24,Direct Drop,"Lopinavir/Ritonavir 80/20mg/ml [Kaletra], oral solution, cool, Bottle 5 x 60 ml",64.16,2025,62410.5,PMO - US,ABBVIE (Abbott) Logis. UK,Lopinavir/Ritonavir,30.82,08-04-14,SCMS-248220,FPQ-14477,07-01-14,ARV,103-ZW-T30,18-Sep-14,Air,Pediatric,300,0.1,ABBVIE LOGISTICS (FORMERLY ABBOTT LOGISTICS BV),EXW,1902
5661,ASN-1598,Genie,CÃte dIvoire,30-May-08,30-May-08,MIssing,Test kit,Yes,7915.98,Direct Drop,"#108853** HIV, Genie II HIV-1/HIV-2 Kit, 40 Tests",40.25,331,25156.0,PMO - US,Bio-Rad Laboratories,"HIV, Genie II HIV-1/HIV-2 Kit",76.0,3/18/08,SCMS-19100,Pre-PQ Process,Pre-PQ Process,HRDT,104-CI-T01,30-May-08,Air,HIV test,40,1.9,BIO-RAD LABORATORIES (FRANCE),EXW,366
85102,DN-1761,Generic,Uganda,08-Apr-10,08-Apr-10,150/30mg,Tablet - FDC,No,See DN-1761 (ID#:82312),From RDC,"Lamivudine/Stavudine 150/30mg, tablets, 60 Tabs",0.51,70,238.0,PMO - US,"Cipla, Goa, India",Lamivudine/Stavudine,3.4,N/A - From RDC,SO-36160,FPQ-5239,03-02-10,ARV,114-UG-T30,23-Jun-10,Air,Adult,60,0.06,SCMS from RDC,N/A - From RDC,See DN-1761 (ID#:82312)
16231,ASN-10905,Bioline,Tanzania,14-Jul-11,14-Jul-11,MIssing,Test kit,Yes,23616.68,Direct Drop,"HIV 1/2, Bioline 3.0 Kit, Lancets, Capillary pipets, Alcohol swabs included, 25 Tests",330,10000,200000.0,PMO - US,"Standard Diagnostics, Korea","HIV 1/2, Bioline 3.0 Kit, Lancets, Capillary pipets, Alcohol swabs included",20.0,05-02-11,SCMS-100632,FPQ-6936,12/27/10,HRDT,109-TZ-T30,14-Jul-11,Air,HIV test,25,0.8,"Standard Diagnostics, Inc.",EXW,3335
86209,DN-4316,Generic,Zambia,25-Aug-15,03-Sep-15,150/300mg,Tablet - FDC,No,Freight Included in Commodity Cost,From RDC,"Lamivudine/Zidovudine 150/300mg, tablets, 60 Tabs",368.64,55000,358600.0,PMO - US,Hetero Unit III Hyderabad IN,Lamivudine/Zidovudine,6.52,N/A - From RDC,SO-49600,FPQ-14784,08-12-14,ARV,110-ZM-T30,31-Aug-15,Truck,Adult,60,0.11,SCMS from RDC,N/A - From RDC,Weight Captured Separately
84165,DN-2641,Generic,Libya,23-May-12,23-May-12,300mg,Tablet,No,See DN-2641 (ID#:83029),From RDC,"Zidovudine 300mg, tablets, 60 Tabs",41,4166,29245.32,PMO - US,Hetero Unit III Hyderabad IN,Zidovudine,7.02,N/A - From RDC,SO-41900,FPQ-9665,04-04-12,ARV,102-LY-T30,23-May-12,Air,Adult,60,0.12,SCMS from RDC,N/A - From RDC,See DN-2641 (ID#:83029)
9936,ASN-2502,Retrovir,South Africa,18-Aug-08,18-Aug-08,300mg,Tablet,No,Freight Included in Commodity Cost,Direct Drop,"Zidovudine 300mg [Retrovir], tablets, 60 Tabs",10.91,550,6820.0,PMO - US,GSK Aranda,Zidovudine,12.4,Date Not Captured,SCMS-28830,Pre-PQ Process,Pre-PQ Process,ARV,116-ZA-T01,25-Aug-08,Truck,Adult,60,0.21,S. BUYS WHOLESALER,DDP,Weight Captured Separately
86060,DN-3585,Generic,Guyana,03-Apr-14,06-Jun-14,200/50mg,Tablet,No,See DN-3585 (ID#:83223),From RDC,"Lopinavir/Ritonavir 200/50mg, tablets, 120 Tabs",32.04,1484,31164.0,PMO - US,"Aurobindo Unit III, India",Lopinavir/Ritonavir,21.0,N/A - From RDC,SO-46800,FPQ-13071,10-09-13,ARV,105-GY-T30,31-Mar-14,Air,Adult,120,0.18,SCMS from RDC,N/A - From RDC,See DN-3585 (ID#:83223)
11878,DN-625,Generic,Zambia,28-Mar-08,28-Mar-08,150/300mg,Tablet - FDC,No,See DN-625 (ID#:10956),From RDC,"Lamivudine/Zidovudine 150/300mg, tablets, 60 Tabs",756,50000,472500.0,PMO - US,"Aurobindo Unit III, India",Lamivudine/Zidovudine,9.45,N/A - From RDC,SO-1806,Pre-PQ Process,Pre-PQ Process,ARV,110-ZM-T01,28-Mar-08,MIssing,Adult,60,0.16,SCMS from RDC,N/A - From RDC,See DN-625 (ID#:10956)
42811,ASN-7581,Generic,Vietnam,13-Aug-10,13-Aug-10,250mg,Delayed-release capsules,Yes,14405.31,Direct Drop,"Didanosine 250mg, delayed-release capsules, 30 Caps",4.71,168,2184.0,PMO - US,"Aurobindo Unit III, India",Didanosine,13.0,3/25/10,SCMS-69240,FPQ-5317,3/22/10,ARV,108-VN-T30,13-Aug-10,Air,Adult,30,0.43,Aurobindo Pharma Limited,EXW,2046
81496,ASN-22800,Generic,Vietnam,13-Dec-13,13-Dec-13,150/300/200mg,Tablet - FDC,Yes,1464.24,Direct Drop,"Lamivudine/Nevirapine/Zidovudine 150/200/300mg, tablets, 60 Tabs",62.5,6238,50527.8,PMO - US,"Cipla, Goa, India",Lamivudine/Nevirapine/Zidovudine,8.1,7/25/13,SCMS-199750,FPQ-12539,07-11-13,ARV,108-VN-T30,13-Dec-13,Air,Adult,60,0.13,CIPLA LIMITED,EXW,866
59970,ASN-24548,Generic,South Africa,05-Feb-14,17-Feb-14,600/200/300mg,Tablet - FDC,Yes,Freight Included in Commodity Cost,Direct Drop,"Efavirenz/Emtricitabine/Tenofovir Disoproxil Fumarate 600/200/300mg, tablets, 30 Tabs",255.8,5409,206791.05,PMO - US,"Aurobindo Unit VII, IN",Efavirenz/Emtricitabine/Tenofovir Disoproxil Fumarate,38.23,11/28/13,SCMS-206101,FPQ-12932,09-07-13,ARV,101-ZA-T30,05-Feb-14,Truck,Adult,30,1.27,PHARMACY DIRECT,DDP,Weight Captured Separately
1299,ASN-242,Generic,Rwanda,27-Feb-07,27-Feb-07,600mg,Tablet,No,See ASN-242 (ID#:64),Direct Drop,"Efavirenz 600mg, tablets, 30 Tabs",MIssing,71577,1087970.4,PMO - US,"Cipla, Goa, India",Efavirenz,15.2,12/22/06,SCMS-268,Pre-PQ Process,Pre-PQ Process,ARV,107-RW-T01,27-Feb-07,Air,Adult,30,0.51,CIPLA LIMITED,EXW,See ASN-242 (ID#:64)
52871,ASN-7663,Generic,South Africa,20-Sep-10,20-Sep-10,150mg,Tablet,Yes,2016.42,Direct Drop,"Lamivudine 150mg, tablets, 60 Tabs",183.88,33711,85288.83,PMO - US,"Aurobindo Unit III, India",Lamivudine,2.53,3/19/10,SCMS-68980,FPQ-5303,3/18/10,ARV,161-ZA-T30,24-Aug-10,Air,Adult,60,0.04,Aurobindo Pharma Limited,DDP,1810
36617,ASN-30941,Generic,Vietnam,31-Mar-15,01-Apr-15,300mg,Tablet,No,See ASN-30941 (ID#:32306),Direct Drop,"Abacavir 300mg, tablets, 60 Tabs",9.21,800,8960.0,PMO - US,Hetero Unit III Hyderabad IN,Abacavir,11.2,12-08-14,SCMS-263660,FPQ-15040,10/30/14,ARV,108-VN-T30,31-Mar-15,Air,Adult,60,0.19,HETERO LABS LIMITED,EXW,See ASN-30941 (ID#:32306)
11118,DN-194,Generic,CÃte dIvoire,28-Jun-07,28-Jun-07,300mg,Tablet,No,See DN-194 (ID#:11117),From RDC,"Abacavir 300mg, tablets, 60 Tabs",114.56,2000,71600.0,PMO - US,"Aurobindo Unit III, India",Abacavir,35.8,N/A - From RDC,SO-586,Pre-PQ Process,Pre-PQ Process,ARV,104-CI-T01,28-Jun-07,MIssing,Adult,60,0.6,SCMS from RDC,N/A - From RDC,See DN-194 (ID#:11117)
25749,ASN-9759,OraQuick,Haiti,11-Mar-11,11-Mar-11,MIssing,Test kit,Yes,4625.81,Direct Drop,"HIV 1/2, OraQuick Advance HIV Rapid Antibody Kit, 100 Tests",73.34,127,44450.0,Haiti Field Office,"Orasure Technologies, Inc","HIV 1/2, OraQuick Advance HIV Rapid Antibody Kit",350.0,01-12-11,SCMS-96430,FPQ-6834,12/14/10,HRDT,106-HT-T30,11-Mar-11,Air,HIV test,100,3.5,Orasure Technologies Inc.,EXW,22
83009,DN-2518,Generic,Mozambique,08-Mar-12,08-Mar-12,150/300/200mg,Tablet - FDC,Yes,20994.62,From RDC,"Lamivudine/Nevirapine/Zidovudine 150/200/300mg, tablets, 60 Tabs",288.8,15600,175032.0,PMO - US,Mylan (formerly Matrix) Nashik,Lamivudine/Nevirapine/Zidovudine,11.22,N/A - From RDC,SO-40360,FPQ-8157,08-04-11,ARV,111-MZ-T30,30-Mar-12,Truck,Adult,60,0.19,SCMS from RDC,N/A - From RDC,27345
85561,DN-4121,Generic,Nigeria,05-Feb-15,10-Feb-15,150/300/200mg,Tablet - FDC,Yes,62693.85,From RDC,"Lamivudine/Nevirapine/Zidovudine 150/200/300mg, tablets, 60 Tabs",1694.39,213502,1648235.44,PMO - US,"Cipla, Goa, India",Lamivudine/Nevirapine/Zidovudine,7.72,N/A - From RDC,SO-48890,FPQ-14156,4/25/14,ARV,151-NG-T30,02-Mar-15,Air Charter,Adult,60,0.13,SCMS from RDC,N/A - From RDC,31271
10352,ASN-3752,Videx,South Africa,21-Nov-08,21-Nov-08,25mg,Chewable/dispersible tablet,No,Freight Included in Commodity Cost,Direct Drop,"Didanosine 25mg [Videx], chewable tablets, 60 Tabs",0.19,10,94.9,PMO - US,"BMS Meymac, France",Didanosine,9.49,Date Not Captured,SCMS-41140,Pre-PQ Process,Pre-PQ Process,ARV,116-ZA-T01,31-Mar-09,Air,Pediatric,60,0.16,S. BUYS WHOLESALER,DDP,Weight Captured Separately
83460,DN-2025,Generic,Nigeria,10-Nov-10,10-Nov-10,300mg,Tablet,Yes,20264.93,From RDC,"Zidovudine 300mg, tablets, 60 Tabs",243.28,15650,112836.5,PMO - US,"Aurobindo Unit III, India",Zidovudine,7.21,N/A - From RDC,SO-37500,FPQ-5688,5/27/10,ARV,151-NG-T30,22-Oct-10,Air,Adult,60,0.12,SCMS from RDC,N/A - From RDC,16417
11452,DN-344,Generic,Mozambique,05-Oct-07,05-Oct-07,150/30mg,Tablet - FDC,No,See DN-344 (ID#:11173),From RDC,"Lamivudine/Stavudine 150/30mg, tablets, 30 Tabs",224,70000,140000.0,PMO - US,"Cipla, Goa, India",Lamivudine/Stavudine,2.0,N/A - From RDC,SO-924,Pre-PQ Process,Pre-PQ Process,ARV,111-MZ-T01,05-Oct-07,Air,Adult,30,0.07,SCMS from RDC,N/A - From RDC,See DN-344 (ID#:11173)
46250,ASN-29533,Generic,"Congo, DRC",12-Feb-15,24-Feb-15,150mg,Tablet,Yes,3743.84,Direct Drop,"Lamivudine 150mg, tablets, 60 Tabs",7.03,3974,6835.28,PMO - US,"Micro labs, Verna, Goa, India",Lamivudine,1.72,7/31/14,SCMS-250230,FPQ-14636,7/23/14,ARV,101-CD-T30,12-Feb-15,Air,Adult,60,0.03,MICRO LABS LIMITED,EXW,209
24620,ASN-7285,Stocrin/Sustiva,CÃte dIvoire,28-Jun-10,28-Jun-10,30mg/ml,Oral solution,Yes,1659.71,Direct Drop,"Efavirenz 30mg/ml [Stocrin/Sustiva], oral solution, Bottle, 180 ml",100.08,2737,46419.52,PMO - US,"MSD, Haarlem, NL",Efavirenz,16.96,02-12-10,SCMS-64950,FPQ-4698,12/28/09,ARV,104-CI-T30,28-Jun-10,Air,Pediatric,180,0.09,MERCK SHARP & DOHME IDEA GMBH (FORMALLY MERCK SHARP & DOHME B.V.),CIP,805
84507,DN-1519,Generic,Nigeria,18-Dec-09,18-Dec-09,600mg,Tablet,No,See DN-1519 (ID#:82276),From RDC,"Efavirenz 600mg, tablets, 30 Tabs",876.69,77386,447291.08,PMO - US,"Aurobindo Unit III, India",Efavirenz,5.78,N/A - From RDC,SO-32971,FPQ-4395,7/27/09,ARV,123-NG-T30,18-Dec-09,Air Charter,Adult,30,0.19,SCMS from RDC,N/A - From RDC,See DN-1519 (ID#:82276)
83079,DN-2852,Generic,Rwanda,05-Oct-12,05-Oct-12,20mg/ml,Oral solution,Yes,12500.58,From RDC,"Abacavir 20mg/ml, oral solution w/syringe, Bottle, 240 ml",86.36,4928,61600.0,PMO - US,"Aurobindo Unit III, India",Abacavir,12.5,N/A - From RDC,SO-42120,FPQ-9888,05-11-12,ARV,107-RW-T30,28-Sep-12,Air,Pediatric,240,0.05,SCMS from RDC,N/A - From RDC,1800
35660,ASN-19075,Determine,Zambia,05-Jun-13,05-Jun-13,MIssing,Test kit,Yes,16740.97,Direct Drop,"HIV 1/2, Determine Complete HIV Kit, 100 Tests",220.98,2233,178640.0,PMO - US,"Alere Medical Co., Ltd.","HIV 1/2, Determine Complete HIV Kit",80.0,1/23/13,SCMS-173920,FPQ-11390,01-08-13,HRDT,110-ZM-T30,05-Jun-13,Air,HIV test,100,0.8,"Orgenics, Ltd",EXW,925
85890,DN-2804,Generic,Zimbabwe,04-Sep-12,04-Sep-12,300/300mg,Tablet - FDC,No,See DN-2804 (ID#:82499),From RDC,"Lamivudine/Tenofovir Disoproxil Fumarate 300/300mg, tablets, 30 Tabs",293.63,33201,177957.36,PMO - US,Hetero Unit III Hyderabad IN,Lamivudine/Tenofovir Disoproxil Fumarate,5.36,N/A - From RDC,SO-40900,FPQ-8464,10-04-11,ARV,113-ZW-T30,11-Dec-12,Truck,Adult,30,0.18,SCMS from RDC,N/A - From RDC,See DN-2804 (ID#:82499)
29207,ASN-27978,Generic,South Africa,27-Aug-14,27-Aug-14,150mg,Tablet,No,Freight Included in Commodity Cost,Direct Drop,"Lamivudine 150mg, tablets, 60 Tabs",3.23,265,2609.69,PMO - US,Hetero Unit III Hyderabad IN,Lamivudine,9.85,8/27/14,SCMS-199283,FPQ-12522,07-11-13,ARV,116-ZA-T30,27-Aug-14,Truck,Adult,60,0.16,S. BUYS WHOLESALER,DDP,Weight Captured Separately
83237,DN-3655,Generic,CÃte dIvoire,01-May-14,11-Jun-14,150/300/200mg,Tablet - FDC,Yes,46520.17,From RDC,"Lamivudine/Nevirapine/Zidovudine 150/200/300mg, tablets, 60 Tabs",833.71,100000,811000.0,PMO - US,"Strides, Bangalore, India.",Lamivudine/Nevirapine/Zidovudine,8.11,N/A - From RDC,SO-47130,FPQ-13142,10/22/13,ARV,104-CI-T30,21-Apr-14,Truck,Adult,60,0.14,SCMS from RDC,N/A - From RDC,12199
83663,DN-3042,Generic,Uganda,07-Mar-13,07-Mar-13,600/300/300mg,Tablet - FDC,Yes,8507.01,From RDC,"Efavirenz/Lamivudine/Tenofovir Disoproxil Fumarate 600/300/300mg, tablets, 30 Tabs",79.05,5277,63904.47,PMO - US,Mylan (formerly Matrix) Nashik,Efavirenz/Lamivudine/Tenofovir Disoproxil Fumarate,12.11,N/A - From RDC,SO-43960,FPQ-11143,12/13/12,ARV,114-UG-T30,09-Mar-13,Air,Adult,30,0.4,SCMS from RDC,N/A - From RDC,1366
12447,DN-537,Generic,Ethiopia,25-Dec-07,25-Dec-07,200mg,Tablet,Yes,8332,From RDC,"Nevirapine 200mg, tablets, 60 Tabs",69.33,12745,43333.0,PMO - US,"Aurobindo Unit III, India",Nevirapine,3.4,N/A - From RDC,SO-1530,Pre-PQ Process,Pre-PQ Process,ARV,117-ET-T01,20-Dec-07,Air,Adult,60,0.06,SCMS from RDC,N/A - From RDC,1197
11937,DN-944,Generic,Haiti,04-Nov-08,04-Nov-08,20mg/ml,Oral solution,No,See DN-944 (ID#:11012),From RDC,"Abacavir 20mg/ml, oral solution, Bottle, 240 ml",11.08,350,5652.5,PMO - US,"Aurobindo Unit III, India",Abacavir,16.15,N/A - From RDC,SO-15930,Pre-PQ Process,Pre-PQ Process,ARV,106-HT-T01,04-Nov-08,Air,Pediatric,240,0.07,SCMS from RDC,N/A - From RDC,See DN-944 (ID#:11012)
86643,DN-3499,Generic,Tanzania,12-Mar-14,17-Mar-14,10mg/ml,Oral suspension,Yes,6010.2,From RDC,"Nevirapine 10mg/ml, oral suspension w/syringe, Bottle, 100 ml",32.16,20000,26000.0,PMO - US,"Aurobindo Unit III, India",Nevirapine,1.3,N/A - From RDC,SO-45996,FPQ-12587,07-04-13,ARV,109-TZ-T30,31-Jan-14,Truck,Pediatric,100,0.01,SCMS from RDC,N/A - From RDC,3920
82465,DN-2598,Generic,Tanzania,11-Apr-12,11-Apr-12,150/300mg,Tablet - FDC,Yes,3279.25,From RDC,"Lamivudine/Zidovudine 150/300mg, tablets, 60 Tabs",304.47,22340,184528.4,PMO - US,"Aurobindo Unit III, India",Lamivudine/Zidovudine,8.26,N/A - From RDC,SO-40610,FPQ-8297,8/22/11,ARV,109-TZ-T30,04-May-12,Truck,Adult,60,0.14,SCMS from RDC,N/A - From RDC,20975
23791,ASN-28626,Isentress,South Africa,03-Oct-14,03-Oct-14,400mg,Tablet,Yes,Freight Included in Commodity Cost,Direct Drop,"Raltegravir 400mg [Isentress], tablets, 60 Tabs",0.52,6,507.86,PMO - US,"MSD, Haarlem, NL",Raltegravir,84.64,10-03-14,SCMS-238554,FPQ-13973,4/30/14,ARV,116-ZA-T30,03-Oct-14,Truck,Adult,60,1.41,PHARMACY DIRECT,DDP,Weight Captured Separately
84950,DN-3809,Generic,Mozambique,15-Aug-14,25-Aug-14,600mg,Tablet,Yes,9360.14,From RDC,"Efavirenz 600mg, tablets, 30 Tabs",358.53,108650,348766.5,PMO - US,"Strides, Bangalore, India.",Efavirenz,3.21,N/A - From RDC,SO-47040,FPQ-13124,10/21/13,ARV,111-MZ-T30,15-Aug-14,Truck,Adult,30,0.11,SCMS from RDC,N/A - From RDC,9741
38632,ASN-28761,Generic,Haiti,09-Jan-15,12-Jan-15,150mg,Tablet,Yes,12336.45,Direct Drop,"Lamivudine 150mg, tablets, 60 Tabs",1.7,960,1651.2,PMO - US,"Micro labs, Verna, Goa, India",Lamivudine,1.72,06-02-14,SCMS-240130,FPQ-14083,05-11-14,ARV,106-HT-T30,09-Jan-15,Ocean,Adult,60,0.03,MICRO LABS LIMITED,EXW,8385
82850,DN-1566,Generic,Zambia,26-Nov-09,26-Nov-09,150mg,Tablet,Yes,792.62,From RDC,"Lamivudine 150mg, tablets, 60 Tabs",0.1,21,51.24,PMO - US,"Aurobindo Unit III, India",Lamivudine,2.44,N/A - From RDC,SO-34620,FPQ-4029,08-05-09,ARV,110-ZM-T30,15-Jan-10,Truck,Adult,60,0.04,SCMS from RDC,N/A - From RDC,1
12870,DN-879,Uni-Gold,Kenya,20-Aug-08,20-Aug-08,MIssing,Test kit,Yes,3616.67,From RDC,"HIV 1/2, Uni-Gold HIV Kit, 20 Tests",54.63,1067,34144.0,PMO - US,"Trinity Biotech, Plc","HIV 1/2, Uni-Gold HIV Kit",32.0,N/A - From RDC,SO-12710,Pre-PQ Process,Pre-PQ Process,HRDT,510-KE-T01,20-Aug-08,Truck,HIV test,20,1.6,SCMS from RDC,N/A - From RDC,297
86031,DN-3497,Generic,Rwanda,03-Feb-14,24-Feb-14,150/300/200mg,Tablet - FDC,No,See DN-3497 (ID#:82640),From RDC,"Lamivudine/Nevirapine/Zidovudine 150/200/300mg, tablets, 60 Tabs",271.18,26540,219220.4,PMO - US,"Aurobindo Unit III, India",Lamivudine/Nevirapine/Zidovudine,8.26,N/A - From RDC,SO-46483,FPQ-12766,08-02-13,ARV,107-RW-T30,31-Jan-14,Truck,Adult,60,0.14,SCMS from RDC,N/A - From RDC,See DN-3497 (ID#:82640)
78403,ASN-13724,Stocrin/Sustiva,Haiti,14-Mar-12,14-Mar-12,30mg/ml,Oral solution,Yes,290,Direct Drop,"Efavirenz 30mg/ml [Stocrin/Sustiva], oral solution, Bottle, 180 ml",7.14,255,4324.8,PMO - US,"MSD, Haarlem, NL",Efavirenz,16.96,5/30/11,SCMS-108900,FPQ-7649,4/27/11,ARV,106-HT-T30,14-Mar-12,Air,Pediatric,180,0.09,MERCK SHARP & DOHME IDEA GMBH (FORMALLY MERCK SHARP & DOHME B.V.),CIP,72
86140,DN-3965,Generic,CÃte dIvoire,17-Oct-14,07-Nov-14,200/50mg,Tablet,Yes,22007.39,From RDC,"Lopinavir/Ritonavir 200/50mg, tablets, 120 Tabs",434.46,21497,422631.02,PMO - US,Mylan (formerly Matrix) Nashik,Lopinavir/Ritonavir,19.66,N/A - From RDC,SO-47911,FPQ-13628,1/29/14,ARV,104-CI-T30,31-Oct-14,Truck,Adult,120,0.16,SCMS from RDC,N/A - From RDC,21
78340,ASN-11850,Aluvia,Vietnam,23-Sep-11,23-Sep-11,200/50mg,Tablet,Yes,5487.53,Direct Drop,"Lopinavir/Ritonavir 200/50mg [Aluvia], tablets, 120 Tabs",142.28,1049,86227.8,PMO - US,ABBVIE Ludwigshafen Germany,Lopinavir/Ritonavir,82.2,4/21/11,SCMS-106490,FPQ-7469,3/31/11,ARV,108-VN-T30,23-Sep-11,Air,Adult,120,0.68,ABBVIE LOGISTICS (FORMERLY ABBOTT LOGISTICS BV),FCA,264
11903,DN-892,Generic,Haiti,09-Sep-08,09-Sep-08,10mg/ml,Oral solution,Yes,7100.67,From RDC,"Zidovudine 10mg/ml, oral solution, Bottle, 240 ml",4.84,1440,3024.0,PMO - US,"Aurobindo Unit III, India",Zidovudine,2.1,N/A - From RDC,SO-12161,Pre-PQ Process,Pre-PQ Process,ARV,106-HT-T01,09-Sep-08,Air,Pediatric,240,0.01,SCMS from RDC,N/A - From RDC,538
82420,DN-2445,Generic,Tanzania,22-Dec-11,22-Dec-11,20mg/ml,Oral solution,Yes,Freight Included in Commodity Cost,From RDC,"Abacavir 20mg/ml, oral solution w/syringe, Bottle, 240 ml",48.16,2335,29187.5,PMO - US,"Aurobindo Unit III, India",Abacavir,12.5,N/A - From RDC,SO-39750,FPQ-7675,5/18/11,ARV,109-TZ-T30,30-Jan-12,Air,Pediatric,240,0.05,SCMS from RDC,N/A - From RDC,9523
85095,DN-1685,Generic,Nigeria,31-Mar-10,31-Mar-10,150/300/200mg,Tablet - FDC,Yes,Freight Included in Commodity Cost,From RDC,"Lamivudine/Nevirapine/Zidovudine 150/200/300mg, tablets, 60 Tabs",241.9,10000,112200.0,PMO - US,"Aurobindo Unit III, India",Lamivudine/Nevirapine/Zidovudine,11.22,N/A - From RDC,SO-35067,FPQ-4537,11-06-09,ARV,151-NG-T30,19-Apr-10,Air Charter,Adult,60,0.19,SCMS from RDC,N/A - From RDC,1169
51467,ASN-28034,Generic,South Africa,29-Aug-14,29-Aug-14,300mg,Tablet,No,Freight Included in Commodity Cost,Direct Drop,"Zidovudine 300mg, tablets, 60 Tabs",0.6,18,488.0,PMO - US,Mylan (formerly Matrix) Nashik,Zidovudine,27.11,8/29/14,SCMS-199289,FPQ-12522,07-11-13,ARV,116-ZA-T30,29-Aug-14,Truck,Adult,60,0.45,S. BUYS WHOLESALER,DDP,Weight Captured Separately
12753,DN-487,Norvir,Mozambique,08-Feb-08,08-Feb-08,100mg,Capsule,Yes,740.16,From RDC,"Ritonavir 100mg [Norvir], capsules, cool, 84 Caps",12.89,210,8055.6,PMO - US,ABBVIE (Abbott) Logis. UK,Ritonavir,38.36,N/A - From RDC,SO-1040,Pre-PQ Process,Pre-PQ Process,ARV,111-MZ-T01,08-Feb-08,Air,Adult,84,0.46,SCMS from RDC,N/A - From RDC,63
84867,DN-3374,Generic,Nigeria,21-Oct-13,29-Oct-13,300mg,Tablet,Yes,20225.07,From RDC,"Zidovudine 300mg, tablets, 60 Tabs",26.14,4068,25425.0,PMO - US,"Aurobindo Unit III, India",Zidovudine,6.25,N/A - From RDC,SO-46780,FPQ-13091,10-10-13,ARV,151-NG-T30,07-Nov-13,Air Charter,Adult,60,0.1,SCMS from RDC,N/A - From RDC,268
85854,DN-2638,Generic,Dominican Republic,04-May-12,04-May-12,300/300mg,Tablet - FDC,No,See DN-2638 (ID#:85257),From RDC,"Lamivudine/Tenofovir Disoproxil Fumarate 300/300mg, tablets, 30 Tabs",48.65,6263,34697.02,PMO - US,Mylan (formerly Matrix) Nashik,Lamivudine/Tenofovir Disoproxil Fumarate,5.54,N/A - From RDC,SO-41880,FPQ-9676,04-09-12,ARV,102-DO-T30,21-May-12,Air,Adult,30,0.18,SCMS from RDC,N/A - From RDC,See DN-2638 (ID#:85257)
84782,DN-2989,Generic,Zimbabwe,11-Feb-13,11-Feb-13,300/300mg,Tablet - FDC,No,See DN-2989 (ID#:84216),From RDC,"Lamivudine/Tenofovir Disoproxil Fumarate 300/300mg, tablets, 30 Tabs",805.73,119481,574703.61,PMO - US,"Aurobindo Unit VII, IN",Lamivudine/Tenofovir Disoproxil Fumarate,4.81,N/A - From RDC,SO-43220,FPQ-10632,09-11-12,ARV,113-ZW-T30,11-Feb-13,Truck,Adult,30,0.16,SCMS from RDC,N/A - From RDC,See DN-2989 (ID#:84216)
86070,DN-3626,Generic,Guyana,14-Apr-14,06-Jun-14,300mg,Tablet,No,See DN-3626 (ID#:83781),From RDC,"Abacavir 300mg, tablets, 60 Tabs",0.82,70,795.2,PMO - US,"Aurobindo Unit III, India",Abacavir,11.36,N/A - From RDC,SO-47730,FPQ-13567,1/16/14,ARV,105-GY-T30,30-Jun-14,Air,Adult,60,0.19,SCMS from RDC,N/A - From RDC,See DN-3626 (ID#:83781)
19272,ASN-31750,Uni-Gold,"Congo, DRC",02-Jul-15,30-Jul-15,MIssing,Test kit,Yes,3918.37,Direct Drop,"HIV 1/2, Uni-Gold HIV Kit, 20 Tests",2.64,70,2240.0,PMO - US,"Trinity Biotech, Plc","HIV 1/2, Uni-Gold HIV Kit",32.0,3/16/15,SCMS-280210,FPQ-16001,03-10-15,HRDT,101-CD-T30,02-Jul-15,Air,HIV test,20,1.6,"Trinity Biotech, Plc",EXW,508
11016,DN-1059,Truvada,Nigeria,19-Jan-09,19-Jan-09,300/200mg,Tablet - FDC,Yes,13538.35,From RDC,"Emtricitabine/Tenofovir Disoproxil Fumarate 200/300mg [Truvada], tablets, 30 Tabs",7.15,139,3648.75,PMO - US,"Aspen-OSD, Port Elizabeth, SA",Emtricitabine/Tenofovir Disoproxil Fumarate,26.25,N/A - From RDC,SO-20950,Pre-PQ Process,Pre-PQ Process,ARV,112-NG-T01,19-Jan-09,Air,Adult,30,0.88,SCMS from RDC,N/A - From RDC,192
82453,DN-2558,Generic,Tanzania,14-Feb-12,14-Feb-12,300mg,Tablet,Yes,7651.59,From RDC,"Zidovudine 300mg, tablets, 60 Tabs",1737.45,150000,1053000.0,PMO - US,"Aurobindo Unit III, India",Zidovudine,7.02,N/A - From RDC,SO-40613,FPQ-8297,8/22/11,ARV,109-TZ-T30,06-Apr-12,Truck,Adult,60,0.12,SCMS from RDC,N/A - From RDC,10142
34280,ASN-7485,Generic,Vietnam,03-Aug-10,03-Aug-10,150mg,Tablet,No,See ASN-7485 (ID#:30256),Direct Drop,"Lamivudine 150mg, tablets, 60 Tabs",28.37,5600,13160.0,PMO - US,"Strides, Bangalore, India.",Lamivudine,2.35,3/29/10,SCMS-69520,FPQ-5317,3/22/10,ARV,108-VN-T30,03-Aug-10,Air,Adult,60,0.04,STRIDES ARCOLAB LIMITED,EXW,See ASN-7485 (ID#:30256)
82732,DN-3939,Generic,Mozambique,30-Oct-14,13-Nov-14,150/300/200mg,Tablet - FDC,Yes,19662.09,From RDC,"Lamivudine/Nevirapine/Zidovudine 150/200/300mg, tablets, 60 Tabs",906.48,106754,881788.04,PMO - US,"Cipla, Goa, India",Lamivudine/Nevirapine/Zidovudine,8.26,N/A - From RDC,SO-47700,FPQ-13575,1/17/14,ARV,111-MZ-T30,31-Oct-14,Truck,Adult,60,0.14,SCMS from RDC,N/A - From RDC,28021
6692,ASN-633,Aluvia,Vietnam,10-Sep-07,10-Sep-07,200/50mg,Tablet,Yes,5294.51,Direct Drop,"Lopinavir/Ritonavir 200/50mg [Aluvia], tablets, 120 Tabs",131.5,1000,82190.0,PMO - US,ABBVIE Ludwigshafen Germany,Lopinavir/Ritonavir,82.19,07-03-07,SCMS-751,Pre-PQ Process,Pre-PQ Process,ARV,108-VN-T01,10-Sep-07,Air,Adult,120,0.68,ABBVIE LOGISTICS (FORMERLY ABBOTT LOGISTICS BV),FCA,226
33441,ASN-29384,Generic,Vietnam,24-Dec-14,24-Dec-14,300mg,Tablet,Yes,4545.64,Direct Drop,"Tenofovir Disoproxil Fumarate 300mg, tablets, 30 Tabs",21.9,6000,21300.0,PMO - US,Hetero Unit III Hyderabad IN,Tenofovir Disoproxil Fumarate,3.55,08-11-14,SCMS-251680,FPQ-14516,07-09-14,ARV,108-VN-T30,24-Dec-14,Air,Adult,30,0.12,HETERO LABS LIMITED,EXW,2490
32893,ASN-32231,Determine,"Congo, DRC",23-Jul-15,29-Jul-15,MIssing,Test kit,No,See ASN-32231 (ID#:13648),Direct Drop,"HIV 1/2, Determine Complete HIV Kit, 100 Tests",1.6,17,1360.0,PMO - US,"Alere Medical Co., Ltd.","HIV 1/2, Determine Complete HIV Kit",80.0,3/17/15,SCMS-280220,FPQ-16001,03-10-15,HRDT,101-CD-T30,23-Jul-15,Air,HIV test,100,0.8,"Orgenics, Ltd",EXW,See ASN-32231 (ID#:13648)
62228,ASN-26760,Determine,Nigeria,10-Jul-14,17-Jul-14,MIssing,Test kit,Yes,62466.03,Direct Drop,"HIV 1/2, Determine Complete HIV Kit, 100 Tests",948.22,10364,922396.0,PMO - US,"Alere Medical Co., Ltd.","HIV 1/2, Determine Complete HIV Kit",89.0,5/19/14,SCMS-239690,FPQ-13741,2/13/14,HRDT,133-NG-T30,09-Jul-14,Air,HIV test,100,0.89,"Orgenics, Ltd",EXW,4212
38611,ASN-29095,Generic,Namibia,19-Nov-14,19-Nov-14,150/300/200mg,Tablet - FDC,Yes,27262.44,Direct Drop,"Lamivudine/Nevirapine/Zidovudine 150/200/300mg, tablets, 60 Tabs",287.16,33696,279339.84,PMO - US,"Hetero, Jadcherla, unit 5, IN",Lamivudine/Nevirapine/Zidovudine,8.29,8/29/14,SCMS-253440,FPQ-14689,7/30/14,ARV,901-NA-T30,19-Nov-14,Air,Adult,60,0.14,HETERO LABS LIMITED,EXW,4262
83893,DN-4156,Generic,Zimbabwe,17-Mar-15,18-Mar-15,600/300/300mg,Tablet - FDC,Yes,23559.93,From RDC,"Efavirenz/Lamivudine/Tenofovir Disoproxil Fumarate 600/300/300mg, tablets, 30 Tabs",921.89,81589,783254.4,PMO - US,"Aurobindo Unit VII, IN",Efavirenz/Lamivudine/Tenofovir Disoproxil Fumarate,9.6,N/A - From RDC,SO-50000,FPQ-15196,10/16/14,ARV,102-ZW-T30,30-Apr-15,Truck,Adult,30,0.32,SCMS from RDC,N/A - From RDC,21668
66000,ASN-26864,Kaletra,Rwanda,16-Jul-14,22-Jul-14,80/20mg/ml,Oral solution,Yes,4399.65,Direct Drop,"Lopinavir/Ritonavir 80/20mg/ml [Kaletra], oral solution, cool, Bottle 5 x 60 ml",10.01,316,9739.12,PMO - US,ABBVIE (Abbott) Logis. UK,Lopinavir/Ritonavir,30.82,06-02-14,SCMS-238800,FPQ-14113,4/18/14,ARV,107-RW-T30,16-Jul-14,Air,Pediatric,300,0.1,ABBVIE LOGISTICS (FORMERLY ABBOTT LOGISTICS BV),FCA,415
82577,DN-3176,Generic,Nigeria,10-May-13,10-May-13,200mg,Tablet,Yes,41332.14,From RDC,"Nevirapine 200mg, tablets, 60 Tabs",265.58,95000,214700.0,PMO - US,"Cipla, Goa, India",Nevirapine,2.26,N/A - From RDC,SO-45201,FPQ-11022,11/15/12,ARV,151-NG-T30,21-May-13,Air Charter,Adult,60,0.04,SCMS from RDC,N/A - From RDC,12686
11430,DN-298,Generic,Uganda,27-Aug-07,27-Aug-07,30mg,Capsule,No,See DN-298 (ID#:10863),From RDC,"Stavudine 30mg, capsules, 60 Caps",2.43,1000,1520.0,PMO - US,"Strides, Bangalore, India.",Stavudine,1.52,N/A - From RDC,SO-895,Pre-PQ Process,Pre-PQ Process,ARV,114-UG-T01,27-Aug-07,Air,Adult,60,0.03,SCMS from RDC,N/A - From RDC,See DN-298 (ID#:10863)
83557,DN-2503,Generic,Guyana,04-Feb-12,04-Feb-12,200mg,Capsule,No,See DN-2503 (ID#:83007),From RDC,"Efavirenz 200mg, capsule, 90 Caps",1.9,153,1357.11,PMO - US,"Aurobindo Unit III, India",Efavirenz,8.87,N/A - From RDC,SO-41000,FPQ-8620,10/27/11,ARV,105-GY-T30,30-Mar-12,Air,Pediatric,90,0.1,SCMS from RDC,N/A - From RDC,See DN-2503 (ID#:83007)
7260,ASN-2353,Generic,Nigeria,03-Sep-08,03-Sep-08,MIssing,Test kit - Ancillary,Yes,Invoiced Separately,Direct Drop,"HIV, Lancet, Safety, for HIV Test kits, 100 Pcs",0.11,6875,68.75,PMO - US,Inverness Japan,"HIV, Lancet, Safety, for HIV Test kits, 100 Pcs",0.01,8/21/08,SCMS-27070,Pre-PQ Process,Pre-PQ Process,HRDT,133-NG-T01,12-Sep-08,Air,HIV test - Ancillary,100,0.0,"Orgenics, Ltd",EXW,Weight Captured Separately
13841,ASN-6267,Generic,Rwanda,16-Apr-10,16-Apr-10,300/300mg,Tablet - FDC,Yes,63600.4,Direct Drop,"Lamivudine/Tenofovir Disoproxil Fumarate 300/300mg, tablets, 30 Tabs",1335.13,62209,681188.55,PMO - US,Mylan (formerly Matrix) Nashik,Lamivudine/Tenofovir Disoproxil Fumarate,10.95,8/31/09,SCMS-50290,FPQ-4011,7/16/09,ARV,107-RW-T30,16-Apr-10,Air,Adult,30,0.36,MYLAN LABORATORIES LTD (FORMERLY MATRIX LABORATORIES),CIP,5795
83538,DN-2366,Generic,Mozambique,25-Jan-12,25-Jan-12,10mg/ml,Oral suspension,Yes,4480.45,From RDC,"Nevirapine 10mg/ml, oral suspension w/syringe, Bottle, 240 ml",45.03,13994,27288.3,PMO - US,"Aurobindo Unit III, India",Nevirapine,1.95,N/A - From RDC,SO-38641,FPQ-7053,1/24/11,ARV,111-MZ-T30,25-Jan-12,Truck,Pediatric,240,0.01,SCMS from RDC,N/A - From RDC,5269
11494,DN-475,Generic,Nigeria,03-Dec-07,03-Dec-07,200mg,Tablet,No,See DN-475 (ID#:10642),From RDC,"Nevirapine 200mg, tablets, 60 Tabs",3.59,628,2241.96,PMO - US,"Aurobindo Unit III, India",Nevirapine,3.57,N/A - From RDC,SO-567,Pre-PQ Process,Pre-PQ Process,ARV,112-NG-T01,03-Dec-07,Air,Adult,60,0.06,SCMS from RDC,N/A - From RDC,See DN-475 (ID#:10642)
42506,ASN-15775,Generic,Uganda,03-Aug-12,03-Aug-12,300/300mg,Tablet - FDC,Yes,26095.99,Direct Drop,"Lamivudine/Tenofovir Disoproxil Fumarate 300/300mg, tablets, 30 Tabs",449.68,66960,320738.4,PMO - US,Hetero Unit III Hyderabad IN,Lamivudine/Tenofovir Disoproxil Fumarate,4.79,06-12-12,SCMS-149412,FPQ-10089,06-07-12,ARV,900-UG-T30,03-Aug-12,Air,Adult,30,0.16,HETERO LABS LIMITED,EXW,7549
85711,DN-2025,Generic,Nigeria,10-Nov-10,10-Nov-10,600/200/300mg,Tablet - FDC,No,See DN-2025 (ID#:83460),From RDC,"Efavirenz/Emtricitabine/Tenofovir Disoproxil Fumarate 600/200/300mg, tablets, 30 Tabs",1424.23,33162,660587.04,PMO - US,Mylan (formerly Matrix) Nashik,Efavirenz/Emtricitabine/Tenofovir Disoproxil Fumarate,19.92,N/A - From RDC,SO-37500,FPQ-5688,5/27/10,ARV,151-NG-T30,22-Oct-10,Air,Adult,30,0.66,SCMS from RDC,N/A - From RDC,See DN-2025 (ID#:83460)
82478,DN-2663,Generic,Mozambique,28-Jun-12,28-Jun-12,10mg/ml,Oral suspension,Yes,29683.06,From RDC,"Nevirapine 10mg/ml, oral suspension w/syringe, Bottle, 240 ml",166.68,60968,118887.6,PMO - US,"Aurobindo Unit III, India",Nevirapine,1.95,N/A - From RDC,SO-41760,FPQ-9506,3/16/12,ARV,111-MZ-T30,03-Jul-12,Truck,Pediatric,240,0.01,SCMS from RDC,N/A - From RDC,53692
80892,ASN-5056,Generic,South Africa,24-Aug-09,24-Aug-09,50mg,Capsule,No,Freight Included in Commodity Cost,Direct Drop,"Efavirenz 50mg, capsule, 30 Caps",2.38,300,1213.12,PMO - US,"Aurobindo Unit III, India",Efavirenz,4.04,08-07-09,SCMS-51250,FPQ-4054,7/29/09,ARV,116-ZA-T30,24-Aug-09,Truck,Pediatric,30,0.13,S. BUYS WHOLESALER,DDP,Weight Captured Separately
4373,ASN-2051,Aluvia,Vietnam,14-Jul-08,14-Jul-08,200/50mg,Tablet,Yes,3449.4,Direct Drop,"Lopinavir/Ritonavir 200/50mg [Aluvia], tablets, 120 Tabs",105.22,800,65760.0,PMO - US,ABBVIE Ludwigshafen Germany,Lopinavir/Ritonavir,82.2,3/31/08,SCMS-20420,Pre-PQ Process,Pre-PQ Process,ARV,108-VN-T01,14-Jul-08,Air,Adult,120,0.68,ABBVIE LOGISTICS (FORMERLY ABBOTT LOGISTICS BV),FCA,208
82677,DN-3707,Generic,CÃte dIvoire,04-Jun-14,10-Jul-14,600mg,Tablet,Yes,5153.54,From RDC,"Efavirenz 600mg, tablets, 30 Tabs",135.89,30196,96929.16,PMO - US,"Strides, Bangalore, India.",Efavirenz,3.21,N/A - From RDC,SO-43363,FPQ-10633,09-11-12,ARV,104-CI-T30,29-Aug-14,Truck,Adult,30,0.11,SCMS from RDC,N/A - From RDC,3591
84917,DN-3632,Generic,CÃte dIvoire,25-Apr-14,11-Jun-14,600/300/300mg,Tablet - FDC,No,See DN-3632 (ID#:82665),From RDC,"Efavirenz/Lamivudine/Tenofovir Disoproxil Fumarate 600/300/300mg, tablets, 30 Tabs",578.47,52200,562716.0,PMO - US,Hetero Unit III Hyderabad IN,Efavirenz/Lamivudine/Tenofovir Disoproxil Fumarate,10.78,N/A - From RDC,SO-47131,FPQ-13142,10/22/13,ARV,104-CI-T30,30-Apr-14,Truck,Adult,30,0.36,SCMS from RDC,N/A - From RDC,See DN-3632 (ID#:82665)
10767,DN-1237,Generic,Swaziland,20-May-09,20-May-09,600mg,Tablet,Yes,2393.34,From RDC,"Efavirenz 600mg, tablets, 30 Tabs",31.48,2345,16063.25,PMO - US,Mylan (formerly Matrix) Nashik,Efavirenz,6.85,N/A - From RDC,SO-30800,Pre-PQ Process,Pre-PQ Process,ARV,100-SZ-T01,20-May-09,Air,Adult,30,0.23,SCMS from RDC,N/A - From RDC,239
5295,ASN-155,OraQuick,Nigeria,17-Dec-06,17-Dec-06,MIssing,Test kit,Yes,Invoiced Separately,Direct Drop,"HIV 1/2, OraQuick Advance HIV Rapid Antibody Kit, 100 Tests",MIssing,8,3200.0,PMO - US,"Pacific Biotech, Thailand","HIV 1/2, OraQuick Advance HIV Rapid Antibody Kit",400.0,Date Not Captured,SCMS-229,Pre-PQ Process,Pre-PQ Process,HRDT,102-NG-T01,17-Dec-06,Air,HIV test,100,4.0,Orasure Technologies Inc.,EXW,Weight Captured Separately
86622,DN-3396,Aluvia,Zambia,24-Jan-14,17-Mar-14,200/50mg,Tablet,No,See DN-3396 (ID#:84302),From RDC,"Lopinavir/Ritonavir 200/50mg [Aluvia], tablets, 120 Tabs",1143.33,45711,924276.42,PMO - US,ABBVIE Ludwigshafen Germany,Lopinavir/Ritonavir,20.22,N/A - From RDC,SO-45100,FPQ-12087,4/19/13,ARV,110-ZM-T30,24-Jan-14,Truck,Adult,120,0.17,SCMS from RDC,N/A - From RDC,See DN-3396 (ID#:84302)
83398,DN-1629,Generic,CÃte dIvoire,02-Feb-10,02-Feb-10,200mg,Chewable/dispersible tablet,No,See DN-1629 (ID#:82857),From RDC,"Didanosine 200mg, chewable/dispersible tablets, 60 Tabs",54.68,1800,27900.0,PMO - US,"Aurobindo Unit III, India",Didanosine,15.5,N/A - From RDC,SO-33171,FPQ-3964,7/24/09,ARV,104-CI-T30,11-Feb-10,Air,Pediatric,60,0.26,SCMS from RDC,N/A - From RDC,See DN-1629 (ID#:82857)
12365,DN-209,Generic,Nigeria,03-Jul-07,03-Jul-07,10mg/ml,Oral solution,No,See DN-209 (ID#:11136),From RDC,"Zidovudine 10mg/ml, oral solution, Bottle, 240 ml",1.76,278,1098.1,PMO - US,"Aurobindo Unit III, India",Zidovudine,3.95,N/A - From RDC,SO-563,Pre-PQ Process,Pre-PQ Process,ARV,112-NG-T01,03-Jul-07,MIssing,Pediatric,240,0.02,SCMS from RDC,N/A - From RDC,See DN-209 (ID#:11136)
12304,DN-1367,Generic,Nigeria,04-Aug-09,04-Aug-09,200/300mg,Tablet - FDC,No,See DN-1367 (ID#:11346),From RDC,"Emtricitabine/Tenofovir Disoproxil Fumarate 200/300mg, tablets, 30 Tabs",133.44,5794,68079.5,PMO - US,Mylan (formerly Matrix) Nashik,Emtricitabine/Tenofovir Disoproxil Fumarate,11.75,N/A - From RDC,SO-27817,Pre-PQ Process,Date Not Captured,ARV,151-NG-T01,04-Aug-09,Air Charter,Adult,30,0.39,SCMS from RDC,N/A - From RDC,See DN-1367 (ID#:11346)
86294,DN-1780,Generic,Nigeria,18-May-10,18-May-10,600mg,Tablet,Yes,9736.1,From RDC,"Efavirenz 600mg, tablets, 30 Tabs",125.35,12240,58140.0,PMO - US,"Aurobindo Unit III, India",Efavirenz,4.75,N/A - From RDC,SO-34913,FPQ-4537,11-06-09,ARV,151-NG-T30,31-May-10,Air Charter,Adult,30,0.16,SCMS from RDC,N/A - From RDC,1082
83160,DN-3316,Generic,Tanzania,27-Sep-13,27-Sep-13,30/60mg,Tablet - FDC,Yes,3567.2,From RDC,"Lamivudine/Zidovudine 30/60mg, tablets, 60 Tabs",68.71,25836,55547.4,PMO - US,Mylan (formerly Matrix) Nashik,Lamivudine/Zidovudine,2.15,N/A - From RDC,SO-44984,FPQ-12015,04-02-13,ARV,109-TZ-T30,31-Oct-13,Truck,Pediatric,60,0.04,SCMS from RDC,N/A - From RDC,5467
82477,DN-2652,Generic,CÃte dIvoire,30-May-12,30-May-12,150/300mg,Tablet - FDC,Yes,26205.83,From RDC,"Lamivudine/Zidovudine 150/300mg, tablets, 60 Tabs",760.08,69684,542141.52,PMO - US,Mylan (formerly Matrix) Nashik,Lamivudine/Zidovudine,7.78,N/A - From RDC,SO-41200,FPQ-8790,11-11-11,ARV,104-CI-T30,30-May-12,Air,Adult,60,0.13,SCMS from RDC,N/A - From RDC,6798
23875,ASN-13316,Aluvia,CÃte dIvoire,23-Mar-12,23-Mar-12,200/50mg,Tablet,Yes,40289,Direct Drop,"Lopinavir/Ritonavir 200/50mg [Aluvia], tablets, 120 Tabs",1046.55,20580,634275.6,PMO - US,ABBVIE Ludwigshafen Germany,Lopinavir/Ritonavir,30.82,11/18/11,SCMS-124790,FPQ-8327,09-08-11,ARV,104-CI-T30,23-Mar-12,Ocean,Adult,120,0.26,ABBVIE LOGISTICS (FORMERLY ABBOTT LOGISTICS BV),FCA,5139
61623,ASN-24369,Generic,Haiti,09-May-14,12-May-14,50mg,Chewable/dispersible tablet,Yes,2461.63,Direct Drop,"Nevirapine 50mg, dispersible tablets (tablets for oral suspension), 30 Tabs",3.55,2293,2866.25,PMO - US,"Aurobindo Unit III, India",Nevirapine,1.25,10/24/13,SCMS-210470,FPQ-12590,8/21/13,ARV,106-HT-T30,09-May-14,Ocean,Pediatric,30,0.04,Aurobindo Pharma Limited,EXW,122
6397,ASN-3609,Zerit,South Africa,04-Dec-08,04-Dec-08,30mg,Capsule,No,Freight Included in Commodity Cost,Direct Drop,"Stavudine 30mg [Zerit], capsules, 60 Caps",76.82,10260,39193.2,PMO - US,"BMS Meymac, France",Stavudine,3.82,Date Not Captured,SCMS-40820,Pre-PQ Process,Pre-PQ Process,ARV,116-ZA-T01,14-Apr-09,Air,Adult,60,0.06,S. BUYS WHOLESALER,DDP,Weight Captured Separately
46395,ASN-23608,Kaletra,South Africa,09-Dec-13,20-Dec-13,80/20mg/ml,Oral solution,Yes,Freight Included in Commodity Cost,Direct Drop,"Lopinavir/Ritonavir 80/20mg/ml [Kaletra], oral solution, cool, Bottle 5 x 60 ml",0.1,4,92.5,PMO - US,ABBVIE (Abbott) Logis. UK,Lopinavir/Ritonavir,23.12,12-02-13,SCMS-215430,FPQ-13214,11/14/13,ARV,116-ZA-T30,09-Dec-13,Truck,Pediatric,300,0.08,S. BUYS WHOLESALER,DDP,Weight Captured Separately
83667,DN-3073,Generic,CÃte dIvoire,29-Apr-13,29-Apr-13,30/50/60mg,Chewable/dispersible tablet - FDC,Yes,2527.41,From RDC,"Lamivudine/Nevirapine/Zidovudine 30/50/60mg, dispersible tablets, 60 Tabs",33.17,5701,23659.15,PMO - US,Mylan (formerly Matrix) Nashik,Lamivudine/Nevirapine/Zidovudine,4.15,N/A - From RDC,SO-42411,FPQ-9749,4/19/12,ARV,104-CI-T30,31-May-13,Truck,Pediatric,60,0.07,SCMS from RDC,N/A - From RDC,335
86167,DN-4137,Generic,CÃte dIvoire,11-Mar-15,30-Mar-15,150/300mg,Tablet - FDC,No,See DN-4137 (ID#:84450),From RDC,"Lamivudine/Zidovudine 150/300mg, tablets, 60 Tabs",127.35,19000,123880.0,PMO - US,Hetero Unit III Hyderabad IN,Lamivudine/Zidovudine,6.52,N/A - From RDC,SO-49080,FPQ-14370,5/23/14,ARV,104-CI-T30,27-Feb-15,Truck,Adult,60,0.11,SCMS from RDC,N/A - From RDC,See DN-4137 (ID#:84450)
36411,ASN-32138,Generic,South Africa,12-May-15,12-May-15,300mg,Tablet,No,Freight Included in Commodity Cost,Direct Drop,"Abacavir 300mg, tablets, 60 Tabs",0.15,3,149.56,PMO - US,"Aurobindo Unit III, India",Abacavir,49.85,05-11-15,SCMS-259075,FPQ-14942,09-11-14,ARV,116-ZA-T30,12-May-15,Truck,Adult,60,0.83,PHARMACY DIRECT,DDP,Weight Captured Separately
84848,DN-3296,Generic,Uganda,16-Oct-13,29-Oct-13,300mg,Tablet,No,See DN-3296 (ID#:83156),From RDC,"Abacavir 300mg, tablets, 60 Tabs",40.83,2880,33004.8,PMO - US,"Aurobindo Unit III, India",Abacavir,11.46,N/A - From RDC,SO-45541,FPQ-12253,05-08-13,ARV,114-UG-T30,12-Sep-13,Truck,Adult,60,0.19,SCMS from RDC,N/A - From RDC,See DN-3296 (ID#:83156)
83932,DN-4347,Generic,Rwanda,26-Aug-15,01-Sep-15,30/50/60mg,Chewable/dispersible tablet - FDC,Yes,Invoiced Separately,From RDC,"Lamivudine/Nevirapine/Zidovudine 30/50/60mg, dispersible tablets, 60 Tabs",14.24,3408,12098.4,PMO - US,"Strides, Bangalore, India.",Lamivudine/Nevirapine/Zidovudine,3.55,N/A - From RDC,SO-51741,FPQ-16571,07-07-15,ARV,107-RW-T30,08-Sep-15,Air,Pediatric,60,0.06,SCMS from RDC,N/A - From RDC,Weight Captured Separately
75706,ASN-27059,Generic,Ghana,07-Aug-14,15-Aug-14,100/25mg,Tablet,Yes,2060.79,Direct Drop,"Lopinavir/Ritonavir 100/25mg [Aluvia], tablets, 60 Tabs",5.7,934,5547.96,PMO - US,ABBVIE Ludwigshafen Germany,Lopinavir/Ritonavir,5.94,4/14/14,SCMS-234010,FPQ-13809,03-07-14,ARV,105-GH-T30,07-Aug-14,Air,Pediatric,60,0.1,ABBVIE LOGISTICS (FORMERLY ABBOTT LOGISTICS BV),FCA,110
44855,ASN-30671,Generic,South Africa,12-Feb-15,12-Feb-15,150mg,Tablet,No,Freight Included in Commodity Cost,Direct Drop,"Lamivudine 150mg, tablets, 60 Tabs",1.28,189,1248.67,PMO - US,"Aurobindo Unit III, India",Lamivudine,6.61,02-12-15,SCMS-259073,FPQ-14942,09-11-14,ARV,116-ZA-T30,12-Feb-15,Truck,Adult,60,0.11,PHARMACY DIRECT,DDP,Weight Captured Separately
79701,ASN-20861,Generic,Tanzania,27-Sep-13,27-Sep-13,150/300/200mg,Tablet - FDC,Yes,4676.61,Direct Drop,"Lamivudine/Nevirapine/Zidovudine 150/200/300mg, tablets, 60 Tabs",72.96,7255,58983.15,PMO - US,"Aurobindo Unit III, India",Lamivudine/Nevirapine/Zidovudine,8.13,7/16/13,SCMS-198780,FPQ-12540,07-03-13,ARV,109-TZ-T30,24-Sep-13,Air,Adult,60,0.14,Aurobindo Pharma Limited,EXW,917
25536,ASN-23739,Generic,Nigeria,11-Feb-14,13-Feb-14,60mg,Chewable/dispersible tablet,Yes,4967.03,Direct Drop,"Abacavir 60mg, dispersible tablets, 60 Tabs",45.31,7325,36625.0,PMO - US,"Cipla, Patalganga, India",Abacavir,5.0,9/17/13,SCMS-206340,FPQ-12803,8/13/13,ARV,151-NG-T30,11-Feb-14,Air,Pediatric,60,0.08,CIPLA LIMITED,EXW,455
81579,ASN-15670,Determine,Kenya,30-Jul-12,30-Jul-12,MIssing,Test kit,Yes,15387.63,Direct Drop,"HIV 1/2, Determine Complete HIV Kit, 100 Tests",0.5,4,356.0,PMO - US,"Alere Medical Co., Ltd.","HIV 1/2, Determine Complete HIV Kit",89.0,6/14/12,SCMS-149610,FPQ-10018,06-05-12,HRDT,103-KE-T30,09-Jul-12,Air,HIV test,100,0.89,"Orgenics, Ltd",EXW,1413
41288,ASN-11056,Generic,South Africa,02-Sep-11,02-Sep-11,150mg,Tablet,Yes,7414.66,Direct Drop,"Lamivudine 150mg, tablets, 60 Tabs",300.71,75000,182250.0,PMO - US,"Strides, Bangalore, India.",Lamivudine,2.43,04-01-11,SCMS-104430,FPQ-7176,03-10-11,ARV,116-ZA-T30,02-Sep-11,Ocean,Adult,60,0.04,STRIDES ARCOLAB LIMITED,DDP,3347
79778,ASN-28279,Uni-Gold,"Congo, DRC",04-Nov-14,20-Nov-14,MIssing,Test kit,No,See ASN-28279 (ID#:13547),Direct Drop,"HIV 1/2, Uni-Gold HIV Kit, 20 Tests",1.35,41,1312.0,PMO - US,"Trinity Biotech, Plc","HIV 1/2, Uni-Gold HIV Kit",32.0,8/27/14,SCMS-253260,FPQ-14654,08-11-14,HRDT,101-CD-T30,04-Nov-14,Air,HIV test,20,1.6,"Trinity Biotech, Plc",EXW,See ASN-28279 (ID#:13547)
7736,ASN-3735,Kaletra,South Africa,21-Jan-09,21-Jan-09,80/20mg/ml,Oral solution,Yes,Freight Included in Commodity Cost,Direct Drop,"Lopinavir/Ritonavir 80/20mg/ml [Kaletra], oral solution, cool, Bottle 5 x 60 ml",4.24,70,2163.7,PMO - US,ABBVIE (Abbott) Logis. UK,Lopinavir/Ritonavir,30.91,Date Not Captured,SCMS-41200,Pre-PQ Process,Pre-PQ Process,ARV,116-ZA-T01,30-Mar-09,Air,Pediatric,300,0.1,S. BUYS WHOLESALER,DDP,Weight Captured Separately
4929,ASN-3676,Bioline,Zambia,26-Mar-09,26-Mar-09,MIssing,Test kit,Yes,1205.43,Direct Drop,"HIV 1/2, Bioline 3.0 Kit, Lancets, Capillary pipets, Alcohol swabs included, 25 Tests",11.76,300,6000.0,PMO - US,"Standard Diagnostics, Korea","HIV 1/2, Bioline 3.0 Kit, Lancets, Capillary pipets, Alcohol swabs included",20.0,1/27/09,SCMS-37770,Pre-PQ Process,Pre-PQ Process,HRDT,110-ZM-T01,26-Mar-09,Air,HIV test,25,0.8,"Standard Diagnostics, Inc.",EXW,94
82334,DN-1889,Aluvia,CÃte dIvoire,05-Jul-10,05-Jul-10,200/50mg,Tablet,Yes,5121.69,From RDC,"Lopinavir/Ritonavir 200/50mg [Aluvia], tablets, 120 Tabs",252.59,3240,117158.4,PMO - US,ABBVIE Ludwigshafen Germany,Lopinavir/Ritonavir,36.16,N/A - From RDC,SO-35550,FPQ-4659,12-08-09,ARV,104-CI-T30,09-Jul-10,Air,Adult,120,0.3,SCMS from RDC,N/A - From RDC,731
84077,DN-2166,Generic,Nigeria,11-May-11,11-May-11,200/300mg,Tablet - FDC,Yes,12601.07,From RDC,"Emtricitabine/Tenofovir Disoproxil Fumarate 200/300mg, tablets, 30 Tabs",1056.61,60756,640368.24,PMO - US,Mylan (formerly Matrix) Nashik,Emtricitabine/Tenofovir Disoproxil Fumarate,10.54,N/A - From RDC,SO-38610,FPQ-6800,12-07-10,ARV,151-NG-T30,31-Mar-11,Air Charter,Adult,30,0.35,SCMS from RDC,N/A - From RDC,5481
65081,ASN-27811,Generic,Vietnam,23-Sep-14,04-Nov-14,600/300/300mg,Tablet - FDC,Yes,6194.69,Direct Drop,"Efavirenz/Lamivudine/Tenofovir Disoproxil Fumarate 600/300/300mg, tablets, 30 Tabs",151.29,14016,147168.0,PMO - US,Hetero Unit III Hyderabad IN,Efavirenz/Lamivudine/Tenofovir Disoproxil Fumarate,10.5,4/30/14,SCMS-236120,FPQ-13976,04-08-14,ARV,108-VN-T30,16-Sep-14,Air,Adult,30,0.35,HETERO LABS LIMITED,EXW,1955
83487,DN-2120,Generic,CÃte dIvoire,28-Feb-11,28-Feb-11,30mg,Capsule,Yes,1653.99,From RDC,"Stavudine 30mg, capsules, 60 Caps",4.78,2070,2898.0,PMO - US,"Aurobindo Unit III, India",Stavudine,1.4,N/A - From RDC,SO-38710,FPQ-6891,12/21/10,ARV,104-CI-T30,28-Feb-11,Air,Adult,60,0.02,SCMS from RDC,N/A - From RDC,176
5048,ASN-3759,Norvir,South Africa,21-Nov-08,21-Nov-08,80mg/ml,Oral solution,Yes,Freight Included in Commodity Cost,Direct Drop,"Ritonavir 80mg/ml [Norvir], oral solution, cool, Bottle, 90 ml",0.01,1,5.97,PMO - US,ABBVIE (Abbott) France,Ritonavir,5.97,Date Not Captured,SCMS-41150,Pre-PQ Process,Pre-PQ Process,ARV,116-ZA-T01,01-Apr-09,Air,Pediatric,90,0.07,S. BUYS WHOLESALER,DDP,Weight Captured Separately
84904,DN-3567,Generic,CÃte dIvoire,26-Mar-14,28-Apr-14,10mg/ml,Oral solution,No,See DN-3567 (ID#:84342),From RDC,"Lamivudine 10mg/ml, oral solution w/syringe, Bottle, 240 ml",23,13000,18590.0,PMO - US,"Aurobindo Unit III, India",Lamivudine,1.43,N/A - From RDC,SO-46361,FPQ-12800,08-09-13,ARV,104-CI-T30,28-Mar-14,Air,Pediatric,240,0.01,SCMS from RDC,N/A - From RDC,See DN-3567 (ID#:84342)
11006,DN-1100,Crixivan,Haiti,03-Mar-09,03-Mar-09,400mg,Capsule,No,See DN-1100 (ID#:11005),From RDC,"Indinavir 400mg [Crixivan], capsules, 180 Caps",5.49,56,2800.0,PMO - US,"MSD, Haarlem, NL",Indinavir,50.0,N/A - From RDC,SO-23750,Pre-PQ Process,Pre-PQ Process,ARV,106-HT-T01,03-Mar-09,Air,Adult,180,0.28,SCMS from RDC,N/A - From RDC,See DN-1100 (ID#:11005)
55862,ASN-17492,Generic,Haiti,04-Jan-13,04-Jan-13,60/30mg,Tablet - FDC,Yes,1442.83,Direct Drop,"Abacavir/Lamivudine 60/30mg, tablets, 60 Tabs",16.23,2516,11573.6,PMO - US,"Aurobindo Unit III, India",Abacavir/Lamivudine,4.6,11-05-12,SCMS-164450,FPQ-9635,5/14/12,ARV,106-HT-T30,04-Jan-13,Air,Pediatric,60,0.08,Aurobindo Pharma Limited,EXW,118
86246,DN-1552,Generic,Uganda,31-Dec-09,31-Dec-09,150/300mg,Tablet - FDC,Yes,7231,From RDC,"Lamivudine/Zidovudine 150/300mg, tablets, 60 Tabs",284.59,16575,145197.0,PMO - US,Mylan (formerly Matrix) Nashik,Lamivudine/Zidovudine,8.76,N/A - From RDC,SO-33870,FPQ-4275,9/17/09,ARV,114-UG-T30,14-Jan-10,Air,Adult,60,0.15,SCMS from RDC,N/A - From RDC,6843
30519,ASN-17824,Uni-Gold,Nigeria,01-Feb-13,01-Feb-13,MIssing,Test kit,Yes,94267.77,Direct Drop,"HIV 1/2, Uni-Gold HIV Kit, 20 Tests",1099.62,24510,784320.0,PMO - US,"Trinity Biotech, Plc","HIV 1/2, Uni-Gold HIV Kit",32.0,10/16/12,SCMS-162430,FPQ-10765,10-05-12,HRDT,133-NG-T30,01-Feb-13,Air,HIV test,20,1.6,"Trinity Biotech, Plc",EXW,8273
82894,DN-1871,Generic,Haiti,30-Jun-10,30-Jun-10,10mg/ml,Oral solution,No,See DN-1871 (ID#:82328),From RDC,"Zidovudine 10mg/ml, oral solution, Bottle, 240 ml",19.37,4448,8984.96,PMO - US,"Aurobindo Unit III, India",Zidovudine,2.02,N/A - From RDC,SO-36800,FPQ-5523,4/19/10,ARV,106-HT-T30,12-Jul-10,Air,Pediatric,240,0.01,SCMS from RDC,N/A - From RDC,See DN-1871 (ID#:82328)
84079,DN-2176,Generic,Haiti,28-Apr-11,28-Apr-11,150mg,Tablet,Yes,1697.33,From RDC,"Lamivudine 150mg, tablets, 60 Tabs",10.6,2111,4918.63,PMO - US,"Aurobindo Unit III, India",Lamivudine,2.33,N/A - From RDC,SO-38080,FPQ-6484,10/13/10,ARV,106-HT-T30,24-Mar-11,Air,Adult,60,0.04,SCMS from RDC,N/A - From RDC,101
42334,ASN-6657,Bioline,Sudan,07-May-10,07-May-10,MIssing,Test kit,Yes,3843.25,Direct Drop,"HIV 1/2, Bioline 3.0 Kit, Lancets, Capillary pipets, Alcohol swabs included, 25 Tests",2.59,60,1200.0,PMO - US,"Standard Diagnostics, Korea","HIV 1/2, Bioline 3.0 Kit, Lancets, Capillary pipets, Alcohol swabs included",20.0,3/24/10,SCMS-68640,FPQ-5293,3/15/10,HRDT,102-SD-T30,07-May-10,Air,HIV test,25,0.8,"Standard Diagnostics, Inc.",EXW,353
52670,ASN-27980,Generic,South Africa,27-Aug-14,27-Aug-14,20mg/ml,Oral solution,No,Freight Included in Commodity Cost,Direct Drop,"Abacavir 20mg/ml, oral solution w/syringe, Bottle, 240 ml",1.15,34,932.3,PMO - US,"Aurobindo Unit III, India",Abacavir,27.42,8/27/14,SCMS-199283,FPQ-12522,07-11-13,ARV,116-ZA-T30,27-Aug-14,Truck,Pediatric,240,0.11,S. BUYS WHOLESALER,DDP,Weight Captured Separately
10356,ASN-3758,Zerit,South Africa,11-Feb-09,11-Feb-09,20mg,Capsule,No,Freight Included in Commodity Cost,Direct Drop,"Stavudine 20mg [Zerit], capsules, 60 Caps",2.38,300,1212.0,PMO - US,"BMS Meymac, France",Stavudine,4.04,Date Not Captured,SCMS-41230,Pre-PQ Process,Pre-PQ Process,ARV,116-ZA-T01,01-Apr-09,Air,Adult,60,0.07,S. BUYS WHOLESALER,DDP,Weight Captured Separately
46310,ASN-31929,Uni-Gold,Sierra Leone,20-May-15,19-Jun-15,MIssing,Test kit,Yes,Invoiced Separately,Direct Drop,"HIV 1/2, Uni-Gold HIV Kit, 20 Tests",15.07,400,12800.0,PMO - US,"Trinity Biotech, Plc","HIV 1/2, Uni-Gold HIV Kit",32.0,4/20/15,SCMS-285380,FPQ-16015,04-03-15,HRDT,A02-SL-T50,20-May-15,Air,HIV test,20,1.6,"Trinity Biotech, Plc",EXW,Weight Captured Separately
73507,ASN-15699,Determine,Mozambique,04-Sep-12,04-Sep-12,MIssing,Test kit,Yes,43848.04,Direct Drop,"HIV 1/2, Determine Complete HIV Kit, 100 Tests",560.8,5000,400000.0,PMO - US,"Alere Medical Co., Ltd.","HIV 1/2, Determine Complete HIV Kit",80.0,05-04-12,SCMS-145150,FPQ-9671,04-10-12,HRDT,111-MZ-T30,04-Sep-12,Air,HIV test,100,0.8,"Orgenics, Ltd",EXW,2384
84836,DN-3251,Generic,Nigeria,30-Jul-13,30-Jul-13,200/50mg,Tablet,No,Freight Included in Commodity Cost,From RDC,"Lopinavir/Ritonavir 200/50mg, tablets, 120 Tabs",155.86,6000,126000.0,PMO - US,Hetero Unit III Hyderabad IN,Lopinavir/Ritonavir,21.0,N/A - From RDC,SO-44757,FPQ-11771,2/28/13,ARV,151-NG-T30,21-Aug-13,Air Charter,Adult,120,0.18,SCMS from RDC,N/A - From RDC,Weight Captured Separately
43932,ASN-27976,Generic,South Africa,27-Aug-14,27-Aug-14,150/300mg,Tablet - FDC,No,Freight Included in Commodity Cost,Direct Drop,"Lamivudine/Zidovudine 150/300mg, tablets, 60 Tabs",2.24,55,1814.33,PMO - US,Hetero Unit III Hyderabad IN,Lamivudine/Zidovudine,32.99,8/27/14,SCMS-199283,FPQ-12522,07-11-13,ARV,116-ZA-T30,27-Aug-14,Truck,Adult,60,0.55,S. BUYS WHOLESALER,DDP,Weight Captured Separately
46170,ASN-11198,Generic,South Africa,14-Sep-11,14-Sep-11,150/300mg,Tablet - FDC,Yes,698,Direct Drop,"Lamivudine/Zidovudine 150/300mg, tablets, 60 Tabs",275.58,19836,167019.12,PMO - US,"Aurobindo Unit III, India",Lamivudine/Zidovudine,8.42,04-01-11,SCMS-104390,FPQ-7176,03-10-11,ARV,116-ZA-T30,14-Sep-11,Ocean,Adult,60,0.14,Aurobindo Pharma Limited,DDP,1820
83709,DN-3268,Generic,"Congo, DRC",08-Feb-14,11-Mar-14,600mg,Tablet,No,See DN-3268 (ID#:82595),From RDC,"Efavirenz 600mg, tablets, 30 Tabs",0.98,238,792.54,PMO - US,"Strides, Bangalore, India.",Efavirenz,3.33,N/A - From RDC,SO-45020,FPQ-12033,04-08-13,ARV,101-CD-T30,27-Aug-13,Air,Adult,30,0.11,SCMS from RDC,N/A - From RDC,See DN-3268 (ID#:82595)
62935,ASN-31045,Kaletra,Rwanda,02-Apr-15,02-Apr-15,80/20mg/ml,Oral solution,Yes,2905.84,Direct Drop,"Lopinavir/Ritonavir 80/20mg/ml [Kaletra], oral solution, cool, Bottle 5 x 60 ml",9.14,252,7766.64,PMO - US,ABBVIE (Abbott) Logis. UK,Lopinavir/Ritonavir,30.82,1/19/15,SCMS-272570,FPQ-15654,12/23/14,ARV,107-RW-T30,02-Apr-15,Air,Pediatric,300,0.1,ABBVIE LOGISTICS (FORMERLY ABBOTT LOGISTICS BV),FCA,316
10999,DN-891,Generic,Tanzania,23-Sep-08,23-Sep-08,150/200/30mg,Tablet - FDC,Yes,64506.78,From RDC,"Lamivudine/Nevirapine/Stavudine 150/200/30mg, tablets, 60 Tabs",1460.07,123317,912545.8,PMO - US,"Cipla, Goa, India",Lamivudine/Nevirapine/Stavudine,7.4,N/A - From RDC,SO-2566,Pre-PQ Process,Pre-PQ Process,ARV,109-TZ-T01,23-Sep-08,Truck,Adult,60,0.12,SCMS from RDC,N/A - From RDC,13253
39647,ASN-11722,Generic,Vietnam,05-Sep-11,05-Sep-11,150/300/200mg,Tablet - FDC,Yes,9656.19,Direct Drop,"Lamivudine/Nevirapine/Zidovudine 150/200/300mg, tablets, 60 Tabs",361.35,20000,219000.0,PMO - US,"Aurobindo Unit III, India",Lamivudine/Nevirapine/Zidovudine,10.95,05-04-11,SCMS-107610,FPQ-7565,4/21/11,ARV,108-VN-T30,05-Sep-11,Air,Adult,60,0.18,Aurobindo Pharma Limited,EXW,2675
85769,DN-2248,Generic,CÃte dIvoire,26-Jun-11,26-Jun-11,15mg,Capsule,Yes,2503.34,From RDC,"Stavudine 15mg, capsules, 60 Caps",0.45,207,273.24,PMO - US,"Aurobindo Unit III, India",Stavudine,1.32,N/A - From RDC,SO-39880,FPQ-6891,12/21/10,ARV,104-CI-T30,30-Jun-11,Air,Adult,60,0.02,SCMS from RDC,N/A - From RDC,12
12755,DN-515,Genie,Nigeria,09-Jan-08,09-Jan-08,MIssing,Test kit,Yes,3147,From RDC,"#108853** HIV, Genie II HIV-1/HIV-2 Kit, 40 Tests",45.6,375,28500.0,PMO - US,Bio-Rad Laboratories,"HIV, Genie II HIV-1/HIV-2 Kit",76.0,N/A - From RDC,SO-1504,Pre-PQ Process,Pre-PQ Process,HRDT,102-NG-T01,09-Jan-08,Air,HIV test,40,1.9,SCMS from RDC,N/A - From RDC,411
54280,ASN-31869,Determine,CÃte dIvoire,20-May-15,20-May-15,MIssing,Test kit,Yes,24821.13,Direct Drop,"HIV 1/2, Determine Complete HIV Kit, 100 Tests",541.42,5750,460000.0,PMO - US,"Alere Medical Co., Ltd.","HIV 1/2, Determine Complete HIV Kit",80.0,3/13/15,SCMS-272190,FPQ-15618,12/17/14,HRDT,104-CI-T30,20-May-15,Air,HIV test,100,0.8,"Orgenics, Ltd",EXW,3374
84415,DN-3948,Generic,Rwanda,14-Oct-14,20-Oct-14,60/30mg,Chewable/dispersible tablet - FDC,Yes,6220.48,From RDC,"Abacavir/Lamivudine 60/30mg, dispersible tablets, 60 Tabs",46.85,8953,45570.77,PMO - US,"Cipla, Patalganga, India",Abacavir/Lamivudine,5.09,N/A - From RDC,SO-48770,FPQ-14111,4/22/14,ARV,107-RW-T30,15-Oct-14,Air,Pediatric,60,0.08,SCMS from RDC,N/A - From RDC,805
82177,ASN-29372,Generic,Vietnam,17-Dec-14,17-Dec-14,600mg,Tablet,No,See ASN-29372 (ID#:71477),Direct Drop,"Efavirenz 600mg, tablets, 30 Tabs",17.99,5000,17500.0,PMO - US,Hetero Unit III Hyderabad IN,Efavirenz,3.5,08-11-14,SCMS-249050,FPQ-14516,07-09-14,ARV,108-VN-T30,17-Dec-14,Air,Adult,30,0.12,HETERO LABS LIMITED,EXW,See ASN-29372 (ID#:71477)
10987,DN-964,Generic,Kenya,21-Oct-08,21-Oct-08,MIssing,Test kit - Ancillary,Yes,Invoiced Separately,From RDC,"HIV, Lancet, Safety, for HIV Test kits, 100 Pcs",0.1,5000,50.0,PMO - US,Inverness Japan,"HIV, Lancet, Safety, for HIV Test kits, 100 Pcs",0.01,N/A - From RDC,SO-11430,Pre-PQ Process,Pre-PQ Process,HRDT,102-KE-T01,21-Oct-08,Truck,HIV test - Ancillary,100,0.0,SCMS from RDC,N/A - From RDC,Weight Captured Separately
86675,DN-3638,Generic,CÃte dIvoire,25-Apr-14,11-Jun-14,10mg/ml,Oral suspension,Yes,3138.81,From RDC,"Nevirapine 10mg/ml, oral suspension w/syringe, Bottle, 100 ml",6.43,4000,5200.0,PMO - US,"Aurobindo Unit III, India",Nevirapine,1.3,N/A - From RDC,SO-46431,FPQ-12800,08-09-13,ARV,104-CI-T30,30-Apr-14,Truck,Pediatric,100,0.01,SCMS from RDC,N/A - From RDC,750
84466,DN-4247,Generic,Mozambique,09-Jun-15,15-Jun-15,600/300mg,Tablet - FDC,Yes,708.23,From RDC,"Abacavir/Lamivudine 600/300mg, tablets, 30 Tabs",79.39,5000,67450.0,PMO - US,Mylan (formerly Matrix) Nashik,Abacavir/Lamivudine,13.49,N/A - From RDC,SO-50490,FPQ-15229,10/17/14,ARV,111-MZ-T30,30-Jun-15,Truck,Adult,30,0.45,SCMS from RDC,N/A - From RDC,517
28262,ASN-10874,Generic,South Africa,14-Jul-11,14-Jul-11,300mg,Tablet,Yes,7180.16,Direct Drop,"Tenofovir Disoproxil Fumarate 300mg, tablets, 30 Tabs",512.42,48000,310560.0,PMO - US,"Cipla, Goa, India",Tenofovir Disoproxil Fumarate,6.47,3/28/11,SCMS-103840,FPQ-7175,03-10-11,ARV,161-ZA-T30,14-Jul-11,Ocean,Adult,30,0.22,CIPLA LIMITED,DDP,3247
72922,ASN-20469,Determine,Tanzania,20-Sep-13,20-Sep-13,MIssing,Test kit,Yes,25778.9,Direct Drop,"HIV 1/2, Determine Complete HIV Kit, 100 Tests",0,3781,0.0,PMO - US,"Alere Medical Co., Ltd.","HIV 1/2, Determine Complete HIV Kit",0.0,5/22/13,SCMS-189130,FPQ-12024,04-08-13,HRDT,109-TZ-T30,20-Sep-13,Air,HIV test,100,0.0,"Standard Diagnostics, Inc.",EXW,1642
2437,ASN-3638,Generic,South Africa,22-Jan-09,22-Jan-09,600mg,Tablet,Yes,Freight Included in Commodity Cost,Direct Drop,"Efavirenz 600mg, tablets, 30 Tabs",31.96,1120,16307.2,PMO - US,"Cipla, Goa, India",Efavirenz,14.56,Date Not Captured,SCMS-41080,Pre-PQ Process,Pre-PQ Process,ARV,116-ZA-T01,26-May-09,Air,Adult,30,0.49,S. BUYS WHOLESALER,DDP,Weight Captured Separately
2923,ASN-1251,Truvada,South Africa,29-Jan-08,29-Jan-08,300/200mg,Tablet - FDC,No,Freight Included in Commodity Cost,Direct Drop,"Emtricitabine/Tenofovir Disoproxil Fumarate 200/300mg [Truvada], tablets, 30 Tabs",0.71,10,443.0,PMO - US,"Aspen-OSD, Port Elizabeth, SA",Emtricitabine/Tenofovir Disoproxil Fumarate,44.3,11-12-07,SCMS-14050,Pre-PQ Process,Pre-PQ Process,ARV,116-ZA-T01,29-Jan-08,MIssing,Adult,30,1.48,"JSI R&T INSTITUTE, INC.",DDP,Weight Captured Separately
12280,DN-1221,Generic,Haiti,22-May-09,22-May-09,600mg,Tablet,No,See DN-1221 (ID#:11636),From RDC,"Efavirenz 600mg, tablets, 30 Tabs",191.75,10065,97831.8,PMO - US,"Aurobindo Unit III, India",Efavirenz,9.72,N/A - From RDC,SO-24840,Pre-PQ Process,Pre-PQ Process,ARV,106-HT-T01,22-May-09,Air,Adult,30,0.32,SCMS from RDC,N/A - From RDC,See DN-1221 (ID#:11636)
11268,DN-774,Generic,Zimbabwe,17-Jun-08,17-Jun-08,MIssing,Test kit - Ancillary,Yes,2185.82,From RDC,"HIV, Lancet, Safety, for HIV Test kits, 100 Pcs",0.03,1800,18.0,PMO - US,Inverness Japan,"HIV, Lancet, Safety, for HIV Test kits, 100 Pcs",0.01,N/A - From RDC,SO-1053,Pre-PQ Process,Pre-PQ Process,HRDT,113-ZW-T01,17-Jun-08,Truck,HIV test - Ancillary,100,0.0,SCMS from RDC,N/A - From RDC,526
19851,ASN-22984,Generic,Uganda,12-Dec-13,13-Dec-13,10mg/ml,Oral suspension,Yes,10898.12,Direct Drop,"Nevirapine 10mg/ml, oral suspension w/syringe, Bottle, 100 ml",18.19,11310,14703.0,PMO - US,"Aurobindo Unit III, India",Nevirapine,1.3,08-09-13,SCMS-202560,FPQ-12777,08-05-13,ARV,114-UG-T30,10-Dec-13,Air,Pediatric,100,0.01,Aurobindo Pharma Limited,EXW,2454
3050,ASN-1563,Determine,CÃte dIvoire,25-Apr-08,25-Apr-08,MIssing,Test kit,Yes,5303.05,Direct Drop,"HIV 1/2, Determine HIV Kit, without Lancets, 100 Tests",124.99,1116,78120.0,PMO - US,Inverness Japan,"HIV 1/2, Determine HIV Kit, without Lancets",70.0,2/28/08,SCMS-18440,Pre-PQ Process,Pre-PQ Process,HRDT,104-CI-T01,25-Apr-08,Air,HIV test,100,0.7,"Orgenics, Ltd",EXW,255
58309,ASN-26424,Stat-Pak,Burundi,26-Jun-14,26-Jun-14,MIssing,Test kit,Yes,871.28,Direct Drop,"HIV 1/2, Stat-Pak Dipstick Assay Kit, 30 Tests",15.29,539,14876.4,PMO - US,Chembio Diagnostics Sys. Inc.,"HIV 1/2, Stat-Pak Dipstick Assay Kit",27.6,4/29/14,SCMS-234680,FPQ-13998,04-01-14,HRDT,102-BI-T30,26-Jun-14,Air,HIV test,30,0.92,"CHEMBIO DIAGNOSTIC SYSTEMS, INC.",EXW,58
50514,ASN-26564,Determine,Haiti,07-Aug-14,12-Aug-14,MIssing,Test kit,Yes,17758.82,Direct Drop,"HIV 1/2, Determine Complete HIV Kit, 100 Tests",462.6,4500,450000.0,PMO - US,"Alere Medical Co., Ltd.","HIV 1/2, Determine Complete HIV Kit",100.0,2/19/14,SCMS-225412,FPQ-13494,1/21/14,HRDT,106-HT-T30,07-Aug-14,Air,HIV test,100,1.0,"Orgenics, Ltd",EXW,1825
63802,ASN-9616,Generic,South Africa,05-Apr-11,05-Apr-11,200mg,Tablet,Yes,17278.96,Direct Drop,"Nevirapine 200mg, tablets, 60 Tabs",402.65,65072,186756.64,PMO - US,"Strides, Bangalore, India.",Nevirapine,2.87,9/21/10,SCMS-84230,FPQ-6262,8/31/10,ARV,161-ZA-T30,05-Apr-11,Ocean,Adult,60,0.05,STRIDES ARCOLAB LIMITED,DDP,4194
22817,ASN-6167,Viracept,Rwanda,03-Mar-10,03-Mar-10,250mg,Tablet,Yes,1049.3,Direct Drop,"Nelfinavir (as mesilate) 250mg [Viracept], tablets, 270 Tabs",10.86,40,5037.72,PMO - US,Roche Madrid,Nelfinavir (as mesilate),125.94,1/20/10,SCMS-63650,FPQ-4854,01-06-10,ARV,107-RW-T30,03-Mar-10,Air,Adult,270,0.47,Hoffmann-La Roche ltd Basel,FCA,11
86750,DN-4016,Generic,CÃte dIvoire,02-Dec-14,08-Dec-14,600mg,Tablet,No,See DN-4016 (ID#:84996),From RDC,"Efavirenz 600mg, tablets, 30 Tabs",110.91,32400,107892.0,PMO - US,"Strides, Bangalore, India.",Efavirenz,3.33,N/A - From RDC,SO-47882,FPQ-13628,1/29/14,ARV,104-CI-T30,28-Nov-14,Truck,Adult,30,0.11,SCMS from RDC,N/A - From RDC,See DN-4016 (ID#:84996)
84351,DN-3599,Generic,CÃte dIvoire,14-Apr-14,22-May-14,300mg,Tablet,Yes,39329.03,From RDC,"Tenofovir Disoproxil Fumarate 300mg, tablets, 30 Tabs",21.99,4400,17776.0,PMO - US,Mylan (formerly Matrix) Nashik,Tenofovir Disoproxil Fumarate,4.04,N/A - From RDC,SO-46430,FPQ-12800,08-09-13,ARV,104-CI-T30,30-Apr-14,Truck,Adult,30,0.13,SCMS from RDC,N/A - From RDC,11043
69376,ASN-9485,Generic,South Africa,10-Mar-11,10-Mar-11,600mg,Tablet,Yes,15331.5,Direct Drop,"Efavirenz 600mg, tablets, 30 Tabs",1249.2,127904,579405.12,PMO - US,"Aurobindo Unit III, India",Efavirenz,4.53,9/24/10,SCMS-83820,FPQ-6262,8/31/10,ARV,161-ZA-T30,10-Mar-11,Ocean,Adult,30,0.15,Aurobindo Pharma Limited,DDP,10980
6519,ASN-4215,Determine,Botswana,10-Jul-09,10-Jul-09,MIssing,Test kit,Yes,3321.08,Direct Drop,"HIV 1/2, Determine HIV Kit, without Lancets, 100 Tests",164.64,1200,84000.0,PMO - US,Inverness Japan,"HIV 1/2, Determine HIV Kit, without Lancets",70.0,4/30/09,SCMS-45090,Pre-PQ Process,Pre-PQ Process,HRDT,102-BW-T01,10-Jul-09,Air,HIV test,100,0.7,"Orgenics, Ltd",EXW,274
84113,DN-2359,Generic,Swaziland,06-Oct-11,06-Oct-11,150/300/200mg,Tablet - FDC,Yes,12314.4,From RDC,"Lamivudine/Nevirapine/Zidovudine 150/200/300mg, tablets, 60 Tabs",441.74,23861,267720.42,PMO - US,Mylan (formerly Matrix) Nashik,Lamivudine/Nevirapine/Zidovudine,11.22,N/A - From RDC,SO-40580,FPQ-8360,09-02-11,ARV,901-SZ-T30,30-Sep-11,Air,Adult,60,0.19,SCMS from RDC,N/A - From RDC,4502
83207,DN-3538,Generic,Uganda,07-Mar-14,12-Mar-14,300/300mg,Tablet - FDC,Yes,16821.66,From RDC,"Lamivudine/Tenofovir Disoproxil Fumarate 300/300mg, tablets, 30 Tabs",237.21,40800,191760.0,PMO - US,Hetero Unit III Hyderabad IN,Lamivudine/Tenofovir Disoproxil Fumarate,4.7,N/A - From RDC,SO-45530,FPQ-12253,05-08-13,ARV,114-UG-T30,28-Feb-14,Truck,Adult,30,0.16,SCMS from RDC,N/A - From RDC,4187
86433,DN-2489,Generic,Uganda,03-Feb-12,03-Feb-12,150/300mg,Tablet - FDC,Yes,15672.8,From RDC,"Lamivudine/Zidovudine 150/300mg, tablets, 60 Tabs",252.52,18528,153041.28,PMO - US,"Aurobindo Unit III, India",Lamivudine/Zidovudine,8.26,N/A - From RDC,SO-40930,FPQ-8522,10-05-11,ARV,114-UG-T30,16-Feb-12,Truck,Adult,60,0.14,SCMS from RDC,N/A - From RDC,1713
14447,ASN-11802,Generic,South Africa,10-Oct-11,10-Oct-11,600mg,Tablet,Yes,4232.71,Direct Drop,"Efavirenz 600mg, tablets, 30 Tabs",42.75,5745,25909.95,PMO - US,"Aurobindo Unit III, India",Efavirenz,4.51,04-01-11,SCMS-104380,FPQ-7176,03-10-11,ARV,116-ZA-T30,03-Nov-11,Ocean,Adult,30,0.15,Aurobindo Pharma Limited,DDP,488
35951,ASN-24373,Generic,Haiti,09-May-14,12-May-14,60/30mg,Tablet - FDC,No,See ASN-24373 (ID#:16513),Direct Drop,"Abacavir/Lamivudine 60/30mg, tablets, 60 Tabs",5.28,1080,4266.0,PMO - US,Mylan (formerly Matrix) Nashik,Abacavir/Lamivudine,3.95,02-03-14,SCMS-210541,FPQ-12590,8/21/13,ARV,106-HT-T30,09-May-14,Ocean,Pediatric,60,0.07,MYLAN LABORATORIES LTD (FORMERLY MATRIX LABORATORIES),EXW,See ASN-24373 (ID#:16513)
85715,DN-2035,Generic,CÃte dIvoire,26-Nov-10,26-Nov-10,20mg/ml,Oral solution,No,See DN-2035 (ID#:82356),From RDC,"Abacavir 20mg/ml, oral solution, Bottle, 240 ml",12.08,412,5603.2,PMO - US,"Aurobindo Unit III, India",Abacavir,13.6,N/A - From RDC,SO-37150,FPQ-5925,6/23/10,ARV,104-CI-T30,30-Nov-10,Truck,Pediatric,240,0.06,SCMS from RDC,N/A - From RDC,See DN-2035 (ID#:82356)
52244,ASN-14450,Generic,Rwanda,23-May-12,23-May-12,300mg,Tablet,Yes,393.29,Direct Drop,"Tenofovir Disoproxil Fumarate 300mg, tablets, 30 Tabs",6.13,768,4369.92,PMO - US,"Cipla, Goa, India",Tenofovir Disoproxil Fumarate,5.69,3/13/12,SCMS-129750,FPQ-8741,11/30/11,ARV,107-RW-T30,23-May-12,Air,Adult,30,0.19,CIPLA LIMITED,CIP,55
55894,ASN-32962,Generic,Nigeria,23-Jul-15,28-Jul-15,300/100mg,Tablet,Yes,Invoiced Separately,Direct Drop,"Atazanavir/Ritonavir 300/100mg, tablets, 30 Tabs",167.83,9070,163260.0,PMO - US,"Emcure Plot No.P-2, I.T-B.T. Park, Phase II, MIDC, Hinjwadi, Pune, India",Atazanavir/Ritonavir,18.0,8/29/14,SCMS-254171,FPQ-14780,8/13/14,ARV,151-NG-T30,23-Jul-15,Air,Adult,30,0.6,EMCURE PHARMACEUTICALS LTD,EXW,Weight Captured Separately
12637,DN-110,Generic,Rwanda,19-Apr-07,19-Apr-07,150/300mg,Tablet - FDC,Yes,20896.5,From RDC,"Lamivudine/Zidovudine 150/300mg, tablets, 60 Tabs",MIssing,38463,383860.74,PMO - US,"Cipla, Goa, India",Lamivudine/Zidovudine,9.98,N/A - From RDC,SO-490,Pre-PQ Process,Pre-PQ Process,ARV,107-RW-T01,19-Apr-07,Air,Adult,60,0.17,SCMS from RDC,N/A - From RDC,3450
11151,DN-318,Generic,CÃte dIvoire,10-Sep-07,10-Sep-07,600mg,Tablet,Yes,18101.32,From RDC,"Efavirenz 600mg, tablets, 30 Tabs",651.36,25037,407101.62,PMO - US,"Aurobindo Unit III, India",Efavirenz,16.26,N/A - From RDC,SO-922,Pre-PQ Process,Pre-PQ Process,ARV,104-CI-T01,10-Sep-07,MIssing,Adult,30,0.54,SCMS from RDC,N/A - From RDC,2213
64186,ASN-22179,Generic,Cameroon,09-Nov-13,20-Nov-13,200mg,Tablet,Yes,62102.07,Direct Drop,"Nevirapine 200mg, tablets, 60 Tabs",330.12,121307,266875.4,PMO - US,Hetero Unit III Hyderabad IN,Nevirapine,2.2,8/23/13,SCMS-204350,FPQ-12837,8/19/13,ARV,901-CM-T30,09-Nov-13,Air,Adult,60,0.04,HETERO LABS LIMITED,EXW,7912
69790,ASN-17287,Isentress,Uganda,12-Dec-12,12-Dec-12,400mg,Tablet,Yes,1114,Direct Drop,"Raltegravir 400mg [Isentress], tablets, 60 Tabs",53.14,774,42957.0,PMO - US,"MSD, Haarlem, NL",Raltegravir,55.5,10/25/12,SCMS-162670,FPQ-10788,10-10-12,ARV,114-UG-T30,12-Dec-12,Air,Adult,60,0.92,MERCK SHARP & DOHME IDEA GMBH (FORMALLY MERCK SHARP & DOHME B.V.),CIP,92
85299,DN-2825,Generic,Zimbabwe,11-Sep-12,11-Sep-12,20mg/ml,Oral solution,Yes,588.72,From RDC,"Abacavir 20mg/ml, oral solution w/syringe, Bottle, 240 ml",1.4,80,1000.0,PMO - US,"Aurobindo Unit III, India",Abacavir,12.5,N/A - From RDC,SO-42230,FPQ-9907,5/15/12,ARV,103-ZW-T30,30-Sep-12,Truck,Pediatric,240,0.05,SCMS from RDC,N/A - From RDC,29
86154,DN-4061,Generic,Uganda,16-Jan-15,26-Jan-15,600/300/300mg,Tablet - FDC,No,See DN-4061 (ID#:83864),From RDC,"Efavirenz/Lamivudine/Tenofovir Disoproxil Fumarate 600/300/300mg, tablets, 30 Tabs",149.34,13000,126880.0,PMO - US,Mylan (formerly Matrix) Nashik,Efavirenz/Lamivudine/Tenofovir Disoproxil Fumarate,9.76,N/A - From RDC,SO-50051,FPQ-15294,11-03-14,ARV,114-UG-T30,15-Jun-15,Truck,Adult,30,0.33,SCMS from RDC,N/A - From RDC,See DN-4061 (ID#:83864)
83608,DN-2773,Generic,Nigeria,24-Jul-12,24-Jul-12,200mg,Tablet,Yes,16532.5,From RDC,"Nevirapine 200mg, tablets, 60 Tabs",175.95,50000,125500.0,PMO - US,Mylan (formerly Matrix) Nashik,Nevirapine,2.51,N/A - From RDC,SO-42806,FPQ-9432,03-01-12,ARV,151-NG-T30,02-Aug-12,Air Charter,Adult,60,0.04,SCMS from RDC,N/A - From RDC,14810
11939,DN-846,Generic,Nigeria,24-Jul-08,24-Jul-08,600mg,Tablet,Yes,4099.51,From RDC,"Efavirenz 600mg, tablets, 30 Tabs",78.76,4200,49224.0,PMO - US,"Aurobindo Unit III, India",Efavirenz,11.72,N/A - From RDC,SO-10750,Pre-PQ Process,Pre-PQ Process,ARV,126-NG-T01,24-Jul-08,Air,Adult,30,0.39,SCMS from RDC,N/A - From RDC,621
85048,DN-4331,Generic,Zambia,25-Aug-15,03-Sep-15,150/300mg,Tablet - FDC,No,Freight Included in Commodity Cost,From RDC,"Lamivudine/Zidovudine 150/300mg, tablets, 60 Tabs",41.94,6258,40802.16,PMO - US,Mylan (formerly Matrix) Nashik,Lamivudine/Zidovudine,6.52,N/A - From RDC,SO-49283,FPQ-14575,07-11-14,ARV,110-ZM-T30,14-Aug-15,Truck,Adult,60,0.11,SCMS from RDC,N/A - From RDC,Weight Captured Separately
63915,ASN-17075,Generic,Vietnam,29-Nov-12,29-Nov-12,600mg,Tablet,No,See ASN-17075 (ID#:20697),Direct Drop,"Efavirenz 600mg, tablets, 30 Tabs",73.48,15881,52407.3,PMO - US,"Aurobindo Unit III, India",Efavirenz,3.3,8/14/12,SCMS-156130,FPQ-10286,7/25/12,ARV,108-VN-T30,29-Nov-12,Air,Adult,30,0.11,Aurobindo Pharma Limited,EXW,See ASN-17075 (ID#:20697)
140,ASN-856,Bioline,Tanzania,22-Nov-07,22-Nov-07,MIssing,Test kit,Yes,28359.8,Direct Drop,"HIV 1/2, Bioline 3.0 Kit, Lancets, Capillary pipets, Alcohol swabs included, 25 Tests",320,10000,200000.0,PMO - US,"Standard Diagnostics, Korea","HIV 1/2, Bioline 3.0 Kit, Lancets, Capillary pipets, Alcohol swabs included",20.0,Date Not Captured,SCMS-10300,Pre-PQ Process,Pre-PQ Process,HRDT,109-TZ-T01,22-Nov-07,Air,HIV test,25,0.8,"Standard Diagnostics, Inc.",EXW,3335
13106,ASN-27809,Generic,Vietnam,16-Sep-14,01-Oct-14,300mg,Tablet,Yes,3138.25,Direct Drop,"Tenofovir Disoproxil Fumarate 300mg, tablets, 30 Tabs",58.39,16000,56800.0,PMO - US,Hetero Unit III Hyderabad IN,Tenofovir Disoproxil Fumarate,3.55,4/30/14,SCMS-236120,FPQ-13976,04-08-14,ARV,108-VN-T30,16-Sep-14,Air,Adult,30,0.12,HETERO LABS LIMITED,EXW,1948
39659,ASN-17563,Determine,Burundi,04-Jan-13,04-Jan-13,MIssing,Test kit,Yes,16189.94,Direct Drop,"HIV 1/2, Determine Complete HIV Kit, 100 Tests",145.67,1472,117760.0,PMO - US,"Alere Medical Co., Ltd.","HIV 1/2, Determine Complete HIV Kit",80.0,11/21/12,SCMS-167290,FPQ-10907,11-07-12,HRDT,102-BI-T30,04-Jan-13,Air,HIV test,100,0.8,"Orgenics, Ltd",EXW,638
83443,DN-1943,Generic,Uganda,19-Jul-10,19-Jul-10,200/300mg,Tablet - FDC,Yes,4758.36,From RDC,"Emtricitabine/Tenofovir Disoproxil Fumarate 200/300mg, tablets, 30 Tabs",17.81,703,8260.25,PMO - US,Mylan (formerly Matrix) Nashik,Emtricitabine/Tenofovir Disoproxil Fumarate,11.75,N/A - From RDC,SO-36131,FPQ-5239,03-02-10,ARV,114-UG-T30,04-Aug-10,Air,Adult,30,0.39,SCMS from RDC,N/A - From RDC,301
8317,ASN-1747,Generic,Mozambique,09-Jul-08,09-Jul-08,MIssing,Test kit - Ancillary,Yes,Invoiced Separately,Direct Drop,"HIV, Lancet, Safety, for HIV Test kits, 100 Pcs",0.05,3000,30.0,PMO - US,Inverness Japan,"HIV, Lancet, Safety, for HIV Test kits, 100 Pcs",0.01,2/27/08,SCMS-18340,Pre-PQ Process,Pre-PQ Process,HRDT,111-MZ-T01,09-Jul-08,Air,HIV test - Ancillary,100,0.0,"Orgenics, Ltd",EXW,Weight Captured Separately
13093,ASN-21695,Generic,Vietnam,09-Oct-13,09-Oct-13,600/300/300mg,Tablet - FDC,Yes,2021.05,Direct Drop,"Efavirenz/Lamivudine/Tenofovir Disoproxil Fumarate 600/300/300mg, tablets, 30 Tabs",163.45,11500,132135.0,PMO - US,Mylan (formerly Matrix) Nashik,Efavirenz/Lamivudine/Tenofovir Disoproxil Fumarate,11.49,05-10-13,SCMS-188540,FPQ-12187,05-03-13,ARV,108-VN-T30,11-Oct-13,Air,Adult,30,0.38,MYLAN LABORATORIES LTD (FORMERLY MATRIX LABORATORIES),EXW,1295
83310,DN-4133,Generic,Nigeria,05-Feb-15,10-Feb-15,150/300/200mg,Tablet - FDC,Yes,5668.63,From RDC,"Lamivudine/Nevirapine/Zidovudine 150/200/300mg, tablets, 60 Tabs",158.72,20000,154400.0,PMO - US,Hetero Unit III Hyderabad IN,Lamivudine/Nevirapine/Zidovudine,7.72,N/A - From RDC,SO-49684,FPQ-14766,8/13/14,ARV,151-NG-T30,28-Feb-15,Air Charter,Adult,60,0.13,SCMS from RDC,N/A - From RDC,2924
11525,DN-559,Generic,Tanzania,25-Feb-08,25-Feb-08,600mg,Tablet,No,See DN-559 (ID#:10940),From RDC,"Efavirenz 600mg, tablets, 30 Tabs",397.44,20000,248400.0,PMO - US,"Aurobindo Unit III, India",Efavirenz,12.42,N/A - From RDC,SO-1648,Pre-PQ Process,Pre-PQ Process,ARV,109-TZ-T01,25-Feb-08,Air,Adult,30,0.41,SCMS from RDC,N/A - From RDC,See DN-559 (ID#:10940)
83635,DN-2914,Generic,Zimbabwe,19-Nov-12,19-Nov-12,30/60mg,Tablet - FDC,No,See DN-2914 (ID#:83089),From RDC,"Lamivudine/Zidovudine 30/60mg, tablets, 60 Tabs",76.36,19733,54463.08,PMO - US,"Aurobindo Unit III, India",Lamivudine/Zidovudine,2.76,N/A - From RDC,SO-42270,FPQ-9907,5/15/12,ARV,103-ZW-T30,19-Nov-12,Truck,Pediatric,60,0.05,SCMS from RDC,N/A - From RDC,See DN-2914 (ID#:83089)
62107,ASN-14875,Generic,Vietnam,05-Jun-12,05-Jun-12,10mg/ml,Oral solution,No,See ASN-14875 (ID#:35053),Direct Drop,"Lamivudine 10mg/ml, oral solution w/syringe, Bottle, 240 ml",0.78,300,555.0,PMO - US,"Aurobindo Unit III, India",Lamivudine,1.85,1/18/12,SCMS-131650,FPQ-9001,12/15/11,ARV,108-VN-T30,05-Jun-12,Air,Pediatric,240,0.01,Aurobindo Pharma Limited,EXW,See ASN-14875 (ID#:35053)
72572,ASN-9739,Colloidal Gold,Botswana,14-Mar-11,14-Mar-11,MIssing,Test kit,Yes,486.18,Direct Drop,"HIV 1/2, SKB Colloidal Gold, Diagnostic Kit, Antibody, 50 Tests",0.76,20,460.0,PMO - US,"KHB Test Kit Facility, Shanghai China","HIV 1/2, Colloidal Gold, Diagnostic Kit, Antibody",23.0,12-09-10,SCMS-93790,FPQ-6652,11/19/10,HRDT,102-BW-T30,14-Mar-11,Air,HIV test,1,23.0,"SHANGHAI KEHUA BIOENGINEERING CO.,LTD.  (KHB)",EXW,16
84332,DN-3531,Generic,Tanzania,19-Feb-14,24-Feb-14,300mg,Tablet,No,See DN-3531 (ID#:83761),From RDC,"Abacavir 300mg, tablets, 60 Tabs",154.88,11022,125209.92,PMO - US,"Aurobindo Unit III, India",Abacavir,11.36,N/A - From RDC,SO-45999,FPQ-12587,07-04-13,ARV,109-TZ-T30,31-Jan-14,Truck,Adult,60,0.19,SCMS from RDC,N/A - From RDC,See DN-3531 (ID#:83761)
10981,DN-817,Generic,Mozambique,07-Aug-08,07-Aug-08,150/200/30mg,Tablet - FDC,Yes,9161.95,From RDC,"Lamivudine/Nevirapine/Stavudine 150/200/30mg, tablets, 60 Tabs",448.99,38975,280620.0,PMO - US,"Strides, Bangalore, India.",Lamivudine/Nevirapine/Stavudine,7.2,N/A - From RDC,SO-1882,Pre-PQ Process,Pre-PQ Process,ARV,111-MZ-T01,07-Aug-08,Air,Adult,60,0.12,SCMS from RDC,N/A - From RDC,13123
83551,DN-2480,Generic,Mozambique,22-Feb-12,22-Feb-12,150/300/200mg,Tablet - FDC,Yes,3470,From RDC,"Lamivudine/Nevirapine/Zidovudine 150/200/300mg, tablets, 60 Tabs",5.09,275,3085.5,PMO - US,Mylan (formerly Matrix) Nashik,Lamivudine/Nevirapine/Zidovudine,11.22,N/A - From RDC,SO-40321,FPQ-8157,08-04-11,ARV,111-MZ-T30,29-Feb-12,Truck,Adult,60,0.19,SCMS from RDC,N/A - From RDC,36
82480,DN-2687,Generic,Nigeria,03-Jun-12,03-Jun-12,600mg,Tablet,Yes,17090,From RDC,"Efavirenz 600mg, tablets, 30 Tabs",383.73,70000,273700.0,PMO - US,"Strides, Bangalore, India.",Efavirenz,3.91,N/A - From RDC,SO-42332,FPQ-9432,03-01-12,ARV,151-NG-T30,02-Aug-12,Air Charter,Adult,30,0.13,SCMS from RDC,N/A - From RDC,6889
66307,ASN-20367,Generic,Vietnam,01-Aug-13,01-Aug-13,600/300/300mg,Tablet - FDC,Yes,11077.85,Direct Drop,"Efavirenz/Lamivudine/Tenofovir Disoproxil Fumarate 600/300/300mg, tablets, 30 Tabs",464.39,32673,375412.77,PMO - US,Mylan (formerly Matrix) Nashik,Efavirenz/Lamivudine/Tenofovir Disoproxil Fumarate,11.49,2/13/13,SCMS-177620,FPQ-11560,02-07-13,ARV,108-VN-T30,01-Aug-13,Air,Adult,30,0.38,MYLAN LABORATORIES LTD (FORMERLY MATRIX LABORATORIES),EXW,3425
86489,DN-2738,Generic,Mozambique,22-Aug-12,22-Aug-12,10mg/ml,Oral suspension,No,See DN-2738 (ID#:85875),From RDC,"Nevirapine 10mg/ml, oral suspension w/syringe, Bottle, 240 ml",147.98,54128,105549.6,PMO - US,"Aurobindo Unit III, India",Nevirapine,1.95,N/A - From RDC,SO-41770,FPQ-9506,3/16/12,ARV,111-MZ-T30,04-Sep-12,Truck,Pediatric,240,0.01,SCMS from RDC,N/A - From RDC,See DN-2738 (ID#:85875)
10498,ASN-4819,Retrovir,South Africa,21-Jul-09,21-Jul-09,300mg,Tablet,No,Freight Included in Commodity Cost,Direct Drop,"Zidovudine 300mg [Retrovir], tablets, 60 Tabs",16.9,550,8624.0,PMO - US,GSK Ware (UK),Zidovudine,15.68,06-05-09,SCMS-47050,Pre-PQ Process,Pre-PQ Process,ARV,116-ZA-T01,12-Oct-09,Truck,Adult,60,0.26,S. BUYS WHOLESALER,DDP,Weight Captured Separately
80363,ASN-24339,Generic,Uganda,27-Feb-14,10-Mar-14,50mg,Chewable/dispersible tablet,Yes,896.35,Direct Drop,"Nevirapine 50mg, dispersible tablets (tablets for oral suspension), 30 Tabs",1.54,1200,1500.0,PMO - US,"Aurobindo Unit III, India",Nevirapine,1.25,12/27/13,SCMS-220810,FPQ-13116,10/23/13,ARV,114-UG-T30,27-Feb-14,Air,Pediatric,30,0.04,Aurobindo Pharma Limited,EXW,64
76321,ASN-11024,Generic,Vietnam,22-Jun-11,22-Jun-11,300mg,Tablet,No,See ASN-11024 (ID#:15149),Direct Drop,"Abacavir 300mg, tablets, 60 Tabs",8.32,336,5040.0,PMO - US,Mylan (formerly Matrix) Nashik,Abacavir,15.0,2/15/11,SCMS-97850,FPQ-6818,1/17/11,ARV,108-VN-T30,22-Jun-11,Air,Adult,60,0.25,MYLAN LABORATORIES LTD (FORMERLY MATRIX LABORATORIES),EXW,See ASN-11024 (ID#:15149)
85788,DN-2341,Generic,Zambia,26-Sep-11,26-Sep-11,300mg,Tablet,No,See DN-2341 (ID#:85787),From RDC,"Zidovudine 300mg, tablets, 60 Tabs",525.39,44163,318415.23,PMO - US,Hetero Unit III Hyderabad IN,Zidovudine,7.21,N/A - From RDC,SO-39050,FPQ-7233,03-01-11,ARV,110-ZM-T30,21-Sep-11,Truck,Adult,60,0.12,SCMS from RDC,N/A - From RDC,See DN-2341 (ID#:85787)
84202,DN-2920,Generic,Zimbabwe,13-Dec-12,13-Dec-12,30/6mg,Chewable/dispersible tablet - FDC,Yes,8043.57,From RDC,"Lamivudine/Stavudine 30/6mg, dispersible tablets, 60 Tabs",51.74,19425,36907.5,PMO - US,"Cipla, Goa, India",Lamivudine/Stavudine,1.9,N/A - From RDC,SO-42190,FPQ-9907,5/15/12,ARV,103-ZW-T30,14-Dec-12,Truck,Pediatric,60,0.03,SCMS from RDC,N/A - From RDC,1043
85966,DN-3151,Generic,Nigeria,23-May-13,23-May-13,60/100/12mg,Chewable/dispersible tablet - FDC,Yes,1941.82,From RDC,"Lamivudine/Nevirapine/Stavudine 60/100/12mg, dispersible tablets, 60 Tabs",10.78,2027,8716.1,PMO - US,"Cipla, Goa, India",Lamivudine/Nevirapine/Stavudine,4.3,N/A - From RDC,SO-43841,FPQ-11022,11/15/12,ARV,151-NG-T30,21-May-13,Air,Pediatric,60,0.07,SCMS from RDC,N/A - From RDC,218
84880,DN-3486,Generic,Zimbabwe,10-Feb-14,19-Mar-14,30/50/60mg,Chewable/dispersible tablet - FDC,Yes,1500,From RDC,"Lamivudine/Nevirapine/Zidovudine 30/50/60mg, dispersible tablets, 60 Tabs",3.9,841,3153.75,PMO - US,"Cipla, Goa, India",Lamivudine/Nevirapine/Zidovudine,3.75,N/A - From RDC,SO-45132,FPQ-12086,4/19/13,ARV,103-ZW-T30,14-Feb-14,Truck,Pediatric,60,0.06,SCMS from RDC,N/A - From RDC,73
3192,ASN-2293,Generic,South Africa,08-May-08,08-May-08,200mg,Tablet,No,Freight Included in Commodity Cost,Direct Drop,"Nevirapine 200mg, tablets, 60 Tabs",5.07,150,3166.5,PMO - US,"Cipla, Goa, India",Nevirapine,21.11,Date Not Captured,SCMS-23500,Pre-PQ Process,Pre-PQ Process,ARV,116-ZA-T01,20-Aug-08,Truck,Adult,60,0.35,S. BUYS WHOLESALER,DDP,Weight Captured Separately
10563,DN-203,Aluvia,Zambia,27-Jul-07,27-Jul-07,200/50mg,Tablet,Yes,4761.51,From RDC,"Lopinavir/Ritonavir 200/50mg [Aluvia], tablets, 120 Tabs",330.05,5019,206280.9,PMO - US,ABBVIE Ludwigshafen Germany,Lopinavir/Ritonavir,41.1,N/A - From RDC,SO-624,Pre-PQ Process,Pre-PQ Process,ARV,110-ZM-T01,27-Jul-07,MIssing,Adult,120,0.34,SCMS from RDC,N/A - From RDC,1092
8231,ASN-2759,Capillus,Haiti,11-Nov-08,11-Nov-08,MIssing,Test kit,Yes,523.12,Direct Drop,"HIV 1/2, Capillus HIV Kit, 100 Tests",0.54,2,278.0,PMO - US,"Trinity Biotech, Plc","HIV 1/2, Capillus HIV Kit",139.0,01-05-08,SCMS-15470,Pre-PQ Process,Pre-PQ Process,HRDT,100-HT-T01,11-Nov-08,Air,HIV test,100,1.39,"Trinity Biotech, Plc",EXW,4
82944,DN-2153,Generic,CÃte dIvoire,10-Jun-11,10-Jun-11,150/300/200mg,Tablet - FDC,No,See DN-2153 (ID#:82374),From RDC,"Lamivudine/Nevirapine/Zidovudine 150/200/300mg, tablets, 60 Tabs",833.08,45000,504900.0,PMO - US,Mylan (formerly Matrix) Nashik,Lamivudine/Nevirapine/Zidovudine,11.22,N/A - From RDC,SO-38540,FPQ-6891,12/21/10,ARV,104-CI-T30,20-Apr-11,Air,Adult,60,0.19,SCMS from RDC,N/A - From RDC,See DN-2153 (ID#:82374)
85362,DN-3159,Generic,Rwanda,24-May-13,24-May-13,10mg/ml,Oral solution,Yes,7086.88,From RDC,"Zidovudine 10mg/ml, oral solution w/syringe, Bottle, 240 ml",7.79,3000,6300.0,PMO - US,"Aurobindo Unit III, India",Zidovudine,2.1,N/A - From RDC,SO-44760,FPQ-11807,03-06-13,ARV,107-RW-T30,28-Jun-13,Air,Pediatric,240,0.01,SCMS from RDC,N/A - From RDC,1151
82987,DN-2417,Generic,Mozambique,14-Dec-11,14-Dec-11,10mg/ml,Oral solution,Yes,573.43,From RDC,"Zidovudine 10mg/ml, oral solution w/syringe, Bottle, 240 ml",8.14,2350,4935.0,PMO - US,"Aurobindo Unit III, India",Zidovudine,2.1,N/A - From RDC,SO-40330,FPQ-8157,08-04-11,ARV,111-MZ-T30,30-Nov-11,Truck,Pediatric,240,0.01,SCMS from RDC,N/A - From RDC,904
86671,DN-3628,Generic,Mozambique,24-Jun-14,14-Jul-14,200mg,Tablet,No,See DN-3628 (ID#:83234),From RDC,"Nevirapine 200mg, tablets, 60 Tabs",4.88,2100,4746.0,PMO - US,Hetero Unit III Hyderabad IN,Nevirapine,2.26,N/A - From RDC,SO-47041,FPQ-13124,10/21/13,ARV,111-MZ-T30,14-Jun-14,Truck,Adult,60,0.04,SCMS from RDC,N/A - From RDC,See DN-3628 (ID#:83234)
82705,DN-3827,Generic,Mozambique,25-Aug-14,28-Aug-14,150/300/200mg,Tablet - FDC,Yes,47171.27,From RDC,"Lamivudine/Nevirapine/Zidovudine 150/200/300mg, tablets, 60 Tabs",1750.79,210000,1703100.0,PMO - US,Hetero Unit III Hyderabad IN,Lamivudine/Nevirapine/Zidovudine,8.11,N/A - From RDC,SO-47050,FPQ-13124,10/21/13,ARV,111-MZ-T30,29-Aug-14,Truck,Adult,60,0.14,SCMS from RDC,N/A - From RDC,81836
9753,ASN-2300,Invirase,South Africa,14-May-08,14-May-08,200mg,Capsule,No,Freight Included in Commodity Cost,Direct Drop,"Saquinavir 200mg [Invirase], capsules, 270 Caps",0.46,4,285.52,PMO - US,Roche Basel,Saquinavir,71.38,Date Not Captured,SCMS-23500,Pre-PQ Process,Pre-PQ Process,ARV,116-ZA-T01,20-Aug-08,Truck,Adult,270,0.26,S. BUYS WHOLESALER,DDP,Weight Captured Separately
41381,ASN-18919,Generic,Haiti,07-Aug-13,07-Aug-13,150mg,Tablet,No,See ASN-18919 (ID#:14578),Direct Drop,"Lamivudine 150mg, tablets, 60 Tabs",6.46,2430,5224.5,PMO - US,"Aurobindo Unit III, India",Lamivudine,2.15,03-11-13,SCMS-177180,FPQ-11442,1/30/13,ARV,106-HT-T30,07-Aug-13,Ocean,Adult,60,0.04,Aurobindo Pharma Limited,EXW,See ASN-18919 (ID#:14578)
82137,ASN-8246,Generic,South Africa,17-Nov-10,17-Nov-10,600mg,Tablet,Yes,4263.07,Direct Drop,"Efavirenz 600mg, tablets, 30 Tabs",393.17,39049,182358.83,PMO - US,"Aurobindo Unit III, India",Efavirenz,4.67,3/19/10,SCMS-68940,FPQ-5303,3/18/10,ARV,161-ZA-T30,07-Sep-10,Air,Adult,30,0.16,Aurobindo Pharma Limited,DDP,3669
35054,ASN-32261,Generic,Vietnam,13-Jul-15,14-Jul-15,600/300/300mg,Tablet - FDC,Yes,3809.94,Direct Drop,"Efavirenz/Lamivudine/Tenofovir Disoproxil Fumarate 600/300/300mg, tablets, 30 Tabs",209.04,17760,177600.0,PMO - US,Hetero Unit III Hyderabad IN,Efavirenz/Lamivudine/Tenofovir Disoproxil Fumarate,10.0,2/17/15,SCMS-274370,FPQ-15692,1/28/15,ARV,108-VN-T30,13-Jul-15,Air,Adult,30,0.33,HETERO LABS LIMITED,EXW,2516
11600,DN-1054,Generic,Mozambique,26-Feb-09,26-Feb-09,150/200/30mg,Tablet - FDC,Yes,7199.72,From RDC,"Lamivudine/Nevirapine/Stavudine 150/200/30mg, tablets, 60 Tabs",1311.47,92933,669117.6,PMO - US,"Strides, Bangalore, India.",Lamivudine/Nevirapine/Stavudine,7.2,N/A - From RDC,SO-15082,Pre-PQ Process,Pre-PQ Process,ARV,111-MZ-T01,26-Feb-09,Air,Adult,60,0.12,SCMS from RDC,N/A - From RDC,7011
42275,ASN-4991,Determine,Guyana,16-Oct-09,16-Oct-09,MIssing,Test kit,Yes,4400.85,Direct Drop,"HIV 1/2, Determine Complete HIV Kit, 100 Tests",71.55,507,36504.0,PMO - US,Inverness Japan,"HIV 1/2, Determine Complete HIV Kit",72.0,8/31/09,SCMS-52271,FPQ-4068,8/13/09,HRDT,102-GY-T30,16-Oct-09,Air,HIV test,100,0.72,"Orgenics, Ltd",EXW,67
82421,DN-2447,Generic,Tanzania,22-Dec-11,22-Dec-11,600/200/300mg,Tablet - FDC,Yes,Freight Included in Commodity Cost,From RDC,"Efavirenz/Emtricitabine/Tenofovir Disoproxil Fumarate 600/200/300mg, tablets, 30 Tabs",385.31,11723,233522.16,PMO - US,Mylan (formerly Matrix) Nashik,Efavirenz/Emtricitabine/Tenofovir Disoproxil Fumarate,19.92,N/A - From RDC,SO-39754,FPQ-7675,5/18/11,ARV,109-TZ-T30,31-Jan-12,Air,Adult,30,0.66,SCMS from RDC,N/A - From RDC,1305
83391,DN-1591,Generic,Nigeria,18-Dec-09,18-Dec-09,150/300/200mg,Tablet - FDC,Yes,11637.64,From RDC,"Lamivudine/Nevirapine/Zidovudine 150/200/300mg, tablets, 60 Tabs",1334.76,60000,681000.0,PMO - US,"Aurobindo Unit III, India",Lamivudine/Nevirapine/Zidovudine,11.35,N/A - From RDC,SO-33141,FPQ-4105,8/13/09,ARV,151-NG-T30,18-Dec-09,Air Charter,Adult,60,0.19,SCMS from RDC,N/A - From RDC,6949
72454,ASN-17291,Determine,Kenya,10-Dec-12,10-Dec-12,MIssing,Test kit,Yes,Freight Included in Commodity Cost,Direct Drop,"HIV 1/2, Determine Complete HIV Kit, 100 Tests",748.04,5995,533555.0,PMO - US,"Alere Medical Co., Ltd.","HIV 1/2, Determine Complete HIV Kit",89.0,11/21/12,SCMS-153912,FPQ-10314,07-12-12,HRDT,101-KE-T30,10-Dec-12,Air,HIV test,100,0.89,"Orgenics, Ltd",CIP,Weight Captured Separately
11780,DN-324,Generic,CÃte dIvoire,31-Aug-07,31-Aug-07,10mg/ml,Oral suspension,No,See DN-324 (ID#:10610),From RDC,"Nevirapine 10mg/ml, oral suspension, Bottle, 240 ml",9.03,2938,5640.96,PMO - US,"Aurobindo Unit III, India",Nevirapine,1.92,N/A - From RDC,SO-997,Pre-PQ Process,Pre-PQ Process,ARV,104-CI-T01,31-Aug-07,MIssing,Pediatric,240,0.01,SCMS from RDC,N/A - From RDC,See DN-324 (ID#:10610)
84006,DN-1841,Generic,Uganda,25-May-10,25-May-10,150/300/200mg,Tablet - FDC,Yes,8676.9,From RDC,"Lamivudine/Nevirapine/Zidovudine 150/200/300mg, tablets, 60 Tabs",115.68,4782,53654.04,PMO - US,Mylan (formerly Matrix) Nashik,Lamivudine/Nevirapine/Zidovudine,11.22,N/A - From RDC,SO-36151,FPQ-5239,03-02-10,ARV,114-UG-T30,09-Jun-10,Air,Adult,60,0.19,SCMS from RDC,N/A - From RDC,617
2993,ASN-1520,Stocrin/Sustiva,South Africa,04-Jan-08,04-Jan-08,50mg,Capsule,No,Freight Included in Commodity Cost,Direct Drop,"Efavirenz 50mg [Stocrin/Sustiva], capsule, 30 Caps",1.11,200,696.0,PMO - US,"MSD Midrand, Jburg, SA",Efavirenz,3.48,01-04-08,SCMS-16600,Pre-PQ Process,Pre-PQ Process,ARV,116-ZA-T01,21-Jan-08,MIssing,Pediatric,30,0.12,"JSI R&T INSTITUTE, INC.",DDP,Weight Captured Separately
12612,DN-1413,Generic,Mozambique,27-Aug-09,27-Aug-09,150/200/30mg,Tablet - FDC,Yes,2400.25,From RDC,"Lamivudine/Nevirapine/Stavudine 150/200/30mg, tablets, 60 Tabs",1373.14,98396,700579.52,PMO - US,"Strides, Bangalore, India.",Lamivudine/Nevirapine/Stavudine,7.12,N/A - From RDC,SO-26421,Pre-PQ Process,Date Not Captured,ARV,111-MZ-T01,27-Aug-09,Air,Adult,60,0.12,SCMS from RDC,N/A - From RDC,7426
7939,ASN-75,Determine,Haiti,15-Sep-06,15-Sep-06,MIssing,Test kit,Yes,Freight Included in Commodity Cost,Direct Drop,"HIV 1/2, Determine Complete HIV Kit, 100 Tests",MIssing,150,22500.0,PMO - US,ABBVIE (Abbott) Japan Co. Ltd.,"HIV 1/2, Determine Complete HIV Kit",150.0,Date Not Captured,SCMS-75,Pre-PQ Process,Pre-PQ Process,HRDT,106-HT-T01,15-Sep-06,Air,HIV test,100,1.5,REINBOLD EXPORT IMPORT,DDP,Weight Captured Separately
46082,ASN-14557,Uni-Gold,Ethiopia,25-Apr-12,25-Apr-12,MIssing,Test kit,Yes,406.68,Direct Drop,"HIV 1/2, Uni-Gold HIV Kit, 20 Tests",1.93,43,1376.0,PMO - US,"Trinity Biotech, Plc","HIV 1/2, Uni-Gold HIV Kit",32.0,1/23/12,SCMS-134740,FPQ-9210,1/18/12,HRDT,117-ET-T30,25-Apr-12,Air,HIV test,20,1.6,"Trinity Biotech, Plc",EXW,15
20619,ASN-21237,Determine,Tanzania,16-Sep-13,16-Sep-13,MIssing,Test kit,Yes,17579.56,Direct Drop,"HIV 1/2, Determine Complete HIV Kit, 100 Tests",247.4,2500,200000.0,PMO - US,"Alere Medical Co., Ltd.","HIV 1/2, Determine Complete HIV Kit",80.0,5/29/13,SCMS-189361,FPQ-12197,4/30/13,HRDT,109-TZ-T30,16-Sep-13,Air,HIV test,100,0.8,"Standard Diagnostics, Inc.",EXW,1036
24872,ASN-18759,Generic,Vietnam,13-May-13,13-May-13,200mg,Tablet,Yes,11984.91,Direct Drop,"Nevirapine 200mg, tablets, 60 Tabs",73.8,26997,59663.37,PMO - US,Hetero Unit III Hyderabad IN,Nevirapine,2.21,1/22/13,SCMS-174380,FPQ-11417,01-10-13,ARV,108-VN-T30,13-May-13,Air,Adult,60,0.04,HETERO LABS LIMITED,EXW,1726
82676,DN-3706,Generic,CÃte dIvoire,04-Jun-14,10-Jul-14,600mg,Tablet,Yes,21593.88,From RDC,"Efavirenz 600mg, tablets, 30 Tabs",116.72,25000,83250.0,PMO - US,"Hetero, Jadcherla, unit 5, IN",Efavirenz,3.33,N/A - From RDC,SO-43370,FPQ-10633,09-11-12,ARV,104-CI-T30,30-Jun-14,Truck,Adult,30,0.11,SCMS from RDC,N/A - From RDC,3591
82514,DN-2865,Generic,Zambia,05-Oct-12,05-Oct-12,200/300mg,Tablet - FDC,Yes,34356.26,From RDC,"Emtricitabine/Tenofovir Disoproxil Fumarate 200/300mg, tablets, 30 Tabs",1550.57,167825,1105966.75,PMO - US,Mylan (formerly Matrix) Nashik,Emtricitabine/Tenofovir Disoproxil Fumarate,6.59,N/A - From RDC,SO-41992,FPQ-9773,4/27/12,ARV,110-ZM-T30,10-Oct-12,Truck,Adult,30,0.22,SCMS from RDC,N/A - From RDC,26199
23724,ASN-11477,Ziagen,South Africa,23-Sep-11,23-Sep-11,20mg/ml,Oral solution,Yes,9650.6,Direct Drop,"Abacavir 20mg/ml [Ziagen], oral solution, Bottle, 240 ml",306.24,20000,185600.0,PMO - US,GSK Mississauga (Canada),Abacavir,9.28,3/30/11,SCMS-104170,FPQ-7400,03-11-11,ARV,161-ZA-T30,23-Sep-11,Ocean,Pediatric,240,0.04,GLAXOSMITHKLINE EXPORT LIMITED,DDP,7656
4,ASN-14,Determine,CÃte dIvoire,27-Aug-06,27-Aug-06,MIssing,Test kit,Yes,1653.78,Direct Drop,"HIV 1/2, Determine Complete HIV Kit, 100 Tests",MIssing,500,40000.0,PMO - US,ABBVIE GmbH & Co.KG Wiesbaden,"HIV 1/2, Determine Complete HIV Kit",80.0,Date Not Captured,SCMS-20,Pre-PQ Process,Pre-PQ Process,HRDT,100-CI-T01,27-Aug-06,Air,HIV test,100,0.8,Abbott GmbH & Co. KG,FCA,171
31473,ASN-27978,Generic,South Africa,27-Aug-14,27-Aug-14,20mg/ml,Oral solution,No,Freight Included in Commodity Cost,Direct Drop,"Abacavir 20mg/ml, oral solution w/syringe, Bottle, 240 ml",1.19,35,959.72,PMO - US,"Aurobindo Unit III, India",Abacavir,27.42,8/27/14,SCMS-199283,FPQ-12522,07-11-13,ARV,116-ZA-T30,27-Aug-14,Truck,Pediatric,240,0.11,S. BUYS WHOLESALER,DDP,Weight Captured Separately
86144,DN-4003,Generic,Burundi,20-Nov-14,24-Nov-14,150/300/200mg,Tablet - FDC,No,See DN-4003 (ID#:84425),From RDC,"Lamivudine/Nevirapine/Zidovudine 150/200/300mg, tablets, 60 Tabs",12.81,1536,12456.96,PMO - US,Mylan (formerly Matrix) Nashik,Lamivudine/Nevirapine/Zidovudine,8.11,N/A - From RDC,SO-48620,FPQ-14112,4/18/14,ARV,102-BI-T30,20-Nov-14,Air,Adult,60,0.14,SCMS from RDC,N/A - From RDC,See DN-4003 (ID#:84425)
85896,DN-2828,Generic,Uganda,24-Sep-12,24-Sep-12,150/300mg,Tablet - FDC,Yes,1618.01,From RDC,"Lamivudine/Zidovudine 150/300mg, tablets, 60 Tabs",14.79,1319,10552.0,PMO - US,Hetero Unit III Hyderabad IN,Lamivudine/Zidovudine,8.0,N/A - From RDC,SO-41595,FPQ-9355,2/20/12,ARV,114-UG-T30,24-Sep-12,Truck,Adult,60,0.13,SCMS from RDC,N/A - From RDC,108
72049,ASN-15429,Generic,Uganda,12-Jul-12,12-Jul-12,200mg,Tablet,Yes,8143.97,Direct Drop,"Nevirapine 200mg, tablets, 60 Tabs",74.13,22500,52875.0,PMO - US,"Aurobindo Unit III, India",Nevirapine,2.35,06-12-12,SCMS-149400,FPQ-10089,06-07-12,ARV,900-UG-T30,12-Jul-12,Air,Adult,60,0.04,Aurobindo Pharma Limited,EXW,2145
18694,ASN-4974,Videx EC,Tanzania,21-Oct-09,21-Oct-09,400mg,Delayed-release capsules - blister,Yes,888,Direct Drop,"Didanosine EC 400mg [Videx EC], delayed-release capsules, Blister 3 x 10 Caps",46.39,1000,23670.0,PMO - US,"BMS Meymac, France",Didanosine EC,23.67,6/29/09,SCMS-47760,FPQ-3782,06-11-09,ARV,109-TZ-T30,21-Oct-09,Air,Adult,30,0.79,BRISTOL-MYERS SQUIBB,CIP,335
85129,DN-1935,Generic,Nigeria,28-Jun-10,28-Jun-10,300/300mg,Tablet - FDC,Yes,Freight Included in Commodity Cost,From RDC,"Lamivudine/Tenofovir Disoproxil Fumarate 300/300mg, tablets, 30 Tabs",431.2,20000,200000.0,PMO - US,Mylan (formerly Matrix) Nashik,Lamivudine/Tenofovir Disoproxil Fumarate,10.0,N/A - From RDC,SO-36471,FPQ-5023,02-10-10,ARV,151-NG-T30,15-Jul-10,Air,Adult,30,0.33,SCMS from RDC,N/A - From RDC,1801
12846,DN-1147,Bioline,Pakistan,01-Apr-09,01-Apr-09,MIssing,Test kit,No,See DN-1147 (ID#:11610),From RDC,"HIV 1/2, Bioline 3.0 Kit, Lancets, Capillary pipets, Alcohol swabs included, 25 Tests",0.47,12,240.0,PMO - US,"Standard Diagnostics, Korea","HIV 1/2, Bioline 3.0 Kit, Lancets, Capillary pipets, Alcohol swabs included",20.0,N/A - From RDC,SO-22440,Pre-PQ Process,Pre-PQ Process,HRDT,100-PK-T01,01-Apr-09,Air,HIV test,25,0.8,SCMS from RDC,N/A - From RDC,See DN-1147 (ID#:11610)
10577,DN-280,Generic,Guyana,09-Aug-07,09-Aug-07,300mg,Tablet,Yes,1920,From RDC,"Zidovudine 300mg, tablets, 60 Tabs",7.35,564,4596.6,PMO - US,"Aurobindo Unit III, India",Zidovudine,8.15,N/A - From RDC,SO-694,Pre-PQ Process,Pre-PQ Process,ARV,105-GY-T01,09-Aug-07,Air,Adult,60,0.14,SCMS from RDC,N/A - From RDC,34
14240,ASN-31323,Determine,South Sudan,03-Jun-15,05-Jun-15,MIssing,Test kit,Yes,Invoiced Separately,Direct Drop,"HIV 1/2, Determine Complete HIV Kit, 100 Tests",7.33,70,6230.0,PMO - US,"Alere Medical Co., Ltd.","HIV 1/2, Determine Complete HIV Kit",89.0,2/20/15,SCMS-272160,FPQ-15569,12/29/14,HRDT,105-SS-T30,03-Jun-15,Air,HIV test,100,0.89,"Orgenics, Ltd",EXW,Weight Captured Separately
83372,DN-1360,Generic,Nigeria,04-Aug-09,04-Aug-09,200mg,Tablet,No,See DN-1360 (ID#:83371),From RDC,"Nevirapine 200mg, tablets, 60 Tabs",1.32,233,675.7,PMO - US,"Aurobindo Unit III, India",Nevirapine,2.9,N/A - From RDC,SO-32272,FPQ-3815,5/26/09,ARV,154-NG-T30,31-Aug-09,Air Charter,Adult,60,0.05,SCMS from RDC,N/A - From RDC,See DN-1360 (ID#:83371)
84461,DN-4190,Generic,Nigeria,18-Mar-15,20-Mar-15,600/300/300mg,Tablet - FDC,Yes,65310.33,From RDC,"Efavirenz/Lamivudine/Tenofovir Disoproxil Fumarate 600/300/300mg, tablets, 30 Tabs",838.76,84991,815913.6,PMO - US,"Aurobindo Unit VII, IN",Efavirenz/Lamivudine/Tenofovir Disoproxil Fumarate,9.6,N/A - From RDC,SO-51090,FPQ-14766,8/13/14,ARV,151-NG-T30,30-Apr-15,Air Charter,Adult,30,0.32,SCMS from RDC,N/A - From RDC,38799
54545,ASN-7077,Generic,South Africa,09-Jun-10,09-Jun-10,200mg,Tablet,Yes,6369.79,Direct Drop,"Nevirapine 200mg, tablets, 60 Tabs",241.75,38400,112128.0,PMO - US,"Aurobindo Unit III, India",Nevirapine,2.92,3/19/10,SCMS-68950,FPQ-5303,3/18/10,ARV,161-ZA-T30,09-Jun-10,Air,Adult,60,0.05,Aurobindo Pharma Limited,DDP,4528
82668,DN-3642,Generic,Rwanda,06-Jun-14,20-Jun-14,300/300mg,Tablet - FDC,Yes,8469.67,From RDC,"Lamivudine/Tenofovir Disoproxil Fumarate 300/300mg, tablets, 30 Tabs",13.67,2381,11047.84,PMO - US,"Cipla, Kurkumbh, India",Lamivudine/Tenofovir Disoproxil Fumarate,4.64,N/A - From RDC,SO-46485,FPQ-12766,08-02-13,ARV,107-RW-T30,05-May-14,Truck,Adult,30,0.15,SCMS from RDC,N/A - From RDC,3703
5199,ASN-4663,Clearview,Namibia,01-Sep-09,01-Sep-09,MIssing,Test kit,Yes,133.25,Direct Drop,"HIV 1/2, Clearview Complete Kit, 25 Tests",0.59,4,300.0,PMO - US,Chembio Diagnostics Sys. Inc.,"HIV 1/2, Clearview Complete Kit",75.0,06-04-09,SCMS-47160,Pre-PQ Process,Pre-PQ Process,HRDT,141-NA-T01,01-Sep-09,Air,HIV test,25,3.0,"Orgenics, Ltd",EXW,4
84692,DN-2494,Generic,"Congo, DRC",14-Feb-12,14-Feb-12,150/300/200mg,Tablet - FDC,No,See DN-2494 (ID#:82433),From RDC,"Lamivudine/Nevirapine/Zidovudine 150/200/300mg, tablets, 60 Tabs",3.49,226,2486.0,PMO - US,Mylan (formerly Matrix) Nashik,Lamivudine/Nevirapine/Zidovudine,11.0,N/A - From RDC,SO-41132,FPQ-8840,11/21/11,ARV,101-CD-T30,16-Mar-12,Air,Adult,60,0.18,SCMS from RDC,N/A - From RDC,See DN-2494 (ID#:82433)
54955,ASN-7111,Viramune,South Africa,12-May-10,12-May-10,10mg/ml,Oral suspension,No,Freight Included in Commodity Cost,Direct Drop,"Nevirapine 10mg/ml [Viramune], oral suspension, Bottle, 240 ml",0.67,20,310.55,PMO - US,Boehringer Ingelheim Roxane US,Nevirapine,15.53,05-05-10,SCMS-72760,FPQ-5630,4/30/10,ARV,116-ZA-T30,12-May-10,Truck,Pediatric,240,0.06,S. BUYS WHOLESALER,DDP,Weight Captured Separately
72698,ASN-22937,Generic,Vietnam,16-Dec-13,16-Dec-13,300mg,Tablet,Yes,430.5,Direct Drop,"Abacavir 300mg, tablets, 60 Tabs",8.33,591,6737.4,PMO - US,"Aurobindo Unit III, India",Abacavir,11.4,7/25/13,SCMS-199720,FPQ-12539,07-11-13,ARV,108-VN-T30,16-Dec-13,Air,Adult,60,0.19,Aurobindo Pharma Limited,EXW,36
33305,ASN-12189,Generic,South Africa,18-Nov-11,18-Nov-11,300mg,Tablet,Yes,9560.03,Direct Drop,"Tenofovir Disoproxil Fumarate 300mg, tablets, 30 Tabs",1206.33,113000,731110.0,PMO - US,"Cipla, Goa, India",Tenofovir Disoproxil Fumarate,6.47,3/28/11,SCMS-104030,FPQ-7175,03-10-11,ARV,161-ZA-T30,18-Nov-11,Ocean,Adult,30,0.22,CIPLA LIMITED,DDP,7663
45652,ASN-19166,Generic,South Africa,16-Apr-13,16-Apr-13,200/300mg,Tablet - FDC,No,Freight Included in Commodity Cost,Direct Drop,"Emtricitabine/Tenofovir Disoproxil Fumarate 200/300mg, tablets, 30 Tabs",0.11,3,91.69,South Africa Field Office,"Aurobindo Unit III, India",Emtricitabine/Tenofovir Disoproxil Fumarate,30.56,Date Not Captured,SCMS-183950,FPQ-11828,3/18/13,ARV,116-ZA-T30,16-Apr-13,Truck,Adult,30,1.02,S. BUYS WHOLESALER,DDP,Weight Captured Separately
56748,ASN-18910,Generic,Uganda,10-Apr-13,10-Apr-13,50mg,Capsule,No,See ASN-18910 (ID#:50309),Direct Drop,"Efavirenz 50mg, capsule, 30 Caps",0.14,56,112.0,PMO - US,"Micro labs, Verna, Goa, India",Efavirenz,2.0,02-07-13,SCMS-177120,FPQ-11153,12/13/12,ARV,114-UG-T30,10-Apr-13,Air,Pediatric,30,0.07,MICRO LABS LIMITED,EXW,See ASN-18910 (ID#:50309)
49387,ASN-15720,Uni-Gold,South Sudan,05-Sep-12,05-Sep-12,MIssing,Test kit,Yes,4669.02,Direct Drop,"HIV 1/2, Uni-Gold HIV Kit, 20 Tests",33.6,749,23968.0,PMO - US,"Trinity Biotech, Plc","HIV 1/2, Uni-Gold HIV Kit",32.0,6/20/12,SCMS-147620,FPQ-9807,5/18/12,HRDT,105-SS-T30,05-Sep-12,Air,HIV test,20,1.6,"Trinity Biotech, Plc",EXW,262
86773,DN-4100,Generic,Uganda,30-Jan-15,02-Feb-15,30/50/60mg,Chewable/dispersible tablet - FDC,Yes,1326,From RDC,"Lamivudine/Nevirapine/Zidovudine 30/50/60mg, dispersible tablets, 60 Tabs",19.17,5000,18650.0,PMO - US,Mylan (formerly Matrix) Nashik,Lamivudine/Nevirapine/Zidovudine,3.73,N/A - From RDC,SO-49011,FPQ-14396,06-04-14,ARV,114-UG-T30,06-Feb-15,Truck,Pediatric,60,0.06,SCMS from RDC,N/A - From RDC,297
85947,DN-3057,Generic,Zimbabwe,14-Mar-13,14-Mar-13,300/300mg,Tablet - FDC,Yes,9405.81,From RDC,"Lamivudine/Tenofovir Disoproxil Fumarate 300/300mg, tablets, 30 Tabs",871.91,132320,621904.0,PMO - US,"Aurobindo Unit VII, IN",Lamivudine/Tenofovir Disoproxil Fumarate,4.7,N/A - From RDC,SO-43211,FPQ-10632,09-11-12,ARV,113-ZW-T30,15-Apr-13,Truck,Adult,30,0.16,SCMS from RDC,N/A - From RDC,12328
31662,ASN-30377,Generic,South Africa,26-Jan-15,26-Jan-15,200mg,Capsule,No,Freight Included in Commodity Cost,Direct Drop,"Efavirenz 200mg, capsule, 90 Caps",0.37,21,357.92,PMO - US,"Aurobindo Unit III, India",Efavirenz,17.04,1/26/15,SCMS-259072,FPQ-14942,09-11-14,ARV,116-ZA-T30,26-Jan-15,Truck,Pediatric,90,0.19,PHARMACY DIRECT,DDP,Weight Captured Separately
73818,ASN-8532,Determine,CÃte dIvoire,10-Nov-10,10-Nov-10,MIssing,Test kit,Yes,17085.16,Direct Drop,"HIV 1/2, Determine HIV Kit, without Lancets, 100 Tests",905.95,5408,420201.6,PMO - US,Inverness Japan,"HIV 1/2, Determine HIV Kit, without Lancets",77.7,7/30/10,SCMS-80630,FPQ-6037,7/14/10,HRDT,104-CI-T30,10-Nov-10,Air,HIV test,100,0.78,"Orgenics, Ltd",EXW,1229
84098,DN-2263,Generic,Haiti,28-Jun-11,28-Jun-11,15mg,Capsule,No,See DN-2263 (ID#:82959),From RDC,"Stavudine 15mg, capsules, 60 Caps",0.37,168,221.76,PMO - US,"Aurobindo Unit III, India",Stavudine,1.32,N/A - From RDC,SO-39910,FPQ-6801,12/14/10,ARV,106-HT-T30,19-Jul-11,Air,Adult,60,0.02,SCMS from RDC,N/A - From RDC,See DN-2263 (ID#:82959)
57876,ASN-5451,Generic,South Africa,29-Oct-09,29-Oct-09,150mg,Tablet,No,Freight Included in Commodity Cost,Direct Drop,"Lamivudine 150mg, tablets, 60 Tabs",154.96,8146,79058.92,PMO - US,"Aurobindo Unit III, India",Lamivudine,9.71,9/22/09,SCMS-50360,FPQ-3596,05-07-09,ARV,116-ZA-T30,29-Oct-09,Truck,Adult,60,0.16,S. BUYS WHOLESALER,DDP,Weight Captured Separately
86665,DN-3599,Generic,CÃte dIvoire,14-Apr-14,22-May-14,600/300/300mg,Tablet - FDC,No,See DN-3599 (ID#:84351),From RDC,"Efavirenz/Lamivudine/Tenofovir Disoproxil Fumarate 600/300/300mg, tablets, 30 Tabs",783.4,60200,633304.0,PMO - US,Hetero Unit III Hyderabad IN,Efavirenz/Lamivudine/Tenofovir Disoproxil Fumarate,10.52,N/A - From RDC,SO-46430,FPQ-12800,08-09-13,ARV,104-CI-T30,30-Apr-14,Truck,Adult,30,0.35,SCMS from RDC,N/A - From RDC,See DN-3599 (ID#:84351)
74178,ASN-22130,Generic,Uganda,28-Oct-13,30-Oct-13,200mg,Tablet,Yes,12034.96,Direct Drop,"Efavirenz 200mg, tablets, 30 Tabs",113.9,61386,92079.0,PMO - US,Mylan (formerly Matrix) Nashik,Efavirenz,1.5,6/14/13,SCMS-192040,FPQ-12309,5/17/13,ARV,114-UG-T30,28-Oct-13,Air,Pediatric,30,0.05,MYLAN LABORATORIES LTD (FORMERLY MATRIX LABORATORIES),EXW,3262
10905,DN-424,Generic,Zimbabwe,16-Nov-07,16-Nov-07,150/30mg,Tablet - FDC,Yes,598.08,From RDC,"Lamivudine/Stavudine 150/30mg, tablets, 30 Tabs",0,1,2.0,PMO - US,"Cipla, Goa, India",Lamivudine/Stavudine,2.0,N/A - From RDC,SO-1207,Pre-PQ Process,Pre-PQ Process,ARV,100-ZW-T01,16-Nov-07,Air,Adult,30,0.07,SCMS from RDC,N/A - From RDC,63
10539,DN-22,Generic,Nigeria,22-Feb-07,22-Feb-07,150/300+200mg,Tablet - FDC + co-blister,Yes,2921,From RDC,"Lamivudine/Zidovudine+Nevirapine 150/300+200mg, tablets, co-blister, 60+60 Tabs",MIssing,5151,105595.5,PMO - US,"Aspen-OSD, Port Elizabeth, SA",Lamivudine/Zidovudine+Nevirapine,20.5,N/A - From RDC,SO-328,Pre-PQ Process,Pre-PQ Process,ARV,112-NG-T01,22-Feb-07,MIssing,Adult,120,0.17,SCMS from RDC,N/A - From RDC,667
85254,DN-2624,Generic,Zambia,30-Apr-12,30-Apr-12,300mg,Tablet,No,See DN-2624 (ID#:83584),From RDC,"Zidovudine 300mg, tablets, 60 Tabs",1576.55,136109,955485.18,PMO - US,Hetero Unit III Hyderabad IN,Zidovudine,7.02,N/A - From RDC,SO-40955,FPQ-8476,9/27/11,ARV,110-ZM-T30,15-May-12,Truck,Adult,60,0.12,SCMS from RDC,N/A - From RDC,See DN-2624 (ID#:83584)
60104,ASN-5652,Trizivir,CÃte dIvoire,06-Jan-10,06-Jan-10,300/150/300mg,Tablet - FDC,Yes,1807.36,Direct Drop,"Abacavir/Lamivudine/Zidovudine 300/150/300mg [Trizivir], tablets, 60 Tabs",488.46,4640,249214.4,PMO - US,GSK Ware (UK),Abacavir/Lamivudine/Zidovudine,53.71,8/21/09,SCMS-51800,FPQ-3882,7/24/09,ARV,104-CI-T30,06-Jan-10,Air,Adult,60,0.9,GLAXOSMITHKLINE EXPORT LIMITED,CIP,685
61993,ASN-27821,Uni-Gold,Mozambique,08-Sep-14,09-Sep-14,MIssing,Test kit,Yes,16397.94,Direct Drop,"HIV 1/2, Uni-Gold HIV Kit, 20 Tests",271.75,8261,264352.0,PMO - US,"Trinity Biotech, Plc","HIV 1/2, Uni-Gold HIV Kit",32.0,7/30/14,SCMS-247350,FPQ-14294,5/15/14,HRDT,111-MZ-T30,08-Sep-14,Air,HIV test,20,1.6,"Trinity Biotech, Plc",EXW,298
1078,ASN-4502,Generic,South Africa,05-Jun-09,05-Jun-09,50mg,Capsule,Yes,Freight Included in Commodity Cost,Direct Drop,"Efavirenz 50mg, capsule, 30 Caps",32.62,5300,16642.0,PMO - US,"Aurobindo Unit III, India",Efavirenz,3.14,3/18/09,SCMS-41460,Pre-PQ Process,Pre-PQ Process,ARV,116-ZA-T01,25-Jun-09,Truck,Pediatric,30,0.1,S. BUYS WHOLESALER,DDP,Weight Captured Separately
60812,ASN-5487,Stocrin/Sustiva,Haiti,30-Nov-09,30-Nov-09,30mg/ml,Oral solution,Yes,290,Direct Drop,"Efavirenz 30mg/ml [Stocrin/Sustiva], oral solution, Bottle, 180 ml",6.38,192,3256.32,PMO - US,"MSD, Haarlem, NL",Efavirenz,16.96,8/19/09,SCMS-51120,FPQ-3948,7/29/09,ARV,106-HT-T30,30-Nov-09,Air,Pediatric,180,0.09,MERCK SHARP & DOHME IDEA GMBH (FORMALLY MERCK SHARP & DOHME B.V.),CIP,54
28838,ASN-8147,Generic,South Africa,04-Nov-10,04-Nov-10,150mg,Tablet,Yes,8256.97,Direct Drop,"Lamivudine 150mg, tablets, 60 Tabs",805.27,150000,373500.0,PMO - US,"Strides, Bangalore, India.",Lamivudine,2.49,6/17/10,SCMS-75560,FPQ-5648,06-02-10,ARV,161-ZA-T30,04-Nov-10,Ocean,Adult,60,0.04,STRIDES ARCOLAB LIMITED,DDP,7670
54952,ASN-6930,Generic,Ethiopia,21-May-10,21-May-10,250mg,Delayed-release capsules,Yes,1120.57,Direct Drop,"Didanosine 250mg, delayed-release capsules, 30 Caps",84.08,3000,39000.0,PMO - US,"Aurobindo Unit III, India",Didanosine,13.0,4/29/10,SCMS-72370,FPQ-5582,4/28/10,ARV,117-ET-T30,21-May-10,Air,Adult,30,0.43,Aurobindo Pharma Limited,EXW,201
78526,ASN-16882,Generic,Cameroon,02-Dec-12,02-Dec-12,150/300/200mg,Tablet - FDC,Yes,60840.32,Direct Drop,"Lamivudine/Nevirapine/Zidovudine 150/200/300mg, tablets, 60 Tabs",730.12,62219,520773.03,PMO - US,"Cipla, Goa, India",Lamivudine/Nevirapine/Zidovudine,8.37,10-05-12,SCMS-161700,FPQ-10654,9/20/12,ARV,900-CM-T30,02-Dec-12,Air,Adult,60,0.14,CIPLA LIMITED,EXW,8297
10641,DN-445,Generic,Haiti,22-Jan-08,22-Jan-08,150mg,Tablet,No,See DN-445 (ID#:10640),From RDC,"Lamivudine 150mg, tablets, 60 Tabs",24.32,5000,15200.0,PMO - US,"Aurobindo Unit III, India",Lamivudine,3.04,N/A - From RDC,SO-1288,Pre-PQ Process,Pre-PQ Process,ARV,106-HT-T01,22-Jan-08,Air,Adult,60,0.05,SCMS from RDC,N/A - From RDC,See DN-445 (ID#:10640)
85500,DN-3802,Generic,Rwanda,16-Jul-14,21-Jul-14,60/30mg,Tablet - FDC,Yes,961.06,From RDC,"Abacavir/Lamivudine 60/30mg, tablets, 60 Tabs",6.56,1419,6385.5,PMO - US,"Aurobindo Unit III, India",Abacavir/Lamivudine,4.5,N/A - From RDC,SO-48771,FPQ-14111,4/22/14,ARV,107-RW-T30,30-Sep-14,Truck,Pediatric,60,0.08,SCMS from RDC,N/A - From RDC,71
21061,ASN-5474,Invirase,Mozambique,23-Nov-09,23-Nov-09,200mg,Capsule,Yes,1242.33,Direct Drop,"Saquinavir 200mg [Invirase], capsules, 270 Caps",31.09,168,15864.66,PMO - US,Roche Basel,Saquinavir,94.43,09-03-09,SCMS-52430,FPQ-4108,8/20/09,ARV,111-MZ-T30,23-Nov-09,Air,Adult,270,0.35,Hoffmann-La Roche ltd Basel,FCA,86
61271,ASN-22983,Generic,Uganda,12-Dec-13,13-Dec-13,10mg/ml,Oral suspension,Yes,10898.12,Direct Drop,"Nevirapine 10mg/ml, oral suspension w/syringe, Bottle, 100 ml",17.75,11036,14346.8,PMO - US,"Aurobindo Unit III, India",Nevirapine,1.3,08-09-13,SCMS-202560,FPQ-12777,08-05-13,ARV,114-UG-T30,10-Dec-13,Air,Pediatric,100,0.01,Aurobindo Pharma Limited,EXW,2385
67634,ASN-28629,Intelence,South Africa,03-Oct-14,03-Oct-14,100mg,Tablet,Yes,Freight Included in Commodity Cost,Direct Drop,"Etravirine 100mg [Intelence], tablets, 120 Tabs",1.2,33,1168.83,PMO - US,"Janssen-Cilag, Latina, IT",Etravirine,35.42,10-03-14,SCMS-238554,FPQ-13973,4/30/14,ARV,116-ZA-T30,03-Oct-14,Truck,Adult,120,0.3,PHARMACY DIRECT,DDP,Weight Captured Separately
65621,ASN-14200,Stat-Pak,Ethiopia,27-Mar-12,27-Mar-12,MIssing,Test kit,Yes,529.4,Direct Drop,"HIV 1/2, Stat-Pak HIV, Kit, 20 Tests",1.79,44,1276.0,PMO - US,Chembio Diagnostics Sys. Inc.,"HIV 1/2, Stat-Pak HIV, Kit",29.0,1/23/12,SCMS-133360,FPQ-9096,01-05-12,HRDT,117-ET-T30,27-Mar-12,Air,HIV test,20,1.45,"CHEMBIO DIAGNOSTIC SYSTEMS, INC.",EXW,15
10965,DN-787,Truvada,Nigeria,04-Jul-08,04-Jul-08,300/200mg,Tablet - FDC,Yes,9904.65,From RDC,"Emtricitabine/Tenofovir Disoproxil Fumarate 200/300mg [Truvada], tablets, 30 Tabs",630,15000,393750.0,PMO - US,"Aspen-OSD, Port Elizabeth, SA",Emtricitabine/Tenofovir Disoproxil Fumarate,26.25,N/A - From RDC,SO-2680,Pre-PQ Process,Pre-PQ Process,ARV,132-NG-T01,04-Jul-08,Air,Adult,30,0.88,SCMS from RDC,N/A - From RDC,1365
66371,ASN-20858,Generic,Tanzania,24-Sep-13,24-Sep-13,150/300/200mg,Tablet - FDC,Yes,17907.7,Direct Drop,"Lamivudine/Nevirapine/Zidovudine 150/200/300mg, tablets, 60 Tabs",372.22,37012,300907.56,PMO - US,"Aurobindo Unit III, India",Lamivudine/Nevirapine/Zidovudine,8.13,7/16/13,SCMS-198780,FPQ-12540,07-03-13,ARV,109-TZ-T30,24-Sep-13,Air,Adult,60,0.14,Aurobindo Pharma Limited,EXW,4699
54840,ASN-17524,Determine,Nigeria,08-Jan-13,08-Jan-13,MIssing,Test kit,Yes,24927.19,Direct Drop,"HIV 1/2, Determine Complete HIV Kit, 100 Tests",342.39,2744,244216.0,PMO - US,"Alere Medical Co., Ltd.","HIV 1/2, Determine Complete HIV Kit",89.0,10/16/12,SCMS-162440,FPQ-10765,10-05-12,HRDT,133-NG-T30,09-Jan-13,Air,HIV test,100,0.89,"Orgenics, Ltd",EXW,1186
16848,ASN-24722,Determine,CÃte dIvoire,14-Mar-14,20-Mar-14,MIssing,Test kit,Yes,33029.82,Direct Drop,"HIV 1/2, Determine Complete HIV Kit, 100 Tests",485.22,5900,472000.0,PMO - US,"Alere Medical Co., Ltd.","HIV 1/2, Determine Complete HIV Kit",80.0,12-04-13,SCMS-215051,FPQ-13125,10/25/13,HRDT,104-CI-T30,14-Mar-14,Air,HIV test,100,0.8,"Orgenics, Ltd",EXW,2393
10229,ASN-3562,Generic,Vietnam,10-Apr-09,10-Apr-09,30mg,Capsule,No,See ASN-3562 (ID#:960),Direct Drop,"Stavudine 30mg, capsules, 60 Caps",63.74,22428,32520.6,PMO - US,"Aurobindo Unit III, India",Stavudine,1.45,1/16/09,SCMS-37170,Pre-PQ Process,Pre-PQ Process,ARV,108-VN-T01,10-Apr-09,Air,Adult,60,0.02,Aurobindo Pharma Limited,EXW,See ASN-3562 (ID#:960)
11884,DN-684,Stocrin/Sustiva,CÃte dIvoire,08-Apr-08,08-Apr-08,30mg/ml,Oral solution,Yes,1996.68,From RDC,"Efavirenz 30mg/ml [Stocrin/Sustiva], oral solution, Bottle, 180 ml",40.79,1503,25490.88,PMO - US,"MSD, Haarlem, NL",Efavirenz,16.96,N/A - From RDC,SO-2043,Pre-PQ Process,Pre-PQ Process,ARV,104-CI-T01,08-Apr-08,Air,Pediatric,180,0.09,SCMS from RDC,N/A - From RDC,608
83543,DN-2398,Generic,Zambia,15-Nov-11,15-Nov-11,200/300mg,Tablet - FDC,Yes,9346.8,From RDC,"Emtricitabine/Tenofovir Disoproxil Fumarate 200/300mg, tablets, 30 Tabs",385.7,26060,233758.2,PMO - US,"Aurobindo Unit III, India",Emtricitabine/Tenofovir Disoproxil Fumarate,8.97,N/A - From RDC,SO-40730,FPQ-8383,09-11-11,ARV,110-ZM-T30,03-Nov-11,Truck,Adult,30,0.3,SCMS from RDC,N/A - From RDC,2409
65548,ASN-12171,Generic,South Africa,25-Oct-11,25-Oct-11,600mg,Tablet,Yes,9951.38,Direct Drop,"Efavirenz 600mg, tablets, 30 Tabs",0.52,70,315.7,PMO - US,"Aurobindo Unit III, India",Efavirenz,4.51,3/24/11,SCMS-103510,FPQ-7175,03-10-11,ARV,161-ZA-T30,10-Oct-11,Ocean,Adult,30,0.15,Aurobindo Pharma Limited,DDP,6
7122,ASN-2243,Generic,Vietnam,11-Aug-08,11-Aug-08,30mg,Capsule,Yes,7444.35,Direct Drop,"Stavudine 30mg, capsules, 60 Caps",21.52,9275,13448.75,PMO - US,"Strides, Bangalore, India.",Stavudine,1.45,5/13/08,SCMS-23460,Pre-PQ Process,Pre-PQ Process,ARV,108-VN-T01,11-Aug-08,Air,Adult,60,0.02,STRIDES ARCOLAB LIMITED,EXW,432
11959,DN-933,Generic,Mozambique,14-Nov-08,14-Nov-08,600mg,Tablet,No,See DN-933 (ID#:10755),From RDC,"Efavirenz 600mg, tablets, 30 Tabs",88,5000,55000.0,PMO - US,"Aurobindo Unit III, India",Efavirenz,11.0,N/A - From RDC,SO-15090,Pre-PQ Process,Pre-PQ Process,ARV,111-MZ-T01,14-Nov-08,Air,Adult,30,0.37,SCMS from RDC,N/A - From RDC,See DN-933 (ID#:10755)
83648,DN-2995,Generic,Nigeria,11-Feb-13,11-Feb-13,600/200/300mg,Tablet - FDC,Yes,29780.5,From RDC,"Efavirenz/Emtricitabine/Tenofovir Disoproxil Fumarate 600/200/300mg, tablets, 30 Tabs",1896.13,98791,1352448.79,PMO - US,Mylan (formerly Matrix) Nashik,Efavirenz/Emtricitabine/Tenofovir Disoproxil Fumarate,13.69,N/A - From RDC,SO-43043,FPQ-10477,08-09-12,ARV,151-NG-T30,11-Feb-13,Air Charter,Adult,30,0.46,SCMS from RDC,N/A - From RDC,12135
12894,DN-1296,Crixivan,Nigeria,16-Jun-09,16-Jun-09,400mg,Capsule,No,See DN-1296 (ID#:10779),From RDC,"Indinavir 400mg [Crixivan], capsules, 180 Caps",39.2,400,20000.0,PMO - US,"MSD, Haarlem, NL",Indinavir,50.0,N/A - From RDC,SO-24481,Pre-PQ Process,Pre-PQ Process,ARV,123-NG-T01,16-Jun-09,Air Charter,Adult,180,0.28,SCMS from RDC,N/A - From RDC,See DN-1296 (ID#:10779)
35700,ASN-7430,Generic,South Africa,19-Jul-10,19-Jul-10,300mg,Tablet,Yes,916.22,Direct Drop,"Tenofovir Disoproxil Fumarate 300mg, tablets, 30 Tabs",18.71,1110,8680.2,PMO - US,"Cipla, Goa, India",Tenofovir Disoproxil Fumarate,7.82,3/19/10,SCMS-68711,FPQ-5303,3/18/10,ARV,161-ZA-T30,19-Jul-10,Air,Adult,30,0.26,CIPLA LIMITED,DDP,76
86023,DN-3435,Generic,Nigeria,26-Nov-13,05-Dec-13,30/60mg,Tablet - FDC,Yes,26340,From RDC,"Lamivudine/Zidovudine 30/60mg, tablets, 60 Tabs",17.89,6398,14459.48,PMO - US,"Aurobindo Unit III, India",Lamivudine/Zidovudine,2.26,N/A - From RDC,SO-47220,FPQ-12801,08-06-13,ARV,151-NG-T30,31-Jan-14,Air Charter,Pediatric,60,0.04,SCMS from RDC,N/A - From RDC,394
16098,ASN-31820,Generic,Haiti,03-Jul-15,13-Jul-15,60/30mg,Tablet - FDC,Yes,16028.78,Direct Drop,"Abacavir/Lamivudine 60/30mg, tablets, 60 Tabs",13.4,3300,13035.0,PMO - US,Mylan (formerly Matrix) Nashik,Abacavir/Lamivudine,3.95,12/24/14,SCMS-262840,FPQ-15038,10/22/14,ARV,106-HT-T30,03-Jul-15,Ocean,Pediatric,60,0.07,MYLAN LABORATORIES LTD (FORMERLY MATRIX LABORATORIES),EXW,16350
85446,DN-3576,Generic,Ghana,14-Mar-14,25-Apr-14,600mg,Tablet,No,See DN-3576 (ID#:83216),From RDC,"Efavirenz 600mg, tablets, 30 Tabs",85.57,24996,83236.68,PMO - US,"Strides, Bangalore, India.",Efavirenz,3.33,N/A - From RDC,SO-47940,FPQ-13609,2/19/14,ARV,105-GH-T30,20-Mar-14,Truck,Adult,30,0.11,SCMS from RDC,N/A - From RDC,See DN-3576 (ID#:83216)
84522,DN-1583,Generic,Zambia,14-Dec-09,14-Dec-09,200mg,Tablet,Yes,13844.72,From RDC,"Nevirapine 200mg, tablets, 60 Tabs",454.72,80000,232000.0,PMO - US,"Cipla, Goa, India",Nevirapine,2.9,N/A - From RDC,SO-34930,FPQ-4035,08-05-09,ARV,110-ZM-T30,15-Jan-10,Truck,Adult,60,0.05,SCMS from RDC,N/A - From RDC,8756
4722,ASN-2586,Uni-Gold,Namibia,08-Oct-08,08-Oct-08,MIssing,Test kit,Yes,7078.9,Direct Drop,"HIV 1/2, Uni-Gold HIV Kit, 20 Tests",33.28,650,20800.0,PMO - US,"Trinity Biotech, Plc","HIV 1/2, Uni-Gold HIV Kit",32.0,9/19/08,SCMS-30720,Pre-PQ Process,Pre-PQ Process,HRDT,119-NA-T01,08-Oct-08,Air,HIV test,20,1.6,"Trinity Biotech, Plc",EXW,220
11518,DN-481,Generic,Zambia,15-Jan-08,15-Jan-08,MIssing,Test kit - Ancillary,No,See DN-481 (ID#:10656),From RDC,"HIV, Lancet, Safety, for HIV Test kits, 100 Pcs",0.03,2100,21.0,PMO - US,Inverness Japan,"HIV, Lancet, Safety, for HIV Test kits, 100 Pcs",0.01,N/A - From RDC,SO-783,Pre-PQ Process,Pre-PQ Process,HRDT,110-ZM-T01,15-Jan-08,MIssing,HIV test - Ancillary,100,0.0,SCMS from RDC,N/A - From RDC,See DN-481 (ID#:10656)
73607,ASN-4980,Norvir,CÃte dIvoire,16-Oct-09,16-Oct-09,100mg,Capsule,Yes,8956.05,Direct Drop,"Ritonavir 100mg [Norvir], capsules, cool, 4 x 84 Caps",22.56,300,11508.0,PMO - US,ABBVIE (Abbott) France,Ritonavir,38.36,8/24/09,SCMS-51820,FPQ-3882,7/24/09,ARV,104-CI-T30,16-Oct-09,Air,Adult,336,0.11,ABBVIE LOGISTICS (FORMERLY ABBOTT LOGISTICS BV),FCA,546
43390,ASN-10855,Ziagen,South Africa,12-Aug-11,12-Aug-11,20mg/ml,Oral solution,Yes,27372.24,Direct Drop,"Abacavir 20mg/ml [Ziagen], oral solution, Bottle, 240 ml",991.98,60000,601200.0,PMO - US,GSK Mississauga (Canada),Abacavir,10.02,12-06-10,SCMS-93440,FPQ-6708,11/26/10,ARV,161-ZA-T30,12-Aug-11,Air,Pediatric,240,0.04,GLAXOSMITHKLINE EXPORT LIMITED,DDP,22956
22312,ASN-24629,Prezista,Haiti,24-Feb-14,25-Feb-14,300mg,Tablet,Yes,Freight Included in Commodity Cost,Direct Drop,"Darunavir 300mg [Prezista], tablets, 120 Tabs",1.81,22,1465.2,PMO - US,"Janssen Ortho LLC, Puerto Rico",Darunavir,66.6,10/23/13,SCMS-210500,FPQ-12590,8/21/13,ARV,106-HT-T30,24-Feb-14,Air,Adult,120,0.55,ETHNOR DEL ISTMO S.A.,CIP,Weight Captured Separately
10809,DN-6,Generic,Rwanda,01-Feb-07,01-Feb-07,300mg,Tablet,Yes,913.15,From RDC,"Abacavir 300mg, tablets, 60 Tabs",MIssing,600,21480.0,PMO - US,"Aurobindo Unit III, India",Abacavir,35.8,N/A - From RDC,SO-249,Pre-PQ Process,Pre-PQ Process,ARV,107-RW-T01,01-Feb-07,Air,Adult,60,0.6,SCMS from RDC,N/A - From RDC,55
1283,ASN-273,Generic,Vietnam,14-Mar-07,14-Mar-07,30mg,Capsule,Yes,42453.21,Direct Drop,"Stavudine 30mg, capsules, 60 Caps",MIssing,95500,144205.0,PMO - US,"Strides, Bangalore, India.",Stavudine,1.51,11/15/06,SCMS-170,Pre-PQ Process,Pre-PQ Process,ARV,108-VN-T01,14-Mar-07,Air,Adult,60,0.03,STRIDES ARCOLAB LIMITED,EXW,9170
12176,DN-835,Generic,Uganda,04-Aug-08,04-Aug-08,150/300/200mg,Tablet - FDC,Yes,3182.52,From RDC,"Lamivudine/Nevirapine/Zidovudine 150/200/300mg, tablets, 60 Tabs",155.03,7296,96890.88,PMO - US,"Aurobindo Unit III, India",Lamivudine/Nevirapine/Zidovudine,13.28,N/A - From RDC,SO-2675,Pre-PQ Process,Pre-PQ Process,ARV,114-UG-T01,04-Aug-08,Air,Adult,60,0.22,SCMS from RDC,N/A - From RDC,824
84422,DN-3975,Generic,"Congo, DRC",18-Feb-15,23-Feb-15,30/60mg,Chewable/dispersible tablet - FDC,No,See DN-3975 (ID#:82748),From RDC,"Lamivudine/Zidovudine 30/60mg, dispersible tablets, 60 Tabs",1.64,800,1592.0,PMO - US,"Cipla, Goa, India",Lamivudine/Zidovudine,1.99,N/A - From RDC,SO-49290,FPQ-14576,7/14/14,ARV,101-CD-T30,30-Jan-15,Air,Pediatric,60,0.03,SCMS from RDC,N/A - From RDC,See DN-3975 (ID#:82748)
40498,ASN-6453,Stocrin/Sustiva,CÃte dIvoire,16-Apr-10,16-Apr-10,30mg/ml,Oral solution,Yes,2454.99,Direct Drop,"Efavirenz 30mg/ml [Stocrin/Sustiva], oral solution, Bottle, 180 ml",118.31,3559,60360.64,PMO - US,"MSD, Haarlem, NL",Efavirenz,16.96,11/17/09,SCMS-57380,FPQ-4381,11-05-09,ARV,104-CI-T30,16-Apr-10,Air,Pediatric,180,0.09,MERCK SHARP & DOHME IDEA GMBH (FORMALLY MERCK SHARP & DOHME B.V.),CIP,1061
85647,DN-1590,Generic,Haiti,17-Dec-09,17-Dec-09,1mg/ml,Oral solution,No,See DN-1590 (ID#:83388),From RDC,"Stavudine 1mg/ml, powder for oral solution, 200 ml",0.75,250,350.0,PMO - US,"Aurobindo Unit III, India",Stavudine,1.4,N/A - From RDC,SO-34720,FPQ-4384,10/23/09,ARV,106-HT-T30,25-Dec-09,Air Charter,Pediatric,200,0.01,SCMS from RDC,N/A - From RDC,See DN-1590 (ID#:83388)
51148,ASN-9118,Generic,Vietnam,22-Dec-10,22-Dec-10,150/300/200mg,Tablet - FDC,No,See ASN-9118 (ID#:42125),Direct Drop,"Lamivudine/Nevirapine/Zidovudine 150/200/300mg, tablets, 60 Tabs",592.9,25000,275000.0,PMO - US,"Strides, Bangalore, India.",Lamivudine/Nevirapine/Zidovudine,11.0,10/15/10,SCMS-87730,FPQ-6384,9/30/10,ARV,108-VN-T30,22-Dec-10,Air,Adult,60,0.18,STRIDES ARCOLAB LIMITED,EXW,See ASN-9118 (ID#:42125)
12896,DN-1305,Generic,Mozambique,20-Aug-09,20-Aug-09,200mg,Tablet,Yes,2342.92,From RDC,"Nevirapine 200mg, tablets, 60 Tabs",58.39,9310,29792.0,PMO - US,Hetero Unit III Hyderabad IN,Nevirapine,3.2,N/A - From RDC,SO-32110,Pre-PQ Process,Date Not Captured,ARV,111-MZ-T01,20-Aug-09,Air,Adult,60,0.05,SCMS from RDC,N/A - From RDC,376
71388,ASN-10572,Generic,South Africa,13-Jun-11,13-Jun-11,300mg,Tablet,Yes,8809.05,Direct Drop,"Tenofovir Disoproxil Fumarate 300mg, tablets, 30 Tabs",1.1,100,665.0,PMO - US,"Aurobindo Unit III, India",Tenofovir Disoproxil Fumarate,6.65,12/14/10,SCMS-93540,FPQ-6708,11/26/10,ARV,161-ZA-T30,31-May-11,Ocean,Adult,30,0.22,Aurobindo Pharma Limited,DDP,11
10847,DN-240,Generic,CÃte dIvoire,16-Jul-07,16-Jul-07,300mg,Tablet,Yes,1850,From RDC,"Abacavir 300mg, tablets, 60 Tabs",60.2,1051,37625.8,PMO - US,"Aurobindo Unit III, India",Abacavir,35.8,N/A - From RDC,SO-522,Pre-PQ Process,Pre-PQ Process,ARV,104-CI-T01,16-Jul-07,MIssing,Adult,60,0.6,SCMS from RDC,N/A - From RDC,373
83095,DN-2942,Generic,Zimbabwe,11-Dec-12,11-Dec-12,30/6mg,Chewable/dispersible tablet - FDC,No,See DN-2942 (ID#:82530),From RDC,"Lamivudine/Stavudine 30/6mg, dispersible tablets, 60 Tabs",24.55,9215,17508.5,PMO - US,"Cipla, Goa, India",Lamivudine/Stavudine,1.9,N/A - From RDC,SO-42220,FPQ-9907,5/15/12,ARV,103-ZW-T30,14-Dec-12,Truck,Pediatric,60,0.03,SCMS from RDC,N/A - From RDC,See DN-2942 (ID#:82530)
85078,DN-1571,Generic,Nigeria,18-Dec-09,18-Dec-09,600mg,Tablet,Yes,11637.64,From RDC,"Efavirenz 600mg, tablets, 30 Tabs",1.9,168,971.04,PMO - US,"Aurobindo Unit III, India",Efavirenz,5.78,N/A - From RDC,SO-32982,FPQ-4040,7/29/09,ARV,112-NG-T30,18-Dec-09,Air Charter,Adult,30,0.19,SCMS from RDC,N/A - From RDC,15
82881,DN-1785,Generic,Nigeria,18-May-10,18-May-10,600mg,Tablet,Yes,9736.1,From RDC,"Efavirenz 600mg, tablets, 30 Tabs",149.52,14600,69350.0,PMO - US,"Aurobindo Unit III, India",Efavirenz,4.75,N/A - From RDC,SO-36001,FPQ-4537,11-06-09,ARV,151-NG-T30,31-May-10,Air Charter,Adult,30,0.16,SCMS from RDC,N/A - From RDC,1288
82487,DN-2729,Generic,Nigeria,09-Jul-12,09-Jul-12,600mg,Tablet,Yes,21347.13,From RDC,"Efavirenz 600mg, tablets, 30 Tabs",267.08,50000,190500.0,PMO - US,Hetero Unit III Hyderabad IN,Efavirenz,3.81,N/A - From RDC,SO-41682,FPQ-9432,03-01-12,ARV,151-NG-T30,02-Aug-12,Air Charter,Adult,30,0.13,SCMS from RDC,N/A - From RDC,4944
11339,DN-1335,Generic,CÃte dIvoire,16-Jul-09,16-Jul-09,15mg,Capsule,No,See DN-1335 (ID#:11338),From RDC,"Stavudine 15mg, capsules, 60 Caps",0.87,296,444.0,PMO - US,"Aurobindo Unit III, India",Stavudine,1.5,N/A - From RDC,SO-32250,Pre-PQ Process,Date Not Captured,ARV,104-CI-T01,16-Jul-09,Air,Adult,60,0.02,SCMS from RDC,N/A - From RDC,See DN-1335 (ID#:11338)
82725,DN-3871,Generic,South Sudan,16-Dec-14,17-Dec-14,30/50/60mg,Chewable/dispersible tablet - FDC,Yes,11705.87,From RDC,"Lamivudine/Nevirapine/Zidovudine 30/50/60mg, [DON] dispersible tablets, 60 Tabs",0,6459,0.0,PMO - US,"Cipla, Goa, India",Lamivudine/Nevirapine/Zidovudine,0.0,N/A - From RDC,SO-49260,FPQ-14556,07-02-14,ARV,103-SS-T30,30-Jan-15,Air,Pediatric,60,0.0,SCMS from RDC,N/A - From RDC,565
82784,DN-4162,Generic,Rwanda,24-Mar-15,24-Mar-15,600/300/300mg,Tablet - FDC,No,See DN-4162 (ID#:82783),From RDC,"Efavirenz/Lamivudine/Tenofovir Disoproxil Fumarate 600/300/300mg, tablets, 30 Tabs",804.87,81557,782947.2,PMO - US,Mylan (formerly Matrix) Nashik,Efavirenz/Lamivudine/Tenofovir Disoproxil Fumarate,9.6,N/A - From RDC,SO-49940,FPQ-14811,10/15/14,ARV,107-RW-T30,31-Mar-15,Truck,Adult,30,0.32,SCMS from RDC,N/A - From RDC,See DN-4162 (ID#:82783)
85911,DN-2911,Generic,Mozambique,14-Nov-12,14-Nov-12,150/300mg,Tablet - FDC,Yes,6323.1,From RDC,"Lamivudine/Zidovudine 150/300mg, tablets, 60 Tabs",267.69,24732,190931.04,PMO - US,Hetero Unit III Hyderabad IN,Lamivudine/Zidovudine,7.72,N/A - From RDC,SO-42821,FPQ-10210,6/28/12,ARV,111-MZ-T30,30-Nov-12,Truck,Adult,60,0.13,SCMS from RDC,N/A - From RDC,2143
26965,ASN-29012,Norvir,Uganda,08-Nov-14,12-Nov-14,100mg,Tablet,Yes,800,Direct Drop,"Ritonavir 100mg [Norvir], film coated tablets, 60 Tabs",4.08,579,3966.15,PMO - US,ABBVIE Ludwigshafen Germany,Ritonavir,6.85,6/23/14,SCMS-244370,FPQ-14325,5/26/14,ARV,114-UG-T30,08-Nov-14,Air,Adult,60,0.11,ABBVIE LOGISTICS (FORMERLY ABBOTT LOGISTICS BV),FCA,83
52241,ASN-12036,Generic,Vietnam,19-Oct-11,19-Oct-11,300mg,Tablet,Yes,7878.43,Direct Drop,"Tenofovir Disoproxil Fumarate 300mg, tablets, 30 Tabs",99,10000,60000.0,PMO - US,Hetero Unit III Hyderabad IN,Tenofovir Disoproxil Fumarate,6.0,4/14/11,SCMS-105550,FPQ-7427,3/31/11,ARV,108-VN-T30,19-Oct-11,Air,Adult,30,0.2,HETERO LABS LIMITED,EXW,865
20894,ASN-14408,Generic,Haiti,22-Apr-12,22-Apr-12,200/50mg,Tablet,No,See ASN-14408 (ID#:16232),Direct Drop,"Lopinavir/Ritonavir 200/50mg, tablets, 120 Tabs",220.39,5240,157200.0,PMO - US,"Aurobindo Unit III, India",Lopinavir/Ritonavir,30.0,2/24/12,SCMS-138580,FPQ-9066,01-06-12,ARV,106-HT-T30,22-Apr-12,Air,Adult,120,0.25,Aurobindo Pharma Limited,EXW,See ASN-14408 (ID#:16232)
4100,ASN-823,Stat-Pak,CÃte dIvoire,25-Oct-07,25-Oct-07,MIssing,Test kit,Yes,1711.86,Direct Drop,"HIV 1/2, Stat-Pak HIV, Kit, 20 Tests",10.8,250,6750.0,PMO - US,Chembio Diagnostics Sys. Inc.,"HIV 1/2, Stat-Pak HIV, Kit",27.0,9/18/07,SCMS-12370,Pre-PQ Process,Pre-PQ Process,HRDT,104-CI-T01,25-Oct-07,Air,HIV test,20,1.35,"CHEMBIO DIAGNOSTIC SYSTEMS, INC.",EXW,68
82069,ASN-7373,Generic,South Africa,31-May-10,31-May-10,30mg,Capsule,No,Freight Included in Commodity Cost,Direct Drop,"Stavudine 30mg, capsules, 60 Caps",19.92,2000,9240.04,PMO - US,"Aurobindo Unit III, India",Stavudine,4.62,4/21/10,SCMS-71370,FPQ-5535,4/19/10,ARV,116-ZA-T30,31-May-10,Truck,Adult,60,0.08,S. BUYS WHOLESALER,DDP,Weight Captured Separately
82383,DN-2223,Generic,Zimbabwe,30-Jun-11,30-Jun-11,600mg,Tablet,Yes,4428.06,From RDC,"Efavirenz 600mg, tablets, 30 Tabs",59.81,6392,27741.28,PMO - US,"Aurobindo Unit III, India",Efavirenz,4.34,N/A - From RDC,SO-37860,FPQ-6470,10/13/10,ARV,113-ZW-T30,31-May-11,Truck,Adult,30,0.14,SCMS from RDC,N/A - From RDC,571
86411,DN-2344,Generic,Uganda,26-Sep-11,26-Sep-11,600mg,Tablet,No,See DN-2344 (ID#:85789),From RDC,"Efavirenz 600mg, tablets, 30 Tabs",18.72,2688,11343.36,PMO - US,"Strides, Bangalore, India.",Efavirenz,4.22,N/A - From RDC,SO-38803,FPQ-7162,2/14/11,ARV,114-UG-T30,30-Sep-11,Truck,Adult,30,0.14,SCMS from RDC,N/A - From RDC,See DN-2344 (ID#:85789)
84595,DN-2026,Generic,Uganda,25-Oct-10,25-Oct-10,150/300/200mg,Tablet - FDC,No,See DN-2026 (ID#:84047),From RDC,"Lamivudine/Nevirapine/Zidovudine 150/200/300mg, tablets, 60 Tabs",772.45,31932,358277.04,PMO - US,"Aurobindo Unit III, India",Lamivudine/Nevirapine/Zidovudine,11.22,N/A - From RDC,SO-37460,FPQ-6403,9/16/10,ARV,102-UG-T30,20-Oct-10,Air,Adult,60,0.19,SCMS from RDC,N/A - From RDC,See DN-2026 (ID#:84047)
48044,ASN-19143,Determine,South Sudan,16-Aug-13,16-Aug-13,MIssing,Test kit,No,See ASN-19143 (ID#:26345),Direct Drop,"HIV 1/2, Determine Complete HIV Kit, 100 Tests",22.46,204,18156.0,PMO - US,"Alere Medical Co., Ltd.","HIV 1/2, Determine Complete HIV Kit",89.0,2/27/13,SCMS-178030,FPQ-11623,02-08-13,HRDT,900-SS-T30,16-Aug-13,Air,HIV test,100,0.89,"Orgenics, Ltd",EXW,See ASN-19143 (ID#:26345)
50498,ASN-29764,Generic,South Africa,10-Dec-14,10-Dec-14,10mg/ml,Oral solution,No,Freight Included in Commodity Cost,Direct Drop,"Lamivudine 10mg/ml, oral solution, Bottle, 240 ml",0.27,36,228.01,PMO - US,"Aurobindo Unit III, India",Lamivudine,6.33,12-10-14,SCMS-267020,FPQ-15269,10/29/14,ARV,116-ZA-T30,10-Dec-14,Truck,Pediatric,240,0.03,S. BUYS WHOLESALER,DDP,Weight Captured Separately
83739,DN-3432,Generic,Zambia,24-Jan-14,31-Jan-14,600/200/300mg,Tablet - FDC,Yes,34019.61,From RDC,"Efavirenz/Emtricitabine/Tenofovir Disoproxil Fumarate 600/200/300mg, tablets, 30 Tabs",4093.32,269030,3309069.0,PMO - US,"Aurobindo Unit VII, IN",Efavirenz/Emtricitabine/Tenofovir Disoproxil Fumarate,12.3,N/A - From RDC,SO-45080,FPQ-12066,4/19/13,ARV,110-ZM-T30,24-Jan-14,Truck,Adult,30,0.41,SCMS from RDC,N/A - From RDC,30923
7091,ASN-1832,Uni-Gold,Botswana,03-Jul-08,03-Jul-08,MIssing,Test kit,Yes,2442.32,Direct Drop,"HIV 1/2, Uni-Gold HIV Kit, 20 Tests",25.6,500,16000.0,PMO - US,"Trinity Biotech, Plc","HIV 1/2, Uni-Gold HIV Kit",32.0,4/28/08,SCMS-22680,Pre-PQ Process,Pre-PQ Process,HRDT,102-BW-T01,03-Jul-08,Air,HIV test,20,1.6,"Trinity Biotech, Plc",EXW,500
57747,ASN-16346,Generic,Haiti,04-Oct-12,04-Oct-12,50mg,Chewable/dispersible tablet,Yes,1887.58,Direct Drop,"Nevirapine 50mg, dispersible tablets (tablets for oral suspension), 30 Tabs",5.07,2891,3613.75,PMO - US,"Aurobindo Unit III, India",Nevirapine,1.25,07-12-12,SCMS-152710,FPQ-9635,5/14/12,ARV,106-HT-T30,04-Oct-12,Air,Pediatric,30,0.04,Aurobindo Pharma Limited,EXW,156
11666,DN-1349,Truvada,Nigeria,04-Aug-09,04-Aug-09,300/200mg,Tablet - FDC,Yes,7445.8,From RDC,"Emtricitabine/Tenofovir Disoproxil Fumarate 200/300mg [Truvada], tablets, 30 Tabs",44.92,873,22916.25,PMO - US,"Aspen-OSD, Port Elizabeth, SA",Emtricitabine/Tenofovir Disoproxil Fumarate,26.25,N/A - From RDC,SO-27814,Pre-PQ Process,Date Not Captured,ARV,151-NG-T01,04-Aug-09,Air Charter,Adult,30,0.88,SCMS from RDC,N/A - From RDC,76
82432,DN-2493,Generic,"Congo, DRC",14-Feb-12,14-Feb-12,150/300mg,Tablet - FDC,Yes,456.17,From RDC,"Lamivudine/Zidovudine 150/300mg, tablets, 60 Tabs",1.12,97,801.22,PMO - US,"Aurobindo Unit III, India",Lamivudine/Zidovudine,8.26,N/A - From RDC,SO-41131,FPQ-8840,11/21/11,ARV,101-CD-T30,16-Mar-12,Air,Adult,60,0.14,SCMS from RDC,N/A - From RDC,46
85747,DN-2133,Generic,Uganda,22-Mar-11,22-Mar-11,300mg,Tablet,Yes,10648.62,From RDC,"Zidovudine 300mg, tablets, 60 Tabs",118.96,10000,72100.0,PMO - US,"Aurobindo Unit III, India",Zidovudine,7.21,N/A - From RDC,SO-38880,FPQ-7166,02-11-11,ARV,114-UG-T30,11-Mar-11,Air,Adult,60,0.12,SCMS from RDC,N/A - From RDC,1108
82283,DN-1601,Generic,Uganda,22-Jan-10,22-Jan-10,150/300/200mg,Tablet - FDC,Yes,1311,From RDC,"Lamivudine/Nevirapine/Zidovudine 150/200/300mg, tablets, 60 Tabs",1.3,59,661.98,PMO - US,Mylan (formerly Matrix) Nashik,Lamivudine/Nevirapine/Zidovudine,11.22,N/A - From RDC,SO-35160,FPQ-4275,9/17/09,ARV,114-UG-T30,15-Jan-10,Air,Adult,60,0.19,SCMS from RDC,N/A - From RDC,12
83030,DN-2648,Generic,Dominican Republic,09-May-12,09-May-12,300/300mg,Tablet - FDC,Yes,1857.04,From RDC,"Lamivudine/Tenofovir Disoproxil Fumarate 300/300mg, tablets, 30 Tabs",6.58,847,4692.38,PMO - US,"Aurobindo Unit VII, IN",Lamivudine/Tenofovir Disoproxil Fumarate,5.54,N/A - From RDC,SO-41871,FPQ-9676,04-09-12,ARV,102-DO-T30,21-May-12,Air,Adult,30,0.18,SCMS from RDC,N/A - From RDC,85
26410,ASN-5204,Uni-Gold,Namibia,27-Oct-09,27-Oct-09,MIssing,Test kit,Yes,8858.67,Direct Drop,"HIV 1/2, Uni-Gold HIV Kit, 20 Tests",62.72,1000,32000.0,PMO - US,"Trinity Biotech, Plc","HIV 1/2, Uni-Gold HIV Kit",32.0,09-11-09,SCMS-53270,FPQ-4186,09-03-09,HRDT,119-NA-T30,27-Oct-09,Air,HIV test,20,1.6,"Trinity Biotech, Plc",EXW,345
86562,DN-3110,Generic,Mozambique,20-Jun-13,20-Jun-13,300mg,Tablet,No,See DN-3110 (ID#:84809),From RDC,"Zidovudine 300mg, tablets, 60 Tabs",1.49,184,1203.36,PMO - US,"Cipla, Goa, India",Zidovudine,6.54,N/A - From RDC,SO-44830,FPQ-11882,3/19/13,ARV,111-MZ-T30,06-Jun-13,Truck,Adult,60,0.11,SCMS from RDC,N/A - From RDC,See DN-3110 (ID#:84809)
39226,ASN-31070,Generic,South Africa,09-Mar-15,09-Mar-15,300mg,Tablet,No,Freight Included in Commodity Cost,Direct Drop,"Abacavir 300mg, tablets, 60 Tabs",0.26,5,249.26,PMO - US,"Aurobindo Unit III, India",Abacavir,49.85,03-09-15,SCMS-259074,FPQ-14942,09-11-14,ARV,116-ZA-T30,09-Mar-15,Truck,Adult,60,0.83,PHARMACY DIRECT,DDP,Weight Captured Separately
12485,DN-689,Generic,Zambia,03-Apr-08,03-Apr-08,150/300mg,Tablet - FDC,Yes,2891.6,From RDC,"Lamivudine/Zidovudine 150/300mg, tablets, 60 Tabs",100.27,6597,62671.5,PMO - US,"Aurobindo Unit III, India",Lamivudine/Zidovudine,9.5,N/A - From RDC,SO-1992,Pre-PQ Process,Pre-PQ Process,ARV,110-ZM-T01,03-Apr-08,Air,Adult,60,0.16,SCMS from RDC,N/A - From RDC,617
83780,DN-3620,Generic,Nigeria,20-Apr-14,02-May-14,600/300/300mg,Tablet - FDC,Yes,29674.92,From RDC,"Efavirenz/Lamivudine/Tenofovir Disoproxil Fumarate 600/300/300mg, tablets, 30 Tabs",543.35,40409,439245.83,PMO - US,Hetero Unit III Hyderabad IN,Efavirenz/Lamivudine/Tenofovir Disoproxil Fumarate,10.87,N/A - From RDC,SO-45666,FPQ-12248,05-06-13,ARV,151-NG-T30,15-Apr-14,Air Charter,Adult,30,0.36,SCMS from RDC,N/A - From RDC,5977
11089,DN-17,Generic,Mozambique,09-Jan-07,09-Jan-07,150/300+300mg,Tablet - FDC + co-blister,No,See DN-17 (ID#:10541),From RDC,"Lamivudine/Zidovudine+Abacavir 150/300+300mg, tablets, co-blister, 60+60 Tabs",MIssing,1217,69429.85,PMO - US,"Aurobindo Unit III, India",Lamivudine/Zidovudine+Abacavir,57.05,N/A - From RDC,SO-324,Pre-PQ Process,Pre-PQ Process,ARV,111-MZ-T01,09-Jan-07,Air,Adult,120,0.48,SCMS from RDC,N/A - From RDC,See DN-17 (ID#:10541)
84677,DN-2385,Generic,Zambia,04-Nov-11,04-Nov-11,600mg,Tablet,Yes,10370.59,From RDC,"Efavirenz 600mg, tablets, 30 Tabs",520.16,72974,315247.68,PMO - US,"Strides, Bangalore, India.",Efavirenz,4.32,N/A - From RDC,SO-38730,FPQ-7085,02-03-11,ARV,110-ZM-T30,31-Oct-11,Truck,Adult,30,0.14,SCMS from RDC,N/A - From RDC,4471
85223,DN-2497,Generic,"Congo, DRC",14-Feb-12,14-Feb-12,200/50mg,Tablet,No,See DN-2497 (ID#:82435),From RDC,"Lopinavir/Ritonavir 200/50mg, tablets, 120 Tabs",0.43,9,303.66,PMO - US,"Aurobindo Unit III, India",Lopinavir/Ritonavir,33.74,N/A - From RDC,SO-41135,FPQ-8840,11/21/11,ARV,101-CD-T30,16-Mar-12,Air,Adult,120,0.28,SCMS from RDC,N/A - From RDC,See DN-2497 (ID#:82435)
33807,ASN-21068,Generic,Haiti,11-Sep-13,11-Sep-13,100/25mg,Tablet,Yes,1259.05,Direct Drop,"Lopinavir/Ritonavir 100/25mg [Aluvia], tablets, 60 Tabs",4.5,612,3635.28,PMO - US,ABBVIE Ludwigshafen Germany,Lopinavir/Ritonavir,5.94,02-05-13,SCMS-176360,FPQ-11287,1/16/13,ARV,106-HT-T30,11-Sep-13,Air,Pediatric,60,0.1,ABBVIE LOGISTICS (FORMERLY ABBOTT LOGISTICS BV),FCA,76
86465,DN-2605,Generic,Zimbabwe,10-Apr-12,10-Apr-12,150/300/200mg,Tablet - FDC,No,See DN-2605 (ID#:82467),From RDC,"Lamivudine/Nevirapine/Zidovudine 150/200/300mg, tablets, 60 Tabs",210.07,11574,127314.0,PMO - US,"Aurobindo Unit III, India",Lamivudine/Nevirapine/Zidovudine,11.0,N/A - From RDC,SO-40850,FPQ-8464,10-04-11,ARV,113-ZW-T30,13-Apr-12,Truck,Adult,60,0.18,SCMS from RDC,N/A - From RDC,See DN-2605 (ID#:82467)
12854,DN-861,Generic,Zambia,20-Aug-08,20-Aug-08,600mg,Tablet,No,See DN-861 (ID#:11013),From RDC,"Efavirenz 600mg, tablets, 30 Tabs",960.8,50000,600500.0,PMO - US,Mylan (formerly Matrix) Nashik,Efavirenz,12.01,N/A - From RDC,SO-2479,Pre-PQ Process,Pre-PQ Process,ARV,110-ZM-T01,20-Aug-08,Truck,Adult,30,0.4,SCMS from RDC,N/A - From RDC,See DN-861 (ID#:11013)
72425,ASN-31854,Generic,South Africa,28-Apr-15,28-Apr-15,200/300mg,Tablet - FDC,No,Freight Included in Commodity Cost,Direct Drop,"Emtricitabine/Tenofovir Disoproxil Fumarate 200/300mg, tablets, 30 Tabs",0.06,2,60.42,PMO - US,"Aurobindo Unit III, India",Emtricitabine/Tenofovir Disoproxil Fumarate,30.21,4/28/15,SCMS-238556,FPQ-13973,4/30/14,ARV,116-ZA-T30,28-Apr-15,Truck,Adult,30,1.01,PHARMACY DIRECT,DDP,Weight Captured Separately
85133,DN-1949,Generic,Uganda,02-Aug-10,02-Aug-10,600mg,Tablet,No,See DN-1949 (ID#:83444),From RDC,"Efavirenz 600mg, tablets, 30 Tabs",28.78,3000,13350.0,PMO - US,"Strides, Bangalore, India.",Efavirenz,4.45,N/A - From RDC,SO-36070,FPQ-5238,03-02-10,ARV,114-UG-T30,04-Aug-10,Air,Adult,30,0.15,SCMS from RDC,N/A - From RDC,See DN-1949 (ID#:83444)
50581,ASN-11400,Determine,Zambia,25-Jul-11,25-Jul-11,MIssing,Test kit,Yes,24400.67,Direct Drop,"HIV 1/2, Determine Complete HIV Kit, 100 Tests",374.22,2835,226800.0,PMO - US,Inverness Japan,"HIV 1/2, Determine Complete HIV Kit",80.0,4/21/11,SCMS-106740,FPQ-7439,04-01-11,HRDT,110-ZM-T30,22-Jul-11,Air,HIV test,100,0.8,"Orgenics, Ltd",EXW,1094
22477,ASN-28482,Generic,Namibia,22-Oct-14,22-Oct-14,300/300mg,Tablet - FDC,Yes,12463.74,Direct Drop,"Lamivudine/Tenofovir Disoproxil Fumarate 300/300mg, tablets, 30 Tabs",117.18,24672,113984.64,PMO - US,Hetero Unit III Hyderabad IN,Lamivudine/Tenofovir Disoproxil Fumarate,4.62,8/14/14,SCMS-252640,FPQ-14728,7/30/14,ARV,901-NA-T30,22-Oct-14,Air,Adult,30,0.15,HETERO LABS LIMITED,EXW,2631
6517,ASN-4420,Generic,Vietnam,10-Jul-09,10-Jul-09,30mg,Capsule,No,See ASN-4420 (ID#:1183),Direct Drop,"Stavudine 30mg, capsules, 60 Caps",17.19,6048,8769.6,PMO - US,"Aurobindo Unit III, India",Stavudine,1.45,4/29/09,SCMS-45080,Pre-PQ Process,Pre-PQ Process,ARV,108-VN-T01,10-Jul-09,Air,Adult,60,0.02,Aurobindo Pharma Limited,EXW,See ASN-4420 (ID#:1183)
5796,ASN-2335,Generic,Vietnam,20-Sep-08,20-Sep-08,150mg,Tablet,Yes,7884.8,Direct Drop,"Lamivudine 150mg, tablets, 60 Tabs",39.84,9576,24897.6,PMO - US,Mylan (formerly Matrix) Nashik,Lamivudine,2.6,5/13/08,SCMS-23440,Pre-PQ Process,Pre-PQ Process,ARV,108-VN-T01,20-Sep-08,Air,Adult,60,0.04,MYLAN LABORATORIES LTD (FORMERLY MATRIX LABORATORIES),EXW,889
8407,ASN-1786,Determine,Nigeria,28-May-08,28-May-08,MIssing,Test kit,Yes,3748.24,Direct Drop,"HIV 1/2, Determine HIV Kit, without Lancets, 100 Tests",144.62,1130,90388.7,PMO - US,Inverness Japan,"HIV 1/2, Determine HIV Kit, without Lancets",79.99,Date Not Captured,SCMS-21580,Pre-PQ Process,Pre-PQ Process,HRDT,102-NG-T01,28-May-08,Air,HIV test,100,0.8,"Orgenics, Ltd",EXW,258
30629,ASN-16930,Determine,Nigeria,08-Nov-12,08-Nov-12,MIssing,Test kit,Yes,7444.13,Direct Drop,"HIV 1/2, Determine Complete HIV Kit, 100 Tests",76.61,614,54646.0,PMO - US,"Alere Medical Co., Ltd.","HIV 1/2, Determine Complete HIV Kit",89.0,8/13/12,SCMS-155320,FPQ-10349,7/17/12,HRDT,133-NG-T30,06-Nov-12,Air,HIV test,100,0.89,"Orgenics, Ltd",EXW,295
22531,ASN-5683,Generic,Vietnam,07-Jan-10,07-Jan-10,150/200/30mg,Tablet - FDC,Yes,12423.96,Direct Drop,"Lamivudine/Nevirapine/Stavudine 150/200/30mg, tablets, 60 Tabs",236.26,19600,120540.0,PMO - US,"Cipla, Goa, India",Lamivudine/Nevirapine/Stavudine,6.15,11-02-09,SCMS-56220,FPQ-4265,10/20/09,ARV,108-VN-T30,07-Jan-10,Air,Adult,60,0.1,CIPLA LIMITED,EXW,1926
83435,DN-1868,Generic,CÃte dIvoire,21-Jun-10,21-Jun-10,150/300/200mg,Tablet - FDC,Yes,8379.98,From RDC,"Lamivudine/Nevirapine/Zidovudine 150/200/300mg, tablets, 60 Tabs",1209.52,50000,561000.0,PMO - US,"Aurobindo Unit III, India",Lamivudine/Nevirapine/Zidovudine,11.22,N/A - From RDC,SO-35590,FPQ-4659,12-08-09,ARV,104-CI-T30,30-Jun-10,Air,Adult,60,0.19,SCMS from RDC,N/A - From RDC,5997
38247,ASN-20003,Generic,Guyana,01-Jul-13,01-Jul-13,100mg,Capsule,Yes,693.16,Direct Drop,"Zidovudine 100mg, capsules, 100 Caps",0.67,118,542.8,PMO - US,"Aurobindo Unit III, India",Zidovudine,4.6,5/23/13,SCMS-189030,FPQ-12057,4/15/13,ARV,105-GY-T30,01-Jul-13,Air,Pediatric,100,0.05,Aurobindo Pharma Limited,EXW,16
86674,DN-3634,Generic,CÃte dIvoire,25-Apr-14,11-Jun-14,10mg/ml,Oral solution,Yes,6437.76,From RDC,"Lamivudine 10mg/ml, oral solution w/syringe, Bottle, 240 ml",6.11,4157,5944.51,PMO - US,"Aurobindo Unit III, India",Lamivudine,1.43,N/A - From RDC,SO-47132,FPQ-13142,10/22/13,ARV,104-CI-T30,30-Apr-14,Truck,Pediatric,240,0.01,SCMS from RDC,N/A - From RDC,1385
84864,DN-3360,Generic,Zambia,24-Jan-14,17-Mar-14,600/200/300mg,Tablet - FDC,Yes,30981.39,From RDC,"Efavirenz/Emtricitabine/Tenofovir Disoproxil Fumarate 600/200/300mg, tablets, 30 Tabs",1530.93,100619,1237613.7,PMO - US,"Cipla, Goa, India",Efavirenz/Emtricitabine/Tenofovir Disoproxil Fumarate,12.3,N/A - From RDC,SO-45081,FPQ-12066,4/19/13,ARV,110-ZM-T30,24-Jan-14,Truck,Adult,30,0.41,SCMS from RDC,N/A - From RDC,47387
84086,DN-2196,Generic,Zambia,10-Jun-11,10-Jun-11,300mg,Tablet,Yes,15919.88,From RDC,"Zidovudine 300mg, tablets, 60 Tabs",157.31,10394,72965.88,PMO - US,Hetero Unit III Hyderabad IN,Zidovudine,7.02,N/A - From RDC,SO-38600,FPQ-6222,8/20/10,ARV,110-ZM-T30,14-Apr-11,Truck,Adult,60,0.12,SCMS from RDC,N/A - From RDC,14935
11484,DN-434,Trizivir,CÃte dIvoire,22-Nov-07,22-Nov-07,300/150/300mg,Tablet - FDC,No,See DN-434 (ID#:11483),From RDC,"Abacavir/Lamivudine/Zidovudine 300/150/300mg [Trizivir], tablets, 60 Tabs",133.36,1873,83348.5,PMO - US,GSK Ware (UK),Abacavir/Lamivudine/Zidovudine,44.5,N/A - From RDC,SO-1101,Pre-PQ Process,Pre-PQ Process,ARV,104-CI-T01,22-Nov-07,Air,Adult,60,0.74,SCMS from RDC,N/A - From RDC,See DN-434 (ID#:11483)
21096,ASN-13212,Determine,South Sudan,08-Feb-12,08-Feb-12,MIssing,Test kit,Yes,7428.38,Direct Drop,"HIV 1/2, Determine Complete HIV Kit, 100 Tests",58.65,470,41830.0,PMO - US,"Alere Medical Co., Ltd.","HIV 1/2, Determine Complete HIV Kit",89.0,11/16/11,SCMS-127510,FPQ-8611,11-04-11,HRDT,900-SS-T30,08-Feb-12,Air,HIV test,100,0.89,"Orgenics, Ltd",EXW,244
54661,ASN-22167,Determine,Malawi,30-Oct-13,14-Nov-13,MIssing,Test kit,Yes,2384.79,Direct Drop,"HIV 1/2, Determine Complete HIV Kit, 100 Tests",25.73,260,20800.0,PMO - US,"Alere Medical Co., Ltd.","HIV 1/2, Determine Complete HIV Kit",80.0,09-04-13,SCMS-203140,FPQ-12745,08-01-13,HRDT,102-MW-T30,30-Oct-13,Air,HIV test,100,0.8,"Orgenics, Ltd",EXW,109
86007,DN-3355,Generic,Dominican Republic,10-Oct-13,29-Oct-13,150mg,Tablet,No,See DN-3355 (ID#:83726),From RDC,"Lamivudine 150mg, tablets, 60 Tabs",16.29,6617,13167.83,PMO - US,Hetero Unit III Hyderabad IN,Lamivudine,1.99,N/A - From RDC,SO-46150,FPQ-11920,3/18/13,ARV,103-DO-T30,29-Oct-13,Air,Adult,60,0.03,SCMS from RDC,N/A - From RDC,See DN-3355 (ID#:83726)
85481,DN-3737,Generic,Guyana,03-Jun-14,18-Jul-14,150mg,Tablet,No,See DN-3737 (ID#:84934),From RDC,"Lamivudine 150mg, tablets, 60 Tabs",1.03,574,998.76,PMO - US,"Aurobindo Unit III, India",Lamivudine,1.74,N/A - From RDC,SO-48500,FPQ-14042,04-09-14,ARV,105-GY-T30,30-Jun-14,Air,Adult,60,0.03,SCMS from RDC,N/A - From RDC,See DN-3737 (ID#:84934)
86021,DN-3429,Generic,Mozambique,15-Jan-14,31-Jan-14,300/300mg,Tablet - FDC,Yes,5419.22,From RDC,"Lamivudine/Tenofovir Disoproxil Fumarate 300/300mg, tablets, 30 Tabs",14.97,2575,12102.5,PMO - US,Hetero Unit III Hyderabad IN,Lamivudine/Tenofovir Disoproxil Fumarate,4.7,N/A - From RDC,SO-46171,FPQ-12573,6/28/13,ARV,111-MZ-T30,15-Jan-14,Truck,Adult,30,0.16,SCMS from RDC,N/A - From RDC,272
83038,DN-2675,Generic,Uganda,12-Jun-12,12-Jun-12,600mg,Tablet,Yes,18520.22,From RDC,"Efavirenz 600mg, tablets, 30 Tabs",109.64,20000,78200.0,PMO - US,"Strides, Bangalore, India.",Efavirenz,3.91,N/A - From RDC,SO-42050,FPQ-9875,05-09-12,ARV,114-UG-T30,04-Jul-12,Air,Adult,30,0.13,SCMS from RDC,N/A - From RDC,2501
82359,DN-2051,Generic,Mozambique,23-Dec-10,23-Dec-10,150/30mg,Tablet - FDC,Yes,6500.45,From RDC,"Lamivudine/Stavudine 150/30mg, tablets, 60 Tabs",20.67,2996,9587.2,PMO - US,"Cipla, Goa, India",Lamivudine/Stavudine,3.2,N/A - From RDC,SO-37590,FPQ-6426,9/23/10,ARV,111-MZ-T30,20-Dec-10,Truck,Adult,60,0.05,SCMS from RDC,N/A - From RDC,6022
26617,ASN-14834,Isentress,Uganda,21-May-12,21-May-12,400mg,Tablet,Yes,710,Direct Drop,"Raltegravir 400mg [Isentress], tablets, 60 Tabs",14.71,189,10489.5,PMO - US,"MSD, Haarlem, NL",Raltegravir,55.5,04-04-12,SCMS-142240,FPQ-9365,3/15/12,ARV,114-UG-T30,21-May-12,Air,Adult,60,0.92,MERCK SHARP & DOHME IDEA GMBH (FORMALLY MERCK SHARP & DOHME B.V.),CIP,19
9499,ASN-1067,Generic,Rwanda,03-Jan-08,03-Jan-08,600mg,Tablet,Yes,19088.86,Direct Drop,"Efavirenz 600mg, tablets, 30 Tabs",907.27,48259,567043.25,PMO - US,"Aurobindo Unit III, India",Efavirenz,11.75,12-03-07,SCMS-14730,Pre-PQ Process,Pre-PQ Process,ARV,107-RW-T01,03-Jan-08,Air,Adult,30,0.39,Aurobindo Pharma Limited,CIP,4143
58947,ASN-27585,Generic,Zimbabwe,17-Sep-14,19-Sep-14,300/300mg,Tablet - FDC,Yes,25272.8,Direct Drop,"Lamivudine/Tenofovir Disoproxil Fumarate 300/300mg, tablets, 30 Tabs",199.63,42032,194187.84,PMO - US,Hetero Unit III Hyderabad IN,Lamivudine/Tenofovir Disoproxil Fumarate,4.62,5/27/14,SCMS-240570,FPQ-13939,04-01-14,ARV,113-ZW-T30,17-Sep-14,Air Charter,Adult,30,0.15,HETERO LABS LIMITED,EXW,4559
82862,DN-1670,Generic,CÃte dIvoire,10-Mar-10,10-Mar-10,200mg,Chewable/dispersible tablet,Yes,4519.97,From RDC,"Didanosine 200mg, chewable/dispersible tablets, 60 Tabs",45.11,1485,23017.5,PMO - US,"Aurobindo Unit III, India",Didanosine,15.5,N/A - From RDC,SO-34451,FPQ-4378,10/15/09,ARV,104-CI-T30,16-Mar-10,Air,Pediatric,60,0.26,SCMS from RDC,N/A - From RDC,914
82058,ASN-5348,Norvir,South Africa,21-Oct-09,21-Oct-09,80mg/ml,Oral solution,Yes,Freight Included in Commodity Cost,Direct Drop,"Ritonavir 80mg/ml [Norvir], oral solution, cool, Bottle, 90 ml",0.11,6,58.03,PMO - US,ABBVIE (Abbott) France,Ritonavir,9.67,10/15/09,SCMS-55000,FPQ-4359,10-08-09,ARV,116-ZA-T30,21-Oct-09,Truck,Pediatric,90,0.11,S. BUYS WHOLESALER,DDP,Weight Captured Separately
42061,ASN-33851,Generic,South Africa,24-Aug-15,24-Aug-15,300mg,Tablet,No,Freight Included in Commodity Cost,Direct Drop,"Abacavir 300mg, tablets, 60 Tabs",4.85,88,4713.55,PMO - US,"Aurobindo Unit III, India",Abacavir,53.56,10-09-14,SCMS-259079,FPQ-14942,09-11-14,ARV,116-ZA-T30,24-Aug-15,Truck,Adult,60,0.89,PHARMACY DIRECT,DDP,Weight Captured Separately
82820,DN-4345,Generic,Rwanda,26-Aug-15,02-Sep-15,30/50/60mg,Chewable/dispersible tablet - FDC,Yes,Invoiced Separately,From RDC,"Lamivudine/Nevirapine/Zidovudine 30/50/60mg, dispersible tablets, 60 Tabs",10.83,2592,9201.6,PMO - US,"Mylan,  H-12 & H-13, India",Lamivudine/Nevirapine/Zidovudine,3.55,N/A - From RDC,SO-51740,FPQ-16571,07-07-15,ARV,107-RW-T30,08-Sep-15,Air,Pediatric,60,0.06,SCMS from RDC,N/A - From RDC,Weight Captured Separately
46432,ASN-5279,Generic,CÃte dIvoire,10-Nov-09,10-Nov-09,600/300mg,Tablet - FDC,Yes,2986.16,Direct Drop,"Abacavir/Lamivudine 600/300mg, scored tablets, 30 Tabs",65.86,1461,33603.0,PMO - US,"Aurobindo Unit III, India",Abacavir/Lamivudine,23.0,9/14/09,SCMS-52590,FPQ-3967,8/21/09,ARV,104-CI-T30,10-Nov-09,Air,Adult,30,0.77,Aurobindo Pharma Limited,EXW,154
85720,DN-2046,Generic,Nigeria,10-Nov-10,10-Nov-10,200mg,Tablet,Yes,20264.93,From RDC,"Nevirapine 200mg, tablets, 60 Tabs",1.95,350,903.0,PMO - US,"Aurobindo Unit III, India",Nevirapine,2.58,N/A - From RDC,SO-37210,FPQ-5023,02-10-10,ARV,151-NG-T30,16-Nov-10,Air Charter,Adult,60,0.04,SCMS from RDC,N/A - From RDC,40
44920,ASN-6687,Generic,Vietnam,18-May-10,18-May-10,30mg,Capsule,Yes,6158,Direct Drop,"Stavudine 30mg, capsules, 60 Caps",30.46,9744,14128.8,PMO - US,"Aurobindo Unit III, India",Stavudine,1.45,1/14/10,SCMS-62820,FPQ-4720,01-04-09,ARV,108-VN-T30,18-May-10,Air,Adult,60,0.02,Aurobindo Pharma Limited,EXW,656
82872,DN-1695,Generic,Nigeria,31-Mar-10,31-Mar-10,300mg,Tablet,Yes,Freight Included in Commodity Cost,From RDC,"Zidovudine 300mg, tablets, 60 Tabs",24.26,1500,11250.0,PMO - US,Mylan (formerly Matrix) Nashik,Zidovudine,7.5,N/A - From RDC,SO-35092,FPQ-4537,11-06-09,ARV,151-NG-T30,19-Apr-10,Air Charter,Adult,60,0.12,SCMS from RDC,N/A - From RDC,120
10895,DN-373,Generic,Nigeria,20-Sep-07,20-Sep-07,10mg/ml,Oral solution,No,See DN-373 (ID#:10623),From RDC,"Lamivudine 10mg/ml, oral solution, Bottle, 240 ml",1.62,390,1010.1,PMO - US,"Cipla, Goa, India",Lamivudine,2.59,N/A - From RDC,SO-565,Pre-PQ Process,Pre-PQ Process,ARV,112-NG-T01,20-Sep-07,Air,Pediatric,240,0.01,SCMS from RDC,N/A - From RDC,See DN-373 (ID#:10623)
22869,ASN-33473,Intelence,South Africa,24-Jul-15,24-Jul-15,100mg,Tablet,No,Freight Included in Commodity Cost,Direct Drop,"Etravirine 100mg [Intelence], tablets, 120 Tabs",0.76,27,742.84,PMO - US,"Janssen-Cilag, Latina, IT",Etravirine,27.51,10-09-14,SCMS-259078,FPQ-14942,09-11-14,ARV,116-ZA-T30,24-Jul-15,Truck,Adult,120,0.23,PHARMACY DIRECT,DDP,Weight Captured Separately
84382,DN-3790,Generic,Nigeria,20-Jun-14,25-Jun-14,60/30mg,Tablet - FDC,Yes,28812.58,From RDC,"Abacavir/Lamivudine 60/30mg, tablets, 60 Tabs",137.3,27137,110990.33,PMO - US,Mylan (formerly Matrix) Nashik,Abacavir/Lamivudine,4.09,N/A - From RDC,SO-46540,FPQ-12801,08-06-13,ARV,151-NG-T30,30-Jun-14,Air Charter,Pediatric,60,0.07,SCMS from RDC,N/A - From RDC,1169
82572,DN-3128,Generic,Uganda,07-May-13,07-May-13,600/300/300mg,Tablet - FDC,Yes,34003.7,From RDC,"Efavirenz/Lamivudine/Tenofovir Disoproxil Fumarate 600/300/300mg, tablets, 30 Tabs",2983.74,229285,2412078.2,PMO - US,Hetero Unit III Hyderabad IN,Efavirenz/Lamivudine/Tenofovir Disoproxil Fumarate,10.52,N/A - From RDC,SO-43620,FPQ-10945,11-06-12,ARV,114-UG-T30,09-May-13,Air,Adult,30,0.35,SCMS from RDC,N/A - From RDC,29934
13115,ASN-27979,Generic,South Africa,27-Aug-14,27-Aug-14,200/300mg,Tablet - FDC,Yes,Freight Included in Commodity Cost,Direct Drop,"Emtricitabine/Tenofovir Disoproxil Fumarate 200/300mg, tablets, 30 Tabs",0.54,13,438.41,PMO - US,"Aurobindo Unit III, India",Emtricitabine/Tenofovir Disoproxil Fumarate,33.72,8/27/14,SCMS-199283,FPQ-12522,07-11-13,ARV,116-ZA-T30,27-Aug-14,Truck,Adult,30,1.12,S. BUYS WHOLESALER,DDP,Weight Captured Separately
1722,ASN-1667,Generic,South Africa,07-Apr-08,07-Apr-08,600mg,Tablet,No,Freight Included in Commodity Cost,Direct Drop,"Efavirenz 600mg, tablets, 30 Tabs",7.38,300,4614.0,PMO - US,"Cipla, Goa, India",Efavirenz,15.38,04-04-08,SCMS-21460,Pre-PQ Process,Pre-PQ Process,ARV,116-ZA-T01,25-Apr-08,MIssing,Adult,30,0.51,S. BUYS WHOLESALER,DDP,Weight Captured Separately
86519,DN-2880,Generic,CÃte dIvoire,24-Oct-12,24-Oct-12,600mg,Tablet,No,See DN-2880 (ID#:85310),From RDC,"Efavirenz 600mg, tablets, 30 Tabs",0.42,83,302.12,PMO - US,Hetero Unit III Hyderabad IN,Efavirenz,3.64,N/A - From RDC,SO-42400,FPQ-9749,4/19/12,ARV,104-CI-T30,30-Oct-12,Truck,Adult,30,0.12,SCMS from RDC,N/A - From RDC,See DN-2880 (ID#:85310)
84858,DN-3339,Generic,Mozambique,13-Nov-13,02-Dec-13,150/300mg,Tablet - FDC,No,See DN-3339 (ID#:83718),From RDC,"Lamivudine/Zidovudine 150/300mg, tablets, 60 Tabs",197.7,21984,159823.68,PMO - US,"Aurobindo Unit III, India",Lamivudine/Zidovudine,7.27,N/A - From RDC,SO-44870,FPQ-11884,3/19/13,ARV,111-MZ-T30,31-Oct-13,Truck,Adult,60,0.12,SCMS from RDC,N/A - From RDC,See DN-3339 (ID#:83718)
9564,ASN-2292,Videx,South Africa,25-Apr-08,25-Apr-08,2g,Powder for oral solution,Yes,Freight Included in Commodity Cost,Direct Drop,"Didanosine 2g [Videx], powder for oral solution 10mg/ml, reconstitute to 200 ml",0.09,4,57.92,PMO - US,"BMS Meymac, France",Didanosine,14.48,01-04-08,SCMS-16600,Pre-PQ Process,Pre-PQ Process,ARV,116-ZA-T01,21-Jan-08,MIssing,Pediatric,200,0.07,"JSI R&T INSTITUTE, INC.",DDP,Weight Captured Separately
82974,DN-2323,Generic,Zambia,05-Sep-11,05-Sep-11,600mg,Tablet,Yes,13511.49,From RDC,"Efavirenz 600mg, tablets, 30 Tabs",708.28,99366,429261.12,PMO - US,Hetero Unit III Hyderabad IN,Efavirenz,4.32,N/A - From RDC,SO-38732,FPQ-7085,02-03-11,ARV,110-ZM-T30,05-Sep-11,Truck,Adult,30,0.14,SCMS from RDC,N/A - From RDC,8045
74329,ASN-12662,Determine,Cameroon,18-Nov-11,18-Nov-11,MIssing,Test kit,Yes,1278.12,Direct Drop,"HIV 1/2, Determine Kit without Lancets, Buffer or Caplillary Tubes, 100 Tests",11.9,100,7215.0,PMO - US,Inverness Japan,"HIV 1/2, Determine Kit without Lancets, Buffer or Capillary Tubes, 100 Tests",72.15,9/15/11,SCMS-122260,FPQ-8396,9/13/11,HRDT,103-CM-T30,18-Nov-11,Air,HIV test,100,0.72,"Orgenics, Ltd",EXW,18
12388,DN-260,Generic,CÃte dIvoire,03-Aug-07,03-Aug-07,150/200/30mg,Tablet - FDC,No,See DN-260 (ID#:11426),From RDC,"Lamivudine/Nevirapine/Stavudine 150/200/30mg, tablets, 60 Tabs",281.66,23472,176040.0,PMO - US,"Cipla, Goa, India",Lamivudine/Nevirapine/Stavudine,7.5,N/A - From RDC,SO-523,Pre-PQ Process,Pre-PQ Process,ARV,104-CI-T01,03-Aug-07,MIssing,Adult,60,0.12,SCMS from RDC,N/A - From RDC,See DN-260 (ID#:11426)
61403,ASN-8594,Bioline,CÃte dIvoire,10-Nov-10,10-Nov-10,MIssing,Test kit,Yes,4540.55,Direct Drop,"HIV 1/2, Bioline 3.0 Kit, (no accessories), 30 Tests",62.4,1206,28944.0,PMO - US,"Standard Diagnostics, Korea","HIV 1/2, Bioline 3.0 Kit (no accessories)",24.0,7/30/10,SCMS-80610,FPQ-6037,7/14/10,HRDT,104-CI-T30,10-Nov-10,Air,HIV test,30,0.8,"Standard Diagnostics, Inc.",EXW,429
85770,DN-2251,Generic,Benin,30-Jun-11,30-Jun-11,150/300mg,Tablet - FDC,Yes,6477.67,From RDC,"Lamivudine/Zidovudine 150/300mg, tablets, 60 Tabs",204.44,15000,123900.0,PMO - US,"Aurobindo Unit III, India",Lamivudine/Zidovudine,8.26,N/A - From RDC,SO-39780,FPQ-7658,5/15/11,ARV,100-BJ-T30,04-Jul-11,Air,Adult,60,0.14,SCMS from RDC,N/A - From RDC,1440
79710,ASN-9516,Invirase,Guatemala,03-Mar-11,03-Mar-11,500mg,Tablet,Yes,660.3,Direct Drop,"Saquinavir 500mg [Invirase], tablets, 120 Tabs",73.66,188,44639.99,PMO - US,Roche Madrid,Saquinavir,237.45,01-05-11,SCMS-96140,FPQ-6964,12/29/10,ARV,202-GT-T30,03-Mar-11,Air,Adult,120,1.98,Hoffmann-La Roche ltd Basel,FCA,33
86822,DN-4334,Generic,Zimbabwe,04-Aug-15,11-Aug-15,150/300mg,Tablet - FDC,Yes,Freight Included in Commodity Cost,From RDC,"Lamivudine/Zidovudine 150/300mg, tablets, 60 Tabs",134.03,17465,113871.8,PMO - US,Mylan (formerly Matrix) Nashik,Lamivudine/Zidovudine,6.52,N/A - From RDC,SO-51680,FPQ-16523,07-01-15,ARV,200-ZW-T30,09-Sep-15,Truck,Adult,60,0.11,SCMS from RDC,N/A - From RDC,1392
8207,ASN-1066,Generic,Rwanda,03-Jan-08,03-Jan-08,600mg,Tablet,Yes,28336.18,Direct Drop,"Efavirenz 600mg, tablets, 30 Tabs",611.19,32510,381992.5,PMO - US,"Aurobindo Unit III, India",Efavirenz,11.75,12-03-07,SCMS-14730,Pre-PQ Process,Pre-PQ Process,ARV,107-RW-T01,03-Jan-08,Air,Adult,30,0.39,Aurobindo Pharma Limited,CIP,2791
79022,ASN-23875,Generic,South Africa,13-Jan-14,13-Jan-14,600mg,Tablet,No,Freight Included in Commodity Cost,Direct Drop,"Efavirenz 600mg, tablets, 30 Tabs",2.28,152,2218.99,PMO - US,"Aurobindo Unit III, India",Efavirenz,14.6,12-02-13,SCMS-215410,FPQ-13214,11/14/13,ARV,116-ZA-T30,13-Jan-14,Truck,Adult,30,0.49,S. BUYS WHOLESALER,DDP,Weight Captured Separately
57377,ASN-33851,Generic,South Africa,24-Aug-15,24-Aug-15,200mg,Tablet,No,Freight Included in Commodity Cost,Direct Drop,"Nevirapine 200mg, tablets, 60 Tabs",0.34,24,329.7,PMO - US,"Aurobindo Unit III, India",Nevirapine,13.74,10-09-14,SCMS-259079,FPQ-14942,09-11-14,ARV,116-ZA-T30,24-Aug-15,Truck,Adult,60,0.23,PHARMACY DIRECT,DDP,Weight Captured Separately
12570,DN-1202,Truvada,Nigeria,29-Apr-09,29-Apr-09,300/200mg,Tablet - FDC,Yes,16864.58,From RDC,"Emtricitabine/Tenofovir Disoproxil Fumarate 200/300mg [Truvada], tablets, 30 Tabs",922.65,17933,470741.25,PMO - US,"Aspen-OSD, Port Elizabeth, SA",Emtricitabine/Tenofovir Disoproxil Fumarate,26.25,N/A - From RDC,SO-22523,Pre-PQ Process,Pre-PQ Process,ARV,151-NG-T01,29-Apr-09,Air,Adult,30,0.88,SCMS from RDC,N/A - From RDC,1564
12557,DN-1120,Generic,CÃte dIvoire,26-May-09,26-May-09,10mg/ml,Oral solution,No,See DN-1120 (ID#:12556),From RDC,"Lamivudine 10mg/ml, oral solution, Bottle, 240 ml",11.4,3060,5814.0,PMO - US,"Aurobindo Unit III, India",Lamivudine,1.9,N/A - From RDC,SO-21840,Pre-PQ Process,Pre-PQ Process,ARV,104-CI-T01,26-May-09,Air,Pediatric,240,0.01,SCMS from RDC,N/A - From RDC,See DN-1120 (ID#:12556)
86097,DN-3755,Generic,Zambia,17-Jun-14,09-Jul-14,200mg,Tablet,Yes,10982.2,From RDC,"Nevirapine 200mg, tablets, 60 Tabs",208.15,77187,168267.66,PMO - US,Hetero Unit III Hyderabad IN,Nevirapine,2.18,N/A - From RDC,SO-45090,FPQ-12066,4/19/13,ARV,110-ZM-T30,30-Jun-14,Truck,Adult,60,0.04,SCMS from RDC,N/A - From RDC,4800
27553,ASN-7428,Kaletra,South Africa,11-Jun-10,11-Jun-10,80/20mg/ml,Oral solution,Yes,Freight Included in Commodity Cost,Direct Drop,"Lopinavir/Ritonavir 80/20mg/ml [Kaletra], oral solution, cool, Bottle 5 x 60 ml",10.73,120,4978.94,PMO - US,ABBVIE (Abbott) Logis. UK,Lopinavir/Ritonavir,41.49,4/21/10,SCMS-71490,FPQ-5535,4/19/10,ARV,116-ZA-T30,11-Jun-10,Truck,Pediatric,300,0.14,S. BUYS WHOLESALER,DDP,Weight Captured Separately
37526,ASN-17709,Generic,Vietnam,04-Feb-13,04-Feb-13,150mg,Tablet,Yes,1646.5,Direct Drop,"Lamivudine 150mg, tablets, 60 Tabs",35.01,13570,24968.8,PMO - US,"Micro labs, Verna, Goa, India",Lamivudine,1.84,9/24/12,SCMS-160990,FPQ-10643,9/18/12,ARV,108-VN-T30,04-Feb-13,Air,Adult,60,0.03,MICRO LABS LIMITED,EXW,568
84023,DN-1948,Generic,Zimbabwe,22-Jul-10,22-Jul-10,150/30mg,Tablet - FDC,No,See DN-1948 (ID#:82906),From RDC,"Lamivudine/Stavudine 150/30mg, tablets, 60 Tabs",41.72,5900,19352.0,PMO - US,"Cipla, Goa, India",Lamivudine/Stavudine,3.28,N/A - From RDC,SO-35351,FPQ-4694,12-08-09,ARV,113-ZW-T30,30-Jul-10,Air,Adult,60,0.05,SCMS from RDC,N/A - From RDC,See DN-1948 (ID#:82906)
15176,ASN-8695,Generic,South Africa,15-Dec-10,15-Dec-10,600mg,Tablet,Yes,Freight Included in Commodity Cost,Direct Drop,"Efavirenz 600mg, tablets, 30 Tabs",116.68,12000,54120.0,PMO - US,"Aurobindo Unit III, India",Efavirenz,4.51,6/17/10,SCMS-75660,FPQ-5648,06-02-10,ARV,161-ZA-T30,12-Oct-10,Ocean,Adult,30,0.15,Aurobindo Pharma Limited,DDP,Weight Captured Separately
70981,ASN-5661,Determine,Kenya,18-Jan-10,18-Jan-10,MIssing,Test kit,Yes,9507.81,Direct Drop,"HIV 1/2, Determine Complete HIV Kit, 100 Tests",509.6,3250,260000.0,PMO - US,Inverness Japan,"HIV 1/2, Determine Complete HIV Kit",80.0,10/23/09,SCMS-55902,FPQ-4250,9/16/09,HRDT,102-KE-T30,18-Jan-10,Air,HIV test,100,0.8,"Orgenics, Ltd",EXW,979
12760,DN-601,Trizivir,Mozambique,05-Apr-08,05-Apr-08,300/150/300mg,Tablet - FDC,No,See DN-601 (ID#:10651),From RDC,"Abacavir/Lamivudine/Zidovudine 300/150/300mg [Trizivir], tablets, 60 Tabs",231.5,2067,144690.0,PMO - US,GSK Ware (UK),Abacavir/Lamivudine/Zidovudine,70.0,N/A - From RDC,SO-1039,Pre-PQ Process,Pre-PQ Process,ARV,111-MZ-T01,08-Apr-08,Air,Adult,60,1.17,SCMS from RDC,N/A - From RDC,See DN-601 (ID#:10651)
64904,ASN-17528,Determine,Nigeria,09-Jan-13,09-Jan-13,MIssing,Test kit,Yes,24927.19,Direct Drop,"HIV 1/2, Determine Complete HIV Kit, 100 Tests",342.39,2744,244216.0,PMO - US,"Alere Medical Co., Ltd.","HIV 1/2, Determine Complete HIV Kit",89.0,10/16/12,SCMS-162440,FPQ-10765,10-05-12,HRDT,133-NG-T30,09-Jan-13,Air,HIV test,100,0.89,"Orgenics, Ltd",EXW,1186
86063,DN-3589,Generic,Uganda,18-Apr-14,28-Apr-14,150/300/200mg,Tablet - FDC,No,See DN-3589 (ID#:82657),From RDC,"Lamivudine/Nevirapine/Zidovudine 150/200/300mg, tablets, 60 Tabs",424.56,50000,413000.0,PMO - US,"Aurobindo Unit III, India",Lamivudine/Nevirapine/Zidovudine,8.26,N/A - From RDC,SO-46870,FPQ-13108,10/16/13,ARV,114-UG-T30,20-Apr-14,Truck,Adult,60,0.14,SCMS from RDC,N/A - From RDC,See DN-3589 (ID#:82657)
10887,DN-395,Generic,Zambia,02-Nov-07,02-Nov-07,20mg/ml,Oral solution,Yes,3478,From RDC,"Abacavir 20mg/ml, oral solution, Bottle, 240 ml",35.4,1341,22126.5,PMO - US,"Aurobindo Unit III, India",Abacavir,16.5,N/A - From RDC,SO-753,Pre-PQ Process,Pre-PQ Process,ARV,110-ZM-T01,02-Nov-07,MIssing,Pediatric,240,0.07,SCMS from RDC,N/A - From RDC,395
86396,DN-2297,Generic,Uganda,05-Aug-11,05-Aug-11,200mg,Tablet,No,See DN-2297 (ID#:82392),From RDC,"Nevirapine 200mg, tablets, 60 Tabs",47.83,11549,28987.99,PMO - US,"Strides, Bangalore, India.",Nevirapine,2.51,N/A - From RDC,SO-38801,FPQ-7162,2/14/11,ARV,114-UG-T30,05-Aug-11,Truck,Adult,60,0.04,SCMS from RDC,N/A - From RDC,See DN-2297 (ID#:82392)
85397,DN-3284,Generic,Burundi,27-Aug-13,27-Aug-13,200/300mg,Tablet - FDC,Yes,1634.38,From RDC,"Emtricitabine/Tenofovir Disoproxil Fumarate 200/300mg, tablets, 30 Tabs",19.24,2562,15551.34,PMO - US,"Aurobindo Unit III, India",Emtricitabine/Tenofovir Disoproxil Fumarate,6.07,N/A - From RDC,SO-45150,FPQ-12065,4/22/13,ARV,102-BI-T30,30-Aug-13,Air,Adult,30,0.2,SCMS from RDC,N/A - From RDC,240
82848,DN-1560,Generic,Nigeria,18-Dec-09,18-Dec-09,150/300mg,Tablet - FDC,Yes,11637.64,From RDC,"Lamivudine/Zidovudine 150/300mg, tablets, 60 Tabs",734.02,42751,374498.76,PMO - US,Mylan (formerly Matrix) Nashik,Lamivudine/Zidovudine,8.76,N/A - From RDC,SO-32970,FPQ-4014,7/27/09,ARV,123-NG-T30,18-Dec-09,Air Charter,Adult,60,0.15,SCMS from RDC,N/A - From RDC,3409
86052,DN-3561,Generic,"Congo, DRC",19-May-14,26-Jun-14,600/300/300mg,Tablet - FDC,No,See DN-3561 (ID#:82654),From RDC,"Efavirenz/Lamivudine/Tenofovir Disoproxil Fumarate 600/300/300mg, tablets, 30 Tabs",47.94,4290,46632.3,PMO - US,Hetero Unit III Hyderabad IN,Efavirenz/Lamivudine/Tenofovir Disoproxil Fumarate,10.87,N/A - From RDC,SO-47630,FPQ-13554,1/15/14,ARV,101-CD-T30,30-May-14,Air,Adult,30,0.36,SCMS from RDC,N/A - From RDC,See DN-3561 (ID#:82654)
84190,DN-2839,Generic,Uganda,24-Sep-12,24-Sep-12,300/300mg,Tablet - FDC,Yes,2175.07,From RDC,"Lamivudine/Tenofovir Disoproxil Fumarate 300/300mg, tablets, 30 Tabs",42.23,5619,30117.84,PMO - US,Hetero Unit III Hyderabad IN,Lamivudine/Tenofovir Disoproxil Fumarate,5.36,N/A - From RDC,SO-41596,FPQ-9355,2/20/12,ARV,114-UG-T30,05-Oct-12,Truck,Adult,30,0.18,SCMS from RDC,N/A - From RDC,596
16619,ASN-23340,Generic,Zambia,23-Dec-13,09-Apr-14,150mg,Tablet,Yes,5145.69,Direct Drop,"Lamivudine 150mg, tablets, 60 Tabs",44.2,20000,43000.0,PMO - US,"Aurobindo Unit III, India",Lamivudine,2.15,10/21/13,SCMS-211070,FPQ-13084,10-11-13,ARV,110-ZM-T30,23-Dec-13,Air,Adult,60,0.04,Aurobindo Pharma Limited,EXW,1044
10787,DN-1368,Generic,Tanzania,20-Aug-09,20-Aug-09,300mg,Tablet,Yes,3588.34,From RDC,"Abacavir 300mg, tablets, 60 Tabs",239.13,4794,122007.3,PMO - US,Mylan (formerly Matrix) Nashik,Abacavir,25.45,N/A - From RDC,SO-31280,Pre-PQ Process,Date Not Captured,ARV,109-TZ-T01,20-Aug-09,Truck,Adult,60,0.42,SCMS from RDC,N/A - From RDC,475
31254,ASN-27662,Norvir,Rwanda,22-Aug-14,26-Aug-14,100mg,Tablet,Yes,6776.8,Direct Drop,"Ritonavir 100mg [Norvir], film coated tablets, 60 Tabs",24.65,3500,23975.0,PMO - US,ABBVIE Ludwigshafen Germany,Ritonavir,6.85,4/24/14,SCMS-236480,FPQ-13852,3/19/14,ARV,107-RW-T30,22-Aug-14,Air,Adult,60,0.11,ABBVIE LOGISTICS (FORMERLY ABBOTT LOGISTICS BV),FCA,442
15643,ASN-12941,Uni-Gold,Nigeria,13-Dec-11,13-Dec-11,MIssing,Test kit,Yes,7938.18,Direct Drop,"HIV 1/2, Uni-Gold HIV Kit, 20 Tests",105.6,2000,64000.0,PMO - US,"Trinity Biotech, Plc","HIV 1/2, Uni-Gold HIV Kit",32.0,08-12-11,SCMS-118170,FPQ-8117,7/28/11,HRDT,133-NG-T30,13-Dec-11,Air,HIV test,20,1.6,"Trinity Biotech, Plc",EXW,793
84028,DN-1965,Generic,Haiti,23-Aug-10,23-Aug-10,300mg,Tablet,Yes,2136.1,From RDC,"Zidovudine 300mg, tablets, 60 Tabs",35.44,2280,16438.8,PMO - US,"Aurobindo Unit III, India",Zidovudine,7.21,N/A - From RDC,SO-36770,FPQ-5523,4/19/10,ARV,106-HT-T30,24-Aug-10,Air,Adult,60,0.12,SCMS from RDC,N/A - From RDC,123
11269,DN-816,Generic,Uganda,21-Aug-08,21-Aug-08,150/200/30mg,Tablet - FDC,Yes,1476.8,From RDC,"Lamivudine/Nevirapine/Stavudine 150/200/30mg, tablets, 60 Tabs",31.97,2700,19980.0,PMO - US,"Strides, Bangalore, India.",Lamivudine/Nevirapine/Stavudine,7.4,N/A - From RDC,SO-2343,Pre-PQ Process,Pre-PQ Process,ARV,114-UG-T01,21-Aug-08,Air,Adult,60,0.12,SCMS from RDC,N/A - From RDC,199
86331,DN-1999,Generic,Ethiopia,24-Aug-10,24-Aug-10,150/200/30mg,Tablet - FDC,Yes,2633.57,From RDC,"Lamivudine/Nevirapine/Stavudine 150/200/30mg, tablets, 60 Tabs",113.66,9200,52716.0,PMO - US,"Strides, Bangalore, India.",Lamivudine/Nevirapine/Stavudine,5.73,N/A - From RDC,SO-37101,FPQ-5967,6/28/10,ARV,117-ET-T30,21-Sep-10,Air,Adult,60,0.1,SCMS from RDC,N/A - From RDC,668
38538,ASN-18406,Generic,Vietnam,13-Mar-13,13-Mar-13,600/300/300mg,Tablet - FDC,No,See ASN-18406 (ID#:14871),Direct Drop,"Efavirenz/Lamivudine/Tenofovir Disoproxil Fumarate 600/300/300mg, tablets, 30 Tabs",236.09,16611,190860.39,PMO - US,Mylan (formerly Matrix) Nashik,Efavirenz/Lamivudine/Tenofovir Disoproxil Fumarate,11.49,11-07-12,SCMS-164560,FPQ-10811,10/15/12,ARV,108-VN-T30,13-Mar-13,Air,Adult,30,0.38,MYLAN LABORATORIES LTD (FORMERLY MATRIX LABORATORIES),EXW,See ASN-18406 (ID#:14871)
19696,ASN-15048,Uni-Gold,"Congo, DRC",02-Aug-12,02-Aug-12,MIssing,Test kit,Yes,1692.7,Direct Drop,"HIV 1/2, Uni-Gold HIV Kit, 20 Tests",17.95,400,12800.0,PMO - US,"Trinity Biotech, Plc","HIV 1/2, Uni-Gold HIV Kit",32.0,05-07-12,SCMS-145470,FPQ-9645,4/24/12,HRDT,102-CD-T30,02-Aug-12,Air,HIV test,20,1.6,"Trinity Biotech, Plc",EXW,132
82148,ASN-32108,Determine,South Sudan,07-Jul-15,07-Jul-15,MIssing,Test kit,No,See ASN-32108 (ID#:53922),Direct Drop,"HIV 1/2, Determine Complete HIV Kit, 100 Tests",3.14,30,2670.0,PMO - US,"Alere Medical Co., Ltd.","HIV 1/2, Determine Complete HIV Kit",89.0,2/20/15,SCMS-272170,FPQ-15569,12/29/14,HRDT,105-SS-T30,02-Jul-15,Air,HIV test,100,0.89,"Orgenics, Ltd",EXW,See ASN-32108 (ID#:53922)
1065,ASN-3623,Generic,South Africa,03-Dec-08,03-Dec-08,600mg,Tablet,Yes,Freight Included in Commodity Cost,Direct Drop,"Efavirenz 600mg, tablets, 30 Tabs",97.69,3500,49840.0,PMO - US,"Cipla, Goa, India",Efavirenz,14.24,Date Not Captured,SCMS-41040,Pre-PQ Process,Pre-PQ Process,ARV,116-ZA-T01,07-Apr-09,Air,Adult,30,0.47,S. BUYS WHOLESALER,DDP,Weight Captured Separately
86354,DN-2061,Generic,CÃte dIvoire,22-Dec-10,22-Dec-10,200mg,Tablet,Yes,7826.75,From RDC,"Nevirapine 200mg, tablets, 60 Tabs",575.93,100425,267130.5,PMO - US,"Strides, Bangalore, India.",Nevirapine,2.66,N/A - From RDC,SO-37650,FPQ-5925,6/23/10,ARV,104-CI-T30,30-Nov-10,Truck,Adult,60,0.04,SCMS from RDC,N/A - From RDC,6880
49907,ASN-19496,Generic,Malawi,24-Jul-13,24-Jul-13,600/300/300mg,Tablet - FDC,Yes,15020.21,Direct Drop,"Efavirenz/Lamivudine/Tenofovir Disoproxil Fumarate 600/300/300mg, tablets, 30 Tabs",852.79,60000,689400.0,PMO - US,Mylan (formerly Matrix) Nashik,Efavirenz/Lamivudine/Tenofovir Disoproxil Fumarate,11.49,10/31/12,SCMS-163900,FPQ-10790,10/17/12,ARV,103-MW-T30,24-Jul-13,Ocean,Adult,30,0.38,MYLAN LABORATORIES LTD (FORMERLY MATRIX LABORATORIES),EXW,6778
21336,ASN-7373,Generic,South Africa,31-May-10,31-May-10,600mg,Tablet,No,Freight Included in Commodity Cost,Direct Drop,"Efavirenz 600mg, tablets, 30 Tabs",64.06,1500,29714.49,PMO - US,"Cipla, Goa, India",Efavirenz,19.81,4/21/10,SCMS-71370,FPQ-5535,4/19/10,ARV,116-ZA-T30,31-May-10,Truck,Adult,30,0.66,S. BUYS WHOLESALER,DDP,Weight Captured Separately
33868,ASN-9579,Generic,South Africa,26-Jun-11,26-Jun-11,300mg,Tablet,Yes,12396.57,Direct Drop,"Tenofovir Disoproxil Fumarate 300mg, tablets, 30 Tabs",771.71,70331,467701.15,PMO - US,"Aurobindo Unit III, India",Tenofovir Disoproxil Fumarate,6.65,12-06-10,SCMS-93520,FPQ-6708,11/26/10,ARV,161-ZA-T30,26-Jun-11,Ocean,Adult,30,0.22,Aurobindo Pharma Limited,DDP,6564
4347,ASN-1665,Epivir,South Africa,24-Apr-08,24-Apr-08,10mg/ml,Oral solution,No,Freight Included in Commodity Cost,Direct Drop,"Lamivudine 10mg/ml [Epivir], oral solution, Bottle, 240 ml",10.26,1000,6410.0,PMO - US,GSK Mississauga (Canada),Lamivudine,6.41,2/20/08,SCMS-19800,Pre-PQ Process,Pre-PQ Process,ARV,116-ZA-T01,24-Apr-08,Truck,Pediatric,240,0.03,S. BUYS WHOLESALER,DDP,Weight Captured Separately
48839,ASN-29946,Determine,CÃte dIvoire,16-Feb-15,17-Feb-15,MIssing,Test kit,Yes,23013.2,Direct Drop,"HIV 1/2, Determine Complete HIV Kit, 100 Tests",390.64,4750,380000.0,PMO - US,"Alere Medical Co., Ltd.","HIV 1/2, Determine Complete HIV Kit",80.0,2/26/14,SCMS-228070,FPQ-13603,1/23/14,HRDT,104-CI-T30,16-Feb-15,Air,HIV test,100,0.8,"Orgenics, Ltd",EXW,1930
26571,ASN-5725,OraQuick,Botswana,05-Feb-10,05-Feb-10,MIssing,Test kit - Ancillary,Yes,322.12,Direct Drop,"#109435**HIV, OraQuick Controls Kit, 3 Vials",0.49,10,250.0,PMO - US,"Orasure Technologies, Inc USA","HIV, OraQuick Controls Kit, 3 Vials",25.0,9/30/09,SCMS-54170,FPQ-4167,09-09-09,HRDT,144-BW-T30,05-Feb-10,Air,HIV test - Ancillary,3,8.33,Orasure Technologies Inc.,EXW,6
82428,DN-2475,Generic,Nigeria,18-Dec-11,18-Dec-11,300/300mg,Tablet - FDC,Yes,15322.7,From RDC,"Lamivudine/Tenofovir Disoproxil Fumarate 300/300mg, tablets, 30 Tabs",589.91,43441,357519.43,PMO - US,Mylan (formerly Matrix) Nashik,Lamivudine/Tenofovir Disoproxil Fumarate,8.23,N/A - From RDC,SO-40663,FPQ-8364,8/29/11,ARV,151-NG-T30,16-Mar-12,Air Charter,Adult,30,0.27,SCMS from RDC,N/A - From RDC,3263
59448,ASN-26923,Generic,Vietnam,29-Jul-14,06-Aug-14,300mg,Tablet,No,See ASN-26923 (ID#:13027),Direct Drop,"Tenofovir Disoproxil Fumarate 300mg, tablets, 30 Tabs",39.05,10700,37985.0,PMO - US,Hetero Unit III Hyderabad IN,Tenofovir Disoproxil Fumarate,3.55,03-10-14,SCMS-226220,FPQ-13524,02-06-14,ARV,108-VN-T30,29-Jul-14,Air,Adult,30,0.12,HETERO LABS LIMITED,EXW,See ASN-26923 (ID#:13027)
11614,DN-944,Generic,Haiti,04-Nov-08,04-Nov-08,200mg,Tablet,No,See DN-944 (ID#:11012),From RDC,"Nevirapine 200mg, tablets, 60 Tabs",136.82,21814,69804.8,PMO - US,"Aurobindo Unit III, India",Nevirapine,3.2,N/A - From RDC,SO-15930,Pre-PQ Process,Pre-PQ Process,ARV,106-HT-T01,04-Nov-08,Air,Adult,60,0.05,SCMS from RDC,N/A - From RDC,See DN-944 (ID#:11012)
24116,ASN-27976,Generic,South Africa,27-Aug-14,27-Aug-14,200mg,Capsule,Yes,Freight Included in Commodity Cost,Direct Drop,"Efavirenz 200mg, capsule, 90 Caps",0.82,25,659.22,PMO - US,"Aurobindo Unit III, India",Efavirenz,26.37,8/27/14,SCMS-199283,FPQ-12522,07-11-13,ARV,116-ZA-T30,27-Aug-14,Truck,Pediatric,90,0.29,S. BUYS WHOLESALER,DDP,Weight Captured Separately
72770,ASN-28379,Determine,"Congo, DRC",31-Dec-14,31-Dec-14,MIssing,Test kit - Ancillary,No,See ASN-28379 (ID#:32865),Direct Drop,"Chase Buffer, Determine, 100 Tests, 2.5ml x 1 Vial",13.79,2683,13415.0,PMO - US,"Alere Medical Co., Ltd.","Chase Buffer, Determine, 100 Tests, 2.5ml x 1 Vial",5.0,8/27/14,SCMS-253270,FPQ-14654,08-11-14,HRDT,101-CD-T30,31-Dec-14,Air,HIV test - Ancillary,1,5.0,"Orgenics, Ltd",EXW,See ASN-28379 (ID#:32865)
11914,DN-875,Uni-Gold,Kenya,26-Aug-08,26-Aug-08,MIssing,Test kit,Yes,11898.8,From RDC,"HIV 1/2, Uni-Gold HIV Kit, 20 Tests",252.21,4926,157632.0,PMO - US,"Trinity Biotech, Plc","HIV 1/2, Uni-Gold HIV Kit",32.0,N/A - From RDC,SO-12690,Pre-PQ Process,Pre-PQ Process,HRDT,510-KE-T01,26-Aug-08,Air,HIV test,20,1.6,SCMS from RDC,N/A - From RDC,2695
82702,DN-3825,Generic,Zimbabwe,29-Jun-14,04-Aug-14,200mg,Tablet,Yes,43218.07,From RDC,"Nevirapine 200mg, tablets, 60 Tabs",224.1,100000,218000.0,PMO - US,"Micro labs, Verna, Goa, India",Nevirapine,2.18,N/A - From RDC,SO-47540,FPQ-13508,12/24/13,ARV,113-ZW-T30,30-Sep-14,Truck,Adult,60,0.04,SCMS from RDC,N/A - From RDC,64918
3375,ASN-2921,Generic,CÃte dIvoire,23-Jan-09,23-Jan-09,50+153mg,Tablet - FDC + co-blister,No,See ASN-2921 (ID#:719),Direct Drop,"Artesunate+Amodiaquine 50+153mg, tablets, co-blister 6+6 Tabs",38.22,50000,19500.0,PMO - US,Ipca Dadra/Nagar Haveli IN,Artesunate+Amodiaquine,0.39,09-03-08,SCMS-29340,Pre-PQ Process,Pre-PQ Process,ACT,104-CI-T01,23-Jan-09,Air,ACT,12,0.03,IDA FOUNDATION,EXW,See ASN-2921 (ID#:719)
79955,ASN-32420,Isentress,Mozambique,09-Jun-15,16-Jul-15,400mg,Tablet,No,Freight Included in Commodity Cost,Direct Drop,"Raltegravir 400mg [Isentress], tablets, 60 Tabs",10.58,162,8991.0,PMO - US,"MSD, Haarlem, NL",Raltegravir,55.5,12/19/14,SCMS-270120,FPQ-15221,10/28/14,ARV,111-MZ-T30,09-Jun-15,Air,Adult,60,0.92,MERCK SHARP & DOHME IDEA GMBH (FORMALLY MERCK SHARP & DOHME B.V.),CIP,Weight Captured Separately
9034,ASN-4668,Generic,South Africa,03-Apr-09,03-Apr-09,300mg,Tablet,Yes,Freight Included in Commodity Cost,Direct Drop,"Zidovudine 300mg, tablets, 60 Tabs",92.1,4023,46988.64,PMO - US,"Aurobindo Unit III, India",Zidovudine,11.68,3/13/09,SCMS-41100,Pre-PQ Process,Pre-PQ Process,ARV,116-ZA-T01,17-Jun-09,Air,Adult,60,0.19,S. BUYS WHOLESALER,DDP,Weight Captured Separately
85035,DN-4177,Generic,CÃte dIvoire,29-May-15,18-Jun-15,300mg,Tablet,No,See DN-4177 (ID#:82804),From RDC,"Tenofovir Disoproxil Fumarate 300mg, tablets, 30 Tabs",27.37,7500,26625.0,PMO - US,Mylan (formerly Matrix) Nashik,Tenofovir Disoproxil Fumarate,3.55,N/A - From RDC,SO-49090,FPQ-14370,5/23/14,ARV,104-CI-T30,29-May-15,Truck,Adult,30,0.12,SCMS from RDC,N/A - From RDC,See DN-4177 (ID#:82804)
84033,DN-1985,Generic,Dominican Republic,28-Aug-10,28-Aug-10,150/300/200mg,Tablet - FDC,No,See DN-1985 (ID#:82911),From RDC,"Lamivudine/Nevirapine/Zidovudine 150/200/300mg, tablets, 60 Tabs",217.71,9000,100980.0,PMO - US,"Aurobindo Unit III, India",Lamivudine/Nevirapine/Zidovudine,11.22,N/A - From RDC,SO-37200,FPQ-6079,7/16/10,ARV,100-DO-T30,30-Aug-10,Air,Adult,60,0.19,SCMS from RDC,N/A - From RDC,See DN-1985 (ID#:82911)
86133,DN-3910,Generic,Tanzania,17-Oct-14,07-Nov-14,30/50/60mg,Chewable/dispersible tablet - FDC,Yes,2151.27,From RDC,"Lamivudine/Nevirapine/Zidovudine 30/50/60mg, dispersible tablets, 60 Tabs",211.93,54976,206160.0,PMO - US,"Strides, Bangalore, India.",Lamivudine/Nevirapine/Zidovudine,3.75,N/A - From RDC,SO-49640,FPQ-14041,04-11-14,ARV,109-TZ-T30,11-Nov-14,Truck,Pediatric,60,0.06,SCMS from RDC,N/A - From RDC,2356
68457,ASN-11511,Generic,South Africa,05-Sep-11,05-Sep-11,300mg,Tablet,Yes,Freight Included in Commodity Cost,Direct Drop,"Tenofovir Disoproxil Fumarate 300mg, tablets, 30 Tabs",318.54,29031,193056.15,PMO - US,"Aurobindo Unit III, India",Tenofovir Disoproxil Fumarate,6.65,12/14/10,SCMS-93550,FPQ-6708,11/26/10,ARV,161-ZA-T30,13-Jun-11,Ocean,Adult,30,0.22,Aurobindo Pharma Limited,DDP,Weight Captured Separately
84617,DN-2098,Generic,CÃte dIvoire,22-Feb-11,22-Feb-11,200/300mg,Tablet - FDC,No,See DN-2098 (ID#:83482),From RDC,"Emtricitabine/Tenofovir Disoproxil Fumarate 200/300mg, tablets, 30 Tabs",233.55,9920,108326.4,PMO - US,Mylan (formerly Matrix) Nashik,Emtricitabine/Tenofovir Disoproxil Fumarate,10.92,N/A - From RDC,SO-37710,FPQ-6495,10-04-10,ARV,104-CI-T30,31-Jan-11,Truck,Adult,30,0.36,SCMS from RDC,N/A - From RDC,See DN-2098 (ID#:83482)
86161,DN-4092,Generic,CÃte dIvoire,12-Mar-15,13-Mar-15,200/50mg,Tablet,Yes,8936.06,From RDC,"Lopinavir/Ritonavir 200/50mg, tablets, 120 Tabs",233.41,11728,227054.08,PMO - US,"Aurobindo Unit III, India",Lopinavir/Ritonavir,19.36,N/A - From RDC,SO-47910,FPQ-13628,1/29/14,ARV,104-CI-T30,25-Feb-15,Truck,Adult,120,0.16,SCMS from RDC,N/A - From RDC,2932
75554,ASN-31820,Generic,Haiti,03-Jul-15,13-Jul-15,600/300/300mg,Tablet - FDC,No,See ASN-31820 (ID#:16098),Direct Drop,"Efavirenz/Lamivudine/Tenofovir Disoproxil Fumarate 600/300/300mg, tablets, 30 Tabs",684.5,65025,665856.0,PMO - US,Mylan (formerly Matrix) Nashik,Efavirenz/Lamivudine/Tenofovir Disoproxil Fumarate,10.24,12/24/14,SCMS-262840,FPQ-15038,10/22/14,ARV,106-HT-T30,03-Jul-15,Ocean,Adult,30,0.34,MYLAN LABORATORIES LTD (FORMERLY MATRIX LABORATORIES),EXW,See ASN-31820 (ID#:16098)
58440,ASN-30792,Generic,South Africa,19-Feb-15,19-Feb-15,50mg,Capsule,No,Freight Included in Commodity Cost,Direct Drop,"Efavirenz 50mg, capsule, 30 Caps",0.01,3,8.99,PMO - US,"Aurobindo Unit III, India",Efavirenz,3.0,05-08-14,SCMS-238550,FPQ-13973,4/30/14,ARV,116-ZA-T30,19-Feb-15,Truck,Pediatric,30,0.1,PHARMACY DIRECT,DDP,Weight Captured Separately
14384,ASN-24302,Generic,Tanzania,22-Mar-14,22-Mar-14,50mg,Capsule,Yes,8403.67,Direct Drop,"Efavirenz 50mg, capsule, 30 Caps",40.27,20867,32552.52,PMO - US,"Aurobindo Unit III, India",Efavirenz,1.56,10/28/13,SCMS-210920,FPQ-13048,10-03-13,ARV,109-TZ-T30,22-Mar-14,Air,Pediatric,30,0.05,Aurobindo Pharma Limited,EXW,1337
35559,ASN-27976,Generic,South Africa,27-Aug-14,27-Aug-14,50mg,Capsule,No,Freight Included in Commodity Cost,Direct Drop,"Efavirenz 50mg, capsule, 30 Caps",0.07,18,59.69,PMO - US,"Aurobindo Unit III, India",Efavirenz,3.32,8/27/14,SCMS-199283,FPQ-12522,07-11-13,ARV,116-ZA-T30,27-Aug-14,Truck,Pediatric,30,0.11,S. BUYS WHOLESALER,DDP,Weight Captured Separately
86821,DN-4316,Generic,Zambia,25-Aug-15,03-Sep-15,600/300/300mg,Tablet - FDC,No,Freight Included in Commodity Cost,From RDC,"Efavirenz/Lamivudine/Tenofovir Disoproxil Fumarate 600/300/300mg, tablets, 30 Tabs",5284.04,514526,5140114.74,PMO - US,Cipla Ltd A-42 MIDC Mahar. IN,Efavirenz/Lamivudine/Tenofovir Disoproxil Fumarate,9.99,N/A - From RDC,SO-49600,FPQ-14784,08-12-14,ARV,110-ZM-T30,31-Aug-15,Truck,Adult,30,0.33,SCMS from RDC,N/A - From RDC,Weight Captured Separately
5647,ASN-1618,Generic,Uganda,22-May-08,22-May-08,MIssing,Test kit - Ancillary,Yes,360,Direct Drop,"HIV, Lancet, Safety, for HIV Test kits, 100 Pcs",0.01,850,8.5,PMO - US,Inverness Japan,"HIV, Lancet, Safety, for HIV Test kits, 100 Pcs",0.01,03-11-08,SCMS-18750,Pre-PQ Process,Pre-PQ Process,HRDT,114-UG-T01,22-May-08,Air,HIV test - Ancillary,100,0.0,"Orgenics, Ltd",EXW,56
55730,ASN-30197,Isentress,Mozambique,20-Jan-15,20-Jan-15,400mg,Tablet,Yes,Freight Included in Commodity Cost,Direct Drop,"Raltegravir 400mg [Isentress], tablets, 60 Tabs",2.28,40,2220.0,PMO - US,"MSD, Haarlem, NL",Raltegravir,55.5,7/25/14,SCMS-247370,FPQ-14235,5/21/14,ARV,111-MZ-T30,20-Jan-15,Air,Adult,60,0.92,MERCK SHARP & DOHME IDEA GMBH (FORMALLY MERCK SHARP & DOHME B.V.),CIP,Weight Captured Separately
84795,DN-3046,Generic,CÃte dIvoire,08-Mar-13,08-Mar-13,300mg,Tablet,No,See DN-3046 (ID#:83119),From RDC,"Tenofovir Disoproxil Fumarate 300mg, tablets, 30 Tabs",25.49,4500,18180.0,PMO - US,Mylan (formerly Matrix) Nashik,Tenofovir Disoproxil Fumarate,4.04,N/A - From RDC,SO-43340,FPQ-10633,09-11-12,ARV,104-CI-T30,30-Apr-13,Truck,Adult,30,0.13,SCMS from RDC,N/A - From RDC,See DN-3046 (ID#:83119)
81254,ASN-30183,Generic,Haiti,13-Mar-15,18-Mar-15,20mg/ml,Oral solution,No,See ASN-30183 (ID#:51410),Direct Drop,"Abacavir 20mg/ml, oral solution, Bottle, 240 ml",2.11,300,2049.0,PMO - US,"Aurobindo Unit III, India",Abacavir,6.83,12/24/14,SCMS-262910,FPQ-15038,10/22/14,ARV,106-HT-T30,13-Mar-15,Ocean,Pediatric,240,0.03,Aurobindo Pharma Limited,EXW,See ASN-30183 (ID#:51410)
83678,DN-3125,Generic,South Sudan,24-Apr-13,24-Apr-13,150/300/200mg,Tablet - FDC,No,See DN-3125 (ID#:82571),From RDC,"Lamivudine/Nevirapine/Zidovudine 150/200/300mg, tablets, 60 Tabs",39.76,3746,32140.68,PMO - US,Hetero Unit III Hyderabad IN,Lamivudine/Nevirapine/Zidovudine,8.58,N/A - From RDC,SO-44630,FPQ-11489,1/16/13,ARV,103-SS-T30,30-Apr-13,Air,Adult,60,0.14,SCMS from RDC,N/A - From RDC,See DN-3125 (ID#:82571)
83180,DN-3401,Generic,Tanzania,16-Dec-13,17-Jan-14,200mg,Tablet,Yes,7134.39,From RDC,"Nevirapine 200mg, tablets, 60 Tabs",87.07,31144,70385.44,PMO - US,Hetero Unit III Hyderabad IN,Nevirapine,2.26,N/A - From RDC,SO-46680,FPQ-13042,10-01-13,ARV,109-TZ-T30,26-Dec-13,Truck,Adult,60,0.04,SCMS from RDC,N/A - From RDC,10109
11615,DN-1059,Generic,Nigeria,19-Jan-09,19-Jan-09,200mg,Tablet,No,See DN-1059 (ID#:11016),From RDC,"Nevirapine 200mg, tablets, 60 Tabs",154.91,1923,79035.3,PMO - US,"Aurobindo Unit III, India",Nevirapine,41.1,N/A - From RDC,SO-20950,Pre-PQ Process,Pre-PQ Process,ARV,112-NG-T01,19-Jan-09,Air,Adult,60,0.68,SCMS from RDC,N/A - From RDC,See DN-1059 (ID#:11016)
2173,ASN-3110,Clearview,Namibia,27-Jan-09,27-Jan-09,MIssing,Test kit,Yes,963.34,Direct Drop,"HIV 1/2, Clearview Complete Kit, 25 Tests",0.44,3,225.0,PMO - US,Inverness USA,"HIV 1/2, Clearview Complete Kit",75.0,11/20/08,SCMS-33850,Pre-PQ Process,Pre-PQ Process,HRDT,141-NA-T01,27-Jan-09,Air,HIV test,25,3.0,INVERNESS MEDICAL INNOVATIONS SOUTH AFRICA (PTY) LTD,EXW,3
66438,ASN-18407,Generic,Haiti,11-Mar-13,11-Mar-13,400mg,Delayed-release capsules,Yes,1119.09,Direct Drop,"Didanosine 400mg, delayed-release capsules, 30 Caps",9.5,384,7680.0,PMO - US,"Aurobindo Unit III, India",Didanosine,20.0,02-05-13,SCMS-176320,FPQ-11286,1/16/13,ARV,106-HT-T30,11-Mar-13,Air,Adult,30,0.67,Aurobindo Pharma Limited,EXW,30
37040,ASN-5454,Viramune,South Africa,27-Oct-09,27-Oct-09,200mg,Tablet,Yes,Freight Included in Commodity Cost,Direct Drop,"Nevirapine 200mg [Viramune], tablets, 60 Tabs",199.02,5000,101541.09,PMO - US,"Boehringer Ing., Koropi, GR",Nevirapine,20.31,9/22/09,SCMS-50360,FPQ-3596,05-07-09,ARV,116-ZA-T30,27-Oct-09,Truck,Adult,60,0.34,S. BUYS WHOLESALER,DDP,Weight Captured Separately
46895,ASN-24162,Stat-Pak,Nigeria,06-Feb-14,07-Feb-14,MIssing,Test kit,Yes,5850.25,Direct Drop,"HIV 1/2, Stat-Pak HIV, Kit, 20 Tests",138.03,3487,111584.0,PMO - US,Chembio Diagnostics Sys. Inc.,"HIV 1/2, Stat-Pak HIV, Kit",32.0,11-01-13,SCMS-210341,FPQ-12812,8/13/13,HRDT,133-NG-T30,06-Feb-14,Air,HIV test,20,1.6,"CHEMBIO DIAGNOSTIC SYSTEMS, INC.",EXW,1252
36541,ASN-24415,Generic,South Africa,06-Feb-14,06-Feb-14,200mg,Capsule,No,Freight Included in Commodity Cost,Direct Drop,"Efavirenz 200mg, capsule, 90 Caps",2.46,85,1985.58,PMO - US,"Aurobindo Unit III, India",Efavirenz,23.36,12-02-13,SCMS-215370,FPQ-13035,10-08-13,ARV,116-ZA-T30,06-Feb-14,Truck,Pediatric,90,0.26,S. BUYS WHOLESALER,DDP,Weight Captured Separately
13161,ASN-7440,Generic,South Africa,24-Aug-10,24-Aug-10,600mg,Tablet,Yes,5886.9,Direct Drop,"Efavirenz 600mg, tablets, 30 Tabs",572.67,56877,265615.59,PMO - US,"Aurobindo Unit III, India",Efavirenz,4.67,3/19/10,SCMS-68910,FPQ-5303,3/18/10,ARV,161-ZA-T30,24-Aug-10,Air,Adult,30,0.16,Aurobindo Pharma Limited,DDP,4815
76603,ASN-28036,Generic,South Africa,29-Aug-14,29-Aug-14,300mg,Tablet,No,Freight Included in Commodity Cost,Direct Drop,"Zidovudine 300mg, tablets, 60 Tabs",0.23,7,189.78,PMO - US,Mylan (formerly Matrix) Nashik,Zidovudine,27.11,8/29/14,SCMS-199289,FPQ-12522,07-11-13,ARV,116-ZA-T30,29-Aug-14,Truck,Adult,60,0.45,S. BUYS WHOLESALER,DDP,Weight Captured Separately
26345,ASN-19143,Determine,South Sudan,16-Aug-13,16-Aug-13,MIssing,Test kit - Ancillary,Yes,2590.24,Direct Drop,"Capillary Tubes, for Determine, EDTA, 50uL,100 Pcs",2.12,214,1712.0,PMO - US,"Alere Medical Co., Ltd.","HIV, Capillary Tubes, for Determine, EDTA, 50uL,100 Pcs",8.0,2/27/13,SCMS-178030,FPQ-11623,02-08-13,HRDT,900-SS-T30,16-Aug-13,Air,HIV test - Ancillary,100,0.08,"Orgenics, Ltd",EXW,97
16656,ASN-24764,Aluvia,Vietnam,04-Apr-14,05-Apr-14,200/50mg,Tablet,Yes,1565.1,Direct Drop,"Lopinavir/Ritonavir 200/50mg [Aluvia], tablets, 120 Tabs",148.14,1969,119754.58,PMO - US,ABBVIE Ludwigshafen Germany,Lopinavir/Ritonavir,60.82,10-10-13,SCMS-210020,FPQ-13034,10-04-13,ARV,108-VN-T30,04-Apr-14,Air,Adult,120,0.51,ABBVIE LOGISTICS (FORMERLY ABBOTT LOGISTICS BV),FCA,484
12838,DN-850,Generic,Mozambique,05-Sep-08,05-Sep-08,150/30mg,Tablet - FDC,No,See DN-850 (ID#:10733),From RDC,"Lamivudine/Stavudine 150/30mg, tablets, 60 Tabs",74.76,11980,46722.0,PMO - US,Mylan (formerly Matrix) Nashik,Lamivudine/Stavudine,3.9,N/A - From RDC,SO-2424,Pre-PQ Process,Pre-PQ Process,ARV,111-MZ-T01,05-Sep-08,Air,Adult,60,0.06,SCMS from RDC,N/A - From RDC,See DN-850 (ID#:10733)
63537,ASN-29928,Determine,Nigeria,19-Jan-15,22-Jan-15,MIssing,Test kit,Yes,31306.65,Direct Drop,"HIV 1/2, Determine Complete HIV Kit, 100 Tests",561.12,6133,545837.0,PMO - US,"Alere Medical Co., Ltd.","HIV 1/2, Determine Complete HIV Kit",89.0,10/29/14,SCMS-260700,FPQ-14995,9/22/14,HRDT,133-NG-T30,19-Jan-15,Air,HIV test,100,0.89,"Orgenics, Ltd",EXW,2483
82566,DN-3099,Generic,Guyana,19-Apr-13,19-Apr-13,300mg,Tablet,Yes,5724.4,From RDC,"Zidovudine 300mg, tablets, 60 Tabs",16.11,1927,13026.52,PMO - US,"Aurobindo Unit III, India",Zidovudine,6.76,N/A - From RDC,SO-44500,FPQ-11546,1/28/13,ARV,105-GY-T30,18-Apr-13,Air,Adult,60,0.11,SCMS from RDC,N/A - From RDC,466
47937,ASN-24570,Generic,Vietnam,22-Apr-14,22-Apr-14,600/300/300mg,Tablet - FDC,Yes,8764.53,Direct Drop,"Efavirenz/Lamivudine/Tenofovir Disoproxil Fumarate 600/300/300mg, tablets, 30 Tabs",314.22,24192,254016.0,PMO - US,Hetero Unit III Hyderabad IN,Efavirenz/Lamivudine/Tenofovir Disoproxil Fumarate,10.5,10-10-13,SCMS-210150,FPQ-13034,10-04-13,ARV,108-VN-T30,22-Apr-14,Air,Adult,30,0.35,HETERO LABS LIMITED,EXW,3385
82530,DN-2942,Generic,Zimbabwe,11-Dec-12,11-Dec-12,30/50/6mg,Chewable/dispersible tablet - FDC,Yes,9251.8,From RDC,"Lamivudine/Nevirapine/Stavudine 30/50/6mg, dispersible tablets, 60 Tabs",65.95,20451,47037.3,PMO - US,"Cipla, Goa, India",Lamivudine/Nevirapine/Stavudine,2.3,N/A - From RDC,SO-42220,FPQ-9907,5/15/12,ARV,103-ZW-T30,14-Dec-12,Truck,Pediatric,60,0.04,SCMS from RDC,N/A - From RDC,10118
11433,DN-308,Generic,Mozambique,04-Sep-07,04-Sep-07,30mg,Capsule,Yes,1998.5,From RDC,"Stavudine 30mg, capsules, 60 Caps",1.53,630,957.6,PMO - US,"Aurobindo Unit III, India",Stavudine,1.52,N/A - From RDC,SO-927,Pre-PQ Process,Pre-PQ Process,ARV,111-MZ-T01,04-Sep-07,Air,Adult,60,0.03,SCMS from RDC,N/A - From RDC,36
35788,ASN-13565,Uni-Gold,"Congo, DRC",03-Aug-12,03-Aug-12,MIssing,Test kit,Yes,1367.59,Direct Drop,"HIV 1/2, Uni-Gold HIV Kit, 20 Tests",6.15,137,4384.0,PMO - US,"Trinity Biotech, Plc","HIV 1/2, Uni-Gold HIV Kit",32.0,01-09-12,SCMS-131060,FPQ-8792,12/14/11,HRDT,101-CD-T30,03-Aug-12,Air,HIV test,20,1.6,"Trinity Biotech, Plc",EXW,62
82800,DN-4251,Generic,Zambia,15-May-15,15-May-15,150mg,Tablet,Yes,9341.81,From RDC,"Lamivudine 150mg, tablets, 60 Tabs",121.63,68000,118320.0,PMO - US,Hetero Unit III Hyderabad IN,Lamivudine,1.74,N/A - From RDC,SO-49570,FPQ-14784,08-12-14,ARV,110-ZM-T30,15-Jun-15,Truck,Adult,60,0.03,SCMS from RDC,N/A - From RDC,6221
10811,DN-28,Norvir,CÃte dIvoire,08-Mar-07,08-Mar-07,100mg,Capsule,Yes,3660.4,From RDC,"Ritonavir 100mg [Norvir], capsules, cool, 4 x 84 Caps",MIssing,360,13809.6,PMO - US,ABBVIE (Abbott) France,Ritonavir,38.36,N/A - From RDC,SO-350,Pre-PQ Process,Pre-PQ Process,ARV,100-CI-T01,08-Mar-07,MIssing,Adult,336,0.11,SCMS from RDC,N/A - From RDC,630
85594,DN-4255,Generic,CÃte dIvoire,08-Jun-15,19-Jun-15,600mg,Tablet,No,See DN-4255 (ID#:83911),From RDC,"Efavirenz 600mg, tablets, 30 Tabs",166,45204,141036.48,PMO - US,"Strides, Bangalore, India.",Efavirenz,3.12,N/A - From RDC,SO-50100,FPQ-15259,10/24/14,ARV,104-CI-T30,19-Jun-15,Truck,Adult,30,0.1,SCMS from RDC,N/A - From RDC,See DN-4255 (ID#:83911)
12451,DN-567,Generic,Nigeria,24-Jan-08,24-Jan-08,150/300/200mg,Tablet - FDC,Yes,3228,From RDC,"Lamivudine/Nevirapine/Zidovudine 150/200/300mg, tablets, 60 Tabs",158.62,4836,99138.0,PMO - US,"Aurobindo Unit III, India",Lamivudine/Nevirapine/Zidovudine,20.5,N/A - From RDC,SO-1430,Pre-PQ Process,Pre-PQ Process,ARV,112-NG-T01,16-Jan-08,Air,Adult,60,0.34,SCMS from RDC,N/A - From RDC,531
6369,ASN-3748,Aluvia,Haiti,15-Apr-09,15-Apr-09,200/50mg,Tablet,Yes,807.28,Direct Drop,"Lopinavir/Ritonavir 200/50mg [Aluvia], tablets, 120 Tabs",0.81,10,411.0,PMO - US,ABBVIE Ludwigshafen Germany,Lopinavir/Ritonavir,41.1,03-06-09,SCMS-40030,Pre-PQ Process,Pre-PQ Process,ARV,106-HT-T01,15-Apr-09,Air,Adult,120,0.34,ABBVIE LOGISTICS (FORMERLY ABBOTT LOGISTICS BV),FCA,9
17245,ASN-24721,Uni-Gold,"Congo, DRC",04-Apr-14,28-Apr-14,MIssing,Test kit,No,See ASN-24721 (ID#:13708),Direct Drop,"HIV 1/2, Uni-Gold HIV Kit, 20 Tests",0.89,27,864.0,PMO - US,"Trinity Biotech, Plc","HIV 1/2, Uni-Gold HIV Kit",32.0,1/28/14,SCMS-224840,FPQ-13548,1/22/14,HRDT,101-CD-T30,04-Apr-14,Air,HIV test,20,1.6,"Trinity Biotech, Plc",EXW,See ASN-24721 (ID#:13708)
59673,ASN-15795,Generic,Vietnam,22-Aug-12,22-Aug-12,200mg,Capsule,No,See ASN-15795 (ID#:16725),Direct Drop,"Efavirenz 200mg, capsule, 90 Caps",9.81,1000,7000.0,PMO - US,"Aurobindo Unit III, India",Efavirenz,7.0,06-12-12,SCMS-145520,FPQ-9577,04-11-12,ARV,108-VN-T30,22-Aug-12,Air,Pediatric,90,0.08,Aurobindo Pharma Limited,EXW,See ASN-15795 (ID#:16725)
85708,DN-2014,Generic,Mozambique,29-Oct-10,29-Oct-10,150/300/200mg,Tablet - FDC,Yes,11884.42,From RDC,"Lamivudine/Nevirapine/Zidovudine 150/200/300mg, tablets, 60 Tabs",1174.46,48551,544742.22,PMO - US,Mylan (formerly Matrix) Nashik,Lamivudine/Nevirapine/Zidovudine,11.22,N/A - From RDC,SO-36020,FPQ-5127,2/15/10,ARV,111-MZ-T30,15-Oct-10,Truck,Adult,60,0.19,SCMS from RDC,N/A - From RDC,15664
12079,DN-264,Uni-Gold,Rwanda,06-Aug-07,06-Aug-07,MIssing,Test kit,Yes,1604.96,From RDC,"HIV 1/2, Uni-Gold HIV Kit, 20 Tests",4.71,92,2944.0,PMO - US,"Trinity Biotech, Plc","HIV 1/2, Uni-Gold HIV Kit",32.0,N/A - From RDC,SO-825,Pre-PQ Process,Pre-PQ Process,HRDT,107-RW-T01,06-Aug-07,Air,HIV test,20,1.6,SCMS from RDC,N/A - From RDC,28
67917,ASN-8900,Generic,South Africa,06-Jan-11,06-Jan-11,150mg,Tablet,Yes,Freight Included in Commodity Cost,Direct Drop,"Lamivudine 150mg, tablets, 60 Tabs",100.03,19172,46396.24,PMO - US,"Aurobindo Unit III, India",Lamivudine,2.42,6/17/10,SCMS-75460,FPQ-5648,06-02-10,ARV,161-ZA-T30,04-Mar-11,Ocean,Adult,60,0.04,Aurobindo Pharma Limited,DDP,Weight Captured Separately
71536,ASN-29374,Generic,Vietnam,17-Dec-14,17-Dec-14,600/300/300mg,Tablet - FDC,Yes,4427.52,Direct Drop,"Efavirenz/Lamivudine/Tenofovir Disoproxil Fumarate 600/300/300mg, tablets, 30 Tabs",225.12,20856,218988.0,PMO - US,Hetero Unit III Hyderabad IN,Efavirenz/Lamivudine/Tenofovir Disoproxil Fumarate,10.5,08-11-14,SCMS-249050,FPQ-14516,07-09-14,ARV,108-VN-T30,17-Dec-14,Air,Adult,30,0.35,HETERO LABS LIMITED,EXW,2959
78733,ASN-12376,Generic,South Africa,22-Nov-11,22-Nov-11,300mg,Tablet,Yes,3341.45,Direct Drop,"Zidovudine 300mg, tablets, 60 Tabs",118.39,9829,71751.7,PMO - US,"Aurobindo Unit III, India",Zidovudine,7.3,3/24/11,SCMS-103400,FPQ-7175,03-10-11,ARV,161-ZA-T30,22-Nov-11,Ocean,Adult,60,0.12,Aurobindo Pharma Limited,DDP,509
14016,ASN-28062,Generic,Vietnam,07-Nov-14,08-Nov-14,200mg,Tablet,Yes,2800.95,Direct Drop,"Nevirapine 200mg, tablets, 60 Tabs",16.25,7600,15808.0,PMO - US,"Micro labs, Verna, Goa, India",Nevirapine,2.08,4/30/14,SCMS-236070,FPQ-13976,04-08-14,ARV,108-VN-T30,07-Nov-14,Air,Adult,60,0.03,MICRO LABS LIMITED,EXW,1292
84970,DN-3874,Generic,Mozambique,27-Oct-14,07-Nov-14,150/300/200mg,Tablet - FDC,Yes,6507.33,From RDC,"Lamivudine/Nevirapine/Zidovudine 150/200/300mg, tablets, 60 Tabs",624.7,74930,607682.3,PMO - US,Mylan (formerly Matrix) Nashik,Lamivudine/Nevirapine/Zidovudine,8.11,N/A - From RDC,SO-47704,FPQ-13575,1/17/14,ARV,111-MZ-T30,31-Aug-14,Truck,Adult,60,0.14,SCMS from RDC,N/A - From RDC,9100
35323,ASN-22107,Norvir,CÃte dIvoire,17-Oct-13,28-Oct-13,100mg,Tablet,Yes,1743.84,Direct Drop,"Ritonavir 100mg [Norvir], film coated tablets, 60 Tabs",6.61,780,5343.0,PMO - US,ABBVIE Ludwigshafen Germany,Ritonavir,6.85,06-12-13,SCMS-191960,FPQ-12150,4/29/13,ARV,104-CI-T30,17-Oct-13,Air,Adult,60,0.11,ABBVIE LOGISTICS (FORMERLY ABBOTT LOGISTICS BV),FCA,102
38843,ASN-33569,Determine,Cameroon,11-Aug-15,11-Aug-15,MIssing,Test kit,Yes,Invoiced Separately,Direct Drop,"HIV 1/2, Determine Complete HIV Kit, 100 Tests",11.3,120,9600.0,PMO - US,"Alere Medical Co., Ltd.","HIV 1/2, Determine Complete HIV Kit",80.0,6/25/15,SCMS-291910,FPQ-16474,06-09-15,HRDT,103-CM-T30,11-Aug-15,Air,HIV test,100,0.8,"Orgenics, Ltd",EXW,Weight Captured Separately
11840,DN-572,Determine,Rwanda,28-Jan-08,28-Jan-08,MIssing,Test kit,Yes,8143.19,From RDC,"HIV 1/2, Determine HIV Kit, without Lancets, 100 Tests",143.98,1250,89987.5,PMO - US,Inverness Japan,"HIV 1/2, Determine HIV Kit, without Lancets",71.99,N/A - From RDC,SO-1223,Pre-PQ Process,Pre-PQ Process,HRDT,107-RW-T01,28-Jan-08,Air,HIV test,100,0.72,SCMS from RDC,N/A - From RDC,362
49085,ASN-12828,Determine,Sudan,06-Jan-12,06-Jan-12,MIssing,Test kit - Ancillary,Yes,942.64,Direct Drop,"Capillary Tubes, for Determine, EDTA, 50uL,100 Pcs",0.05,4,32.0,PMO - US,"Alere Medical Co., Ltd.","HIV, Capillary Tubes, for Determine, EDTA, 50uL,100 Pcs",8.0,9/14/11,SCMS-121840,FPQ-8264,09-07-11,HRDT,102-SD-T30,06-Jan-12,Air,HIV test - Ancillary,100,0.08,"Orgenics, Ltd",EXW,2
51833,ASN-33852,Generic,South Africa,24-Aug-15,24-Aug-15,20mg/ml,Oral solution,No,Freight Included in Commodity Cost,Direct Drop,"Abacavir 20mg/ml, oral solution, Bottle, 240 ml",0.51,26,493.97,PMO - US,"Aurobindo Unit III, India",Abacavir,19.0,10-09-14,SCMS-259079,FPQ-14942,09-11-14,ARV,116-ZA-T30,24-Aug-15,Truck,Pediatric,240,0.08,PHARMACY DIRECT,DDP,Weight Captured Separately
12378,DN-270,Generic,Zambia,07-Aug-07,07-Aug-07,600mg,Tablet,No,See DN-270 (ID#:10843),From RDC,"Efavirenz 600mg, tablets, 30 Tabs",1257.82,48348,786138.48,PMO - US,"Aurobindo Unit III, India",Efavirenz,16.26,N/A - From RDC,SO-314,Pre-PQ Process,Pre-PQ Process,ARV,110-ZM-T01,07-Aug-07,MIssing,Adult,30,0.54,SCMS from RDC,N/A - From RDC,See DN-270 (ID#:10843)
85592,DN-4245,Generic,Nigeria,15-Apr-15,20-Apr-15,150/300/200mg,Tablet - FDC,Yes,12082,From RDC,"Lamivudine/Nevirapine/Zidovudine 150/200/300mg, tablets, 60 Tabs",396.81,50000,386000.0,PMO - US,"Strides, Bangalore, India.",Lamivudine/Nevirapine/Zidovudine,7.72,N/A - From RDC,SO-49938,FPQ-14989,9/19/14,ARV,151-NG-T30,30-Jun-15,Air Charter,Adult,60,0.13,SCMS from RDC,N/A - From RDC,6201
72066,ASN-28033,Aluvia,South Africa,29-Aug-14,29-Aug-14,200/50mg,Tablet,No,Freight Included in Commodity Cost,Direct Drop,"Lopinavir/Ritonavir 200/50mg [Aluvia], tablets, 120 Tabs",2.23,70,1803.18,PMO - US,ABBVIE Ludwigshafen Germany,Lopinavir/Ritonavir,25.76,8/29/14,SCMS-199289,FPQ-12522,07-11-13,ARV,116-ZA-T30,29-Aug-14,Truck,Adult,120,0.21,S. BUYS WHOLESALER,DDP,Weight Captured Separately
82688,DN-3890,Generic,Zimbabwe,15-Sep-14,17-Oct-14,60/30mg,Tablet - FDC,Yes,1521.08,From RDC,"Abacavir/Lamivudine 60/30mg, tablets, 60 Tabs",93.39,23000,90850.0,PMO - US,Mylan (formerly Matrix) Nashik,Abacavir/Lamivudine,3.95,N/A - From RDC,SO-48471,FPQ-13990,04-01-14,ARV,103-ZW-T30,30-Aug-14,Truck,Pediatric,60,0.07,SCMS from RDC,N/A - From RDC,952
11808,DN-422,Generic,Nigeria,09-Nov-07,09-Nov-07,10mg/ml,Oral suspension,No,See DN-422 (ID#:10634),From RDC,"Nevirapine 10mg/ml, oral suspension, Bottle, 240 ml",0.35,35,217.0,PMO - US,"Aurobindo Unit III, India",Nevirapine,6.2,N/A - From RDC,SO-1109,Pre-PQ Process,Pre-PQ Process,ARV,112-NG-T01,09-Nov-07,Air,Pediatric,240,0.03,SCMS from RDC,N/A - From RDC,See DN-422 (ID#:10634)
24591,ASN-10712,Aluvia,Vietnam,28-May-11,28-May-11,200/50mg,Tablet,Yes,9193.82,Direct Drop,"Lopinavir/Ritonavir 200/50mg [Aluvia], tablets, 120 Tabs",408.25,3010,247422.0,PMO - US,ABBVIE Ludwigshafen Germany,Lopinavir/Ritonavir,82.2,2/15/11,SCMS-98060,FPQ-6818,1/17/11,ARV,108-VN-T30,28-May-11,Air,Adult,120,0.68,ABBVIE LOGISTICS (FORMERLY ABBOTT LOGISTICS BV),FCA,756
82307,DN-1729,Generic,Nigeria,31-Mar-10,31-Mar-10,300mg,Tablet,Yes,Freight Included in Commodity Cost,From RDC,"Tenofovir Disoproxil Fumarate 300mg, tablets, 30 Tabs",8.77,500,4070.0,PMO - US,Mylan (formerly Matrix) Nashik,Tenofovir Disoproxil Fumarate,8.14,N/A - From RDC,SO-35140,FPQ-4537,11-06-09,ARV,151-NG-T30,19-Apr-10,Air Charter,Adult,30,0.27,SCMS from RDC,N/A - From RDC,28
39556,ASN-12163,Uni-Gold,Namibia,05-Oct-11,05-Oct-11,MIssing,Test kit,Yes,6654.24,Direct Drop,"HIV 1/2, Uni-Gold HIV Kit, 20 Tests",39.6,750,24000.0,PMO - US,"Trinity Biotech, Plc","HIV 1/2, Uni-Gold HIV Kit",32.0,08-03-11,SCMS-117200,FPQ-8072,7/22/11,HRDT,153-NA-T30,05-Oct-11,Air,HIV test,20,1.6,"Trinity Biotech, Plc",EXW,248
82663,DN-3612,Generic,Mozambique,23-May-14,04-Jun-14,10mg/ml,Oral suspension,Yes,12803.35,From RDC,"Nevirapine 10mg/ml, oral suspension w/syringe, Bottle, 240 ml",50.1,26200,48732.0,PMO - US,"Aurobindo Unit III, India",Nevirapine,1.86,N/A - From RDC,SO-47082,FPQ-13123,10/21/13,ARV,111-MZ-T30,23-May-14,Truck,Pediatric,240,0.01,SCMS from RDC,N/A - From RDC,5343
29427,ASN-9568,Generic,Vietnam,28-Feb-11,28-Feb-11,300mg,Tablet,Yes,4885.33,Direct Drop,"Tenofovir Disoproxil Fumarate 300mg, tablets, 30 Tabs",53.79,3696,24948.0,PMO - US,Mylan (formerly Matrix) Nashik,Tenofovir Disoproxil Fumarate,6.75,10/14/10,SCMS-87760,FPQ-6384,9/30/10,ARV,108-VN-T30,28-Feb-11,Air,Adult,30,0.22,MYLAN LABORATORIES LTD (FORMERLY MATRIX LABORATORIES),EXW,314
76586,ASN-21949,Uni-Gold,Nigeria,24-Oct-13,01-Nov-13,MIssing,Test kit,Yes,15450.88,Direct Drop,"HIV 1/2, Uni-Gold HIV Kit, 20 Tests",251.56,6355,203360.0,PMO - US,"Trinity Biotech, Plc","HIV 1/2, Uni-Gold HIV Kit",32.0,07-10-13,SCMS-196550,FPQ-12456,06-10-13,HRDT,133-NG-T30,24-Oct-13,Air,HIV test,20,1.6,"Trinity Biotech, Plc",EXW,290
12915,DN-1437,Generic,Nigeria,20-Oct-09,20-Oct-09,150/300/200mg,Tablet - FDC,Yes,9341.49,From RDC,"Lamivudine/Nevirapine/Zidovudine 150/200/300mg, tablets, 60 Tabs",67.05,3001,34211.4,PMO - US,"Aurobindo Unit III, India",Lamivudine/Nevirapine/Zidovudine,11.4,N/A - From RDC,SO-33336,Pre-PQ Process,Date Not Captured,ARV,151-NG-T01,20-Oct-09,Air Charter,Adult,60,0.19,SCMS from RDC,N/A - From RDC,338
12565,DN-1178,Generic,Zambia,27-Apr-09,27-Apr-09,600mg,Tablet,Yes,13853.29,From RDC,"Efavirenz 600mg, tablets, 30 Tabs",1293.6,60000,660000.0,PMO - US,"Aurobindo Unit III, India",Efavirenz,11.0,N/A - From RDC,SO-17610,Pre-PQ Process,Pre-PQ Process,ARV,110-ZM-T01,27-Apr-09,Truck,Adult,30,0.37,SCMS from RDC,N/A - From RDC,5144
11228,DN-565,Aluvia,CÃte dIvoire,29-Jan-08,29-Jan-08,200/50mg,Tablet,Yes,9307,From RDC,"Lopinavir/Ritonavir 200/50mg [Aluvia], tablets, 120 Tabs",796.16,12107,497597.7,PMO - US,ABBVIE Ludwigshafen Germany,Lopinavir/Ritonavir,41.1,N/A - From RDC,SO-1111,Pre-PQ Process,Pre-PQ Process,ARV,104-CI-T01,29-Jan-08,Air,Adult,120,0.34,SCMS from RDC,N/A - From RDC,2647
84087,DN-2199,Generic,Ethiopia,30-May-11,30-May-11,300mg,Tablet,Yes,2976.29,From RDC,"Tenofovir Disoproxil Fumarate 300mg, tablets, 30 Tabs",108.4,10000,65700.0,PMO - US,Mylan (formerly Matrix) Nashik,Tenofovir Disoproxil Fumarate,6.57,N/A - From RDC,SO-38420,FPQ-7001,01-06-11,ARV,117-ET-T30,31-May-11,Air,Adult,30,0.22,SCMS from RDC,N/A - From RDC,716
86280,DN-1722,Generic,Nigeria,31-Mar-10,31-Mar-10,150/300/200mg,Tablet - FDC,Yes,Freight Included in Commodity Cost,From RDC,"Lamivudine/Nevirapine/Zidovudine 150/200/300mg, tablets, 60 Tabs",183.44,7583,85081.26,PMO - US,"Aurobindo Unit III, India",Lamivudine/Nevirapine/Zidovudine,11.22,N/A - From RDC,SO-35064,FPQ-4537,11-06-09,ARV,151-NG-T30,19-Apr-10,Air Charter,Adult,60,0.19,SCMS from RDC,N/A - From RDC,890
7734,ASN-3732,Zerit,South Africa,21-Jan-09,21-Jan-09,1mg/ml,Powder for oral solution,No,Freight Included in Commodity Cost,Direct Drop,"Stavudine 1mg/ml [Zerit], powder for oral solution, Bottle, 200 ml",1.45,650,741.0,PMO - US,"BMS Meymac, France",Stavudine,1.14,Date Not Captured,SCMS-41190,Pre-PQ Process,Pre-PQ Process,ARV,116-ZA-T01,30-Mar-09,Air,Pediatric,200,0.01,S. BUYS WHOLESALER,DDP,Weight Captured Separately
61493,ASN-22277,Determine,Dominican Republic,29-Oct-13,01-Nov-13,MIssing,Test kit - Ancillary,Yes,1428.23,Direct Drop,"Chase Buffer, Determine, 100 Tests, 2.5ml x 1 Vial",0,112,0.0,PMO - US,"Alere Medical Co., Ltd.","Chase Buffer, Determine, 100 Tests, 2.5ml x 1 Vial",0.0,08-07-13,SCMS-202330,FPQ-12359,06-04-13,HRDT,105-DO-T30,29-Oct-13,Air,HIV test - Ancillary,1,0.0,"Standard Diagnostics, Inc.",EXW,46
84713,DN-2595,Generic,Burundi,09-Apr-12,09-Apr-12,10mg/ml,Oral solution,No,See DN-2595 (ID#:83577),From RDC,"Lamivudine 10mg/ml, oral solution w/syringe, Bottle, 240 ml",0.62,240,444.0,PMO - US,"Aurobindo Unit III, India",Lamivudine,1.85,N/A - From RDC,SO-41540,FPQ-9229,1/25/12,ARV,102-BI-T30,26-Apr-12,Air,Pediatric,240,0.01,SCMS from RDC,N/A - From RDC,See DN-2595 (ID#:83577)
39895,ASN-30481,Colloidal Gold,Rwanda,18-Feb-15,19-Feb-15,MIssing,Test kit,Yes,35281.73,Direct Drop,"HIV 1/2, SKB Colloidal Gold, Diagnostic Kit, Antibody, 50 Tests",101.1,4014,98343.0,PMO - US,"KHB Test Kit Facility, Shanghai China","HIV 1/2, Colloidal Gold, Diagnostic Kit, Antibody",24.5,12/18/14,SCMS-263330,FPQ-15065,10/15/14,HRDT,107-RW-T30,18-Feb-15,Air,HIV test,1,24.5,"SHANGHAI KEHUA BIOENGINEERING CO.,LTD.  (KHB)",EXW,2676
10567,DN-159,Generic,CÃte dIvoire,04-Jun-07,04-Jun-07,15mg,Capsule,Yes,727,From RDC,"Stavudine 15mg, capsules, 60 Caps",MIssing,875,1881.25,PMO - US,"Aurobindo Unit III, India",Stavudine,2.15,N/A - From RDC,SO-556,Pre-PQ Process,Pre-PQ Process,ARV,104-CI-T01,04-Jun-07,MIssing,Adult,60,0.04,SCMS from RDC,N/A - From RDC,58
399,ASN-2117,Generic,Guyana,28-Jul-08,28-Jul-08,MIssing,Test kit - Ancillary,Yes,360,Direct Drop,"HIV, Lancet, Safety, for HIV Test kits, 100 Pcs",0,213,2.13,PMO - US,Inverness Japan,"HIV, Lancet, Safety, for HIV Test kits, 100 Pcs",0.01,2/28/08,SCMS-18500,Pre-PQ Process,Pre-PQ Process,HRDT,102-GY-T01,28-Jul-08,Air,HIV test - Ancillary,100,0.0,"Orgenics, Ltd",EXW,14
83477,DN-2079,Generic,Uganda,23-Dec-10,23-Dec-10,150/300/200mg,Tablet - FDC,Yes,103428,From RDC,"Lamivudine/Nevirapine/Zidovudine 150/200/300mg, tablets, 60 Tabs",3023.79,125000,1402500.0,PMO - US,"Aurobindo Unit III, India",Lamivudine/Nevirapine/Zidovudine,11.22,N/A - From RDC,SO-37530,FPQ-6427,9/29/10,ARV,114-UG-T30,31-Dec-10,Truck,Adult,60,0.19,SCMS from RDC,N/A - From RDC,16790
12488,DN-665,Generic,Mozambique,05-Jun-08,05-Jun-08,600mg,Tablet,Yes,3316.9,From RDC,"Efavirenz 600mg, tablets, 30 Tabs",671.42,33787,419634.54,PMO - US,"Aurobindo Unit III, India",Efavirenz,12.42,N/A - From RDC,SO-2015,Pre-PQ Process,Pre-PQ Process,ARV,111-MZ-T01,05-Jun-08,Air,Adult,30,0.41,SCMS from RDC,N/A - From RDC,6081
24819,ASN-16583,Determine,Guyana,15-Oct-12,15-Oct-12,MIssing,Test kit,Yes,8128.95,Direct Drop,"HIV 1/2, Determine Complete HIV Kit, 100 Tests",79.07,564,56400.0,PMO - US,"Alere Medical Co., Ltd.","HIV 1/2, Determine Complete HIV Kit",100.0,7/26/12,SCMS-153880,FPQ-10249,07-05-12,HRDT,105-GY-T30,15-Oct-12,Air,HIV test,100,1.0,"Orgenics, Ltd",EXW,272
82892,DN-1857,Generic,Ethiopia,01-Jun-10,01-Jun-10,150mg,Tablet,Yes,961.46,From RDC,"Lamivudine 150mg, tablets, 60 Tabs",0.36,69,168.36,PMO - US,"Aurobindo Unit III, India",Lamivudine,2.44,N/A - From RDC,SO-36690,FPQ-5581,4/28/10,ARV,117-ET-T30,21-Jun-10,Air,Adult,60,0.04,SCMS from RDC,N/A - From RDC,77
12196,DN-810,Generic,Mozambique,07-Aug-08,07-Aug-08,300mg,Tablet,No,See DN-810 (ID#:11257),From RDC,"Zidovudine 300mg, tablets, 60 Tabs",92.71,7110,57946.5,PMO - US,"Aurobindo Unit III, India",Zidovudine,8.15,N/A - From RDC,SO-2423,Pre-PQ Process,Pre-PQ Process,ARV,111-MZ-T01,07-Aug-08,Truck,Adult,60,0.14,SCMS from RDC,N/A - From RDC,See DN-810 (ID#:11257)
81961,ASN-19166,Generic,South Africa,16-Apr-13,16-Apr-13,30mg,Capsule,No,Freight Included in Commodity Cost,Direct Drop,"Stavudine 30mg, capsules, 60 Caps",45.96,9227,37157.67,South Africa Field Office,"Aurobindo Unit III, India",Stavudine,4.03,Date Not Captured,SCMS-183950,FPQ-11828,3/18/13,ARV,116-ZA-T30,16-Apr-13,Truck,Adult,60,0.07,S. BUYS WHOLESALER,DDP,Weight Captured Separately
29677,ASN-16021,Kaletra,Vietnam,29-Nov-12,29-Nov-12,80/20mg/ml,Oral solution,Yes,1015.98,Direct Drop,"Lopinavir/Ritonavir 80/20mg/ml [Kaletra], oral solution, cool, Bottle 5 x 60 ml",25.58,300,18246.0,PMO - US,ABBVIE (Abbott) Logis. UK,Lopinavir/Ritonavir,60.82,6/15/12,SCMS-145510,FPQ-9577,04-11-12,ARV,108-VN-T30,29-Nov-12,Air,Pediatric,300,0.2,ABBVIE LOGISTICS (FORMERLY ABBOTT LOGISTICS BV),FCA,275
81627,ASN-11735,Generic,Vietnam,13-Sep-11,13-Sep-11,600mg,Tablet,Yes,14589.33,Direct Drop,"Efavirenz 600mg, tablets, 30 Tabs",204.44,30000,123900.0,PMO - US,Hetero Unit III Hyderabad IN,Efavirenz,4.13,4/14/11,SCMS-105510,FPQ-7427,3/31/11,ARV,108-VN-T30,13-Sep-11,Air,Adult,30,0.14,HETERO LABS LIMITED,EXW,2957
33232,ASN-26594,Generic,Uganda,26-Jun-14,27-Jun-14,300/100mg,Tablet,Yes,1726.75,Direct Drop,"Atazanavir/Ritonavir 300/100mg, tablets, 30 Tabs",37.03,1801,36020.0,PMO - US,Mylan (formerly Matrix) Nashik,Atazanavir/Ritonavir,20.0,3/21/14,SCMS-231380,FPQ-13696,2/19/14,ARV,114-UG-T30,26-Jun-14,Air,Adult,30,0.67,MYLAN LABORATORIES LTD (FORMERLY MATRIX LABORATORIES),EXW,225
76496,ASN-33851,Generic,South Africa,24-Aug-15,24-Aug-15,10mg/ml,Oral solution,No,Freight Included in Commodity Cost,Direct Drop,"Lamivudine 10mg/ml, oral solution, Bottle, 240 ml",0.09,17,91.92,PMO - US,"Aurobindo Unit III, India",Lamivudine,5.41,10-09-14,SCMS-259079,FPQ-14942,09-11-14,ARV,116-ZA-T30,24-Aug-15,Truck,Pediatric,240,0.02,PHARMACY DIRECT,DDP,Weight Captured Separately
10707,DN-719,Generic,Zambia,09-May-08,09-May-08,150/300mg,Tablet - FDC,Yes,1891.44,From RDC,"Lamivudine/Zidovudine 150/300mg, tablets, 60 Tabs",609.64,40320,381024.0,PMO - US,"Aurobindo Unit III, India",Lamivudine/Zidovudine,9.45,N/A - From RDC,SO-1890,Pre-PQ Process,Pre-PQ Process,ARV,110-ZM-T01,09-May-08,MIssing,Adult,60,0.16,SCMS from RDC,N/A - From RDC,3750
31462,ASN-9365,Generic,Rwanda,10-Jan-11,10-Jan-11,250mg,Delayed-release capsules,Yes,Freight Included in Commodity Cost,Direct Drop,"Didanosine 250mg, delayed-release capsules, 30 Caps",17.43,610,8082.5,PMO - US,"Aurobindo Unit III, India",Didanosine,13.25,9/27/10,SCMS-84390,FPQ-6185,09-03-10,ARV,107-RW-T30,10-Jan-11,Air,Adult,30,0.44,Aurobindo Pharma Limited,CIP,Weight Captured Separately
